  <div class='ocr_page' id='page_1' title='image "/cluster/home/n/w/nwhite01/storage/ocr_20150623/12-13/uc1.31175013632818/182.png"; bbox 0 0 5220 6566; ppageno 0'>
   <div class='ocr_carea' id='block_1_1' title="bbox 125 330 2186 422">
    <p class='ocr_par' dir='ltr' id='par_1_1' title="bbox 125 330 2186 422">
     <span class='ocr_line' id='line_1_1' title="bbox 125 330 2186 422; baseline -0.006 -1"><span class='ocrx_word' id='word_1_1' title='bbox 125 367 219 422; x_wconf 71' lang='lat' dir='ltr'><strong>5m</strong></span> <span class='ocrx_word' id='word_1_2' title='bbox 872 398 873 401; x_wconf 35' lang='grc' dir='ltr'>γ</span> <span class='ocrx_word' id='word_1_3' title='bbox 1052 357 1501 419; x_wconf 79' lang='lat' dir='ltr'><strong>EVANGELIUM</strong></span> <span class='ocrx_word' id='word_1_4' title='bbox 1540 330 1904 415; x_wconf 81' lang='lat' dir='ltr'><strong>SECUNDUM</strong></span> <span class='ocrx_word' id='word_1_5' title='bbox 1943 354 2186 411; x_wconf 71' lang='lat' dir='ltr'><strong>unm</strong></span> 
     </span>
    </p>
   </div>
   <div class='ocr_carea' id='block_1_2' title="bbox 1288 330 3349 422">
    <p class='ocr_par' dir='ltr' id='par_1_2' title="bbox 1295 330 3349 417">
     <span class='ocr_line' id='line_1_2' title="bbox 1295 330 3349 417; baseline -0.008 0"><span class='ocrx_word' id='word_1_6' title='bbox 1295 357 1501 417; x_wconf 76' lang='lat' dir='ltr'><strong>mou</strong></span> <span class='ocrx_word' id='word_1_7' title='bbox 1540 330 1904 415; x_wconf 78' lang='lat' dir='ltr'><strong>SECUNDUM</strong></span> <span class='ocrx_word' id='word_1_8' title='bbox 1943 353 2369 415; x_wconf 65' lang='lat' dir='ltr'><strong>auruncum.</strong></span> <span class='ocrx_word' id='word_1_9' title='bbox 2960 397 2963 400; x_wconf 72' lang='grc'>,</span> <span class='ocrx_word' id='word_1_10' title='bbox 3202 402 3203 405; x_wconf 15' lang='grc' dir='ltr'>γ</span> <span class='ocrx_word' id='word_1_11' title='bbox 3247 346 3349 401; x_wconf 62' lang='lat' dir='ltr'><strong>nso</strong></span> 
     </span>
    </p>
   </div>
   <div class='ocr_carea' id='block_1_3' title="bbox 496 474 1289 535">
    <p class='ocr_par' dir='ltr' id='par_1_3' title="bbox 496 474 1289 535">
     <span class='ocr_line' id='line_1_3' title="bbox 496 474 1289 535; baseline -0.008 -1"><span class='ocrx_word' id='word_1_12' title='bbox 496 478 723 535; x_wconf 74' lang='lat' dir='ltr'><strong>COIiEX</strong></span> <span class='ocrx_word' id='word_1_13' title='bbox 764 474 1289 533; x_wconf 77' lang='lat' dir='ltr'><strong>VERGELLENSIS.</strong></span> 
     </span>
    </p>
   </div>
   <div class='ocr_carea' id='block_1_4' title="bbox 124 564 1326 641">
    <p class='ocr_par' dir='ltr' id='par_1_4' title="bbox 124 564 1326 641">
     <span class='ocr_line' id='line_1_4' title="bbox 124 564 1326 641; baseline -0.007 -15"><span class='ocrx_word' id='word_1_14' title='bbox 124 572 166 626; x_wconf 83' lang='lat' dir='ltr'><strong>ll</strong></span> <span class='ocrx_word' id='word_1_15' title='bbox 206 611 219 625; x_wconf 92' lang='lat'><strong>.</strong></span> <span class='ocrx_word' id='word_1_16' title='bbox 263 610 275 625; x_wconf 93' lang='lat'><strong>.</strong></span> <span class='ocrx_word' id='word_1_17' title='bbox 304 569 532 641; x_wconf 88' lang='lat' dir='ltr'><strong>betis(a)</strong></span> <span class='ocrx_word' id='word_1_18' title='bbox 568 587 691 627; x_wconf 82' lang='lat' dir='ltr'><strong>cns-</strong></span> <span class='ocrx_word' id='word_1_19' title='bbox 803 634 805 639; x_wconf 16' lang='lat'><strong>,</strong></span> <span class='ocrx_word' id='word_1_20' title='bbox 914 568 1079 641; x_wconf 62' lang='lat' dir='ltr'><strong>velut</strong></span> <span class='ocrx_word' id='word_1_21' title='bbox 1106 564 1326 641; x_wconf 82' lang='lat' dir='ltr'><strong>mortui.</strong></span> 
     </span>
    </p>
   </div>
   <div class='ocr_carea' id='block_1_5' title="bbox 123 636 1488 713">
    <p class='ocr_par' dir='ltr' id='par_1_5' title="bbox 123 636 1488 713">
     <span class='ocr_line' id='line_1_5' title="bbox 123 636 1488 713; baseline -0.007 -18"><span class='ocrx_word' id='word_1_22' title='bbox 123 641 268 713; x_wconf 83' lang='lat' dir='ltr'><strong>todes</strong></span> <span class='ocrx_word' id='word_1_23' title='bbox 288 642 349 713; x_wconf 61' lang='grc' dir='ltr'><strong>αἶ’,</strong></span> <span class='ocrx_word' id='word_1_24' title='bbox 376 636 617 707; x_wconf 49' lang='grc' dir='ltr'><strong>ἱιθζέυε-</strong></span> <span class='ocrx_word' id='word_1_25' title='bbox 794 636 805 701; x_wconf 68' lang='grc' dir='ltr'><em>ί</em></span> <span class='ocrx_word' id='word_1_26' title='bbox 876 662 877 665; x_wconf 50' lang='grc' dir='ltr'><strong>η</strong></span> <span class='ocrx_word' id='word_1_27' title='bbox 935 639 987 693; x_wconf 86' lang='grc'><strong>5.</strong></span> <span class='ocrx_word' id='word_1_28' title='bbox 1017 636 1376 713; x_wconf 73' lang='lat' dir='ltr'><strong>Respondeas</strong></span> <span class='ocrx_word' id='word_1_29' title='bbox 1396 648 1488 713; x_wconf 86' lang='lat' dir='ltr'><strong>au-</strong></span> 
     </span>
    </p>
   </div>
   <div class='ocr_carea' id='block_1_6' title="bbox 124 706 1291 786">
    <p class='ocr_par' dir='ltr' id='par_1_6' title="bbox 124 706 1291 786">
     <span class='ocr_line' id='line_1_6' title="bbox 124 706 1291 786; baseline -0.006 -21"><span class='ocrx_word' id='word_1_30' title='bbox 124 712 284 786; x_wconf 74' lang='lat' dir='ltr'><strong>todite</strong></span> <span class='ocrx_word' id='word_1_31' title='bbox 302 706 466 786; x_wconf 65' lang='lat' dir='ltr'><strong>sicut.</strong></span> <span class='ocrx_word' id='word_1_32' title='bbox 599 737 605 744; x_wconf 87' lang='lat'><strong><em>-</em></strong></span> <span class='ocrx_word' id='word_1_33' title='bbox 640 772 656 786; x_wconf 27' lang='grc' dir='ltr'>Ἄ</span> <span class='ocrx_word' id='word_1_34' title='bbox 933 715 1038 786; x_wconf 65' lang='lat' dir='ltr'><strong>teni</strong></span> <span class='ocrx_word' id='word_1_35' title='bbox 1058 706 1291 786; x_wconf 69' lang='lat' dir='ltr'><strong>angeius</strong></span> 
     </span>
    </p>
   </div>
   <div class='ocr_carea' id='block_1_7' title="bbox 121 775 1321 849">
    <p class='ocr_par' dir='ltr' id='par_1_7' title="bbox 121 775 1321 849">
     <span class='ocr_line' id='line_1_7' title="bbox 121 775 1321 849; baseline -0.007 -13"><span class='ocrx_word' id='word_1_36' title='bbox 121 781 206 837; x_wconf 75' lang='lat'><strong>66.</strong></span> <span class='ocrx_word' id='word_1_37' title='bbox 244 781 395 836; x_wconf 88' lang='lat' dir='ltr'><strong>scitis</strong></span> <span class='ocrx_word' id='word_1_38' title='bbox 425 820 438 833; x_wconf 95' lang='lat'><strong>.</strong></span> <span class='ocrx_word' id='word_1_39' title='bbox 482 821 495 834; x_wconf 93' lang='lat'><strong>.</strong></span> <span class='ocrx_word' id='word_1_40' title='bbox 540 818 552 833; x_wconf 88' lang='lat'><strong>.</strong></span> <span class='ocrx_word' id='word_1_41' title='bbox 597 820 612 834; x_wconf 93' lang='lat'><strong>.</strong></span> <span class='ocrx_word' id='word_1_42' title='bbox 640 775 860 836; x_wconf 84' lang='lat' dir='ltr'><strong>iautem</strong></span> <span class='ocrx_word' id='word_1_43' title='bbox 920 777 1062 849; x_wconf 75' lang='lat' dir='ltr'><strong>dixit</strong></span> <span class='ocrx_word' id='word_1_44' title='bbox 1083 775 1321 849; x_wconf 75' lang='lat' dir='ltr'><strong>mulieri-</strong></span> 
     </span>
    </p>
   </div>
   <div class='ocr_carea' id='block_1_8' title="bbox 178 843 1363 909">
    <p class='ocr_par' dir='ltr' id='par_1_8' title="bbox 178 843 1363 909">
     <span class='ocr_line' id='line_1_8' title="bbox 178 843 1363 909; baseline -0.008 -4"><span class='ocrx_word' id='word_1_45' title='bbox 178 893 191 905; x_wconf 94' lang='lat'><strong>.</strong></span> <span class='ocrx_word' id='word_1_46' title='bbox 237 891 251 905; x_wconf 93' lang='lat'><strong>.</strong></span> <span class='ocrx_word' id='word_1_47' title='bbox 283 859 443 906; x_wconf 91' lang='lat' dir='ltr'><strong>eunte</strong></span> <span class='ocrx_word' id='word_1_48' title='bbox 475 890 488 903; x_wconf 95' lang='lat'><strong>.</strong></span> <span class='ocrx_word' id='word_1_49' title='bbox 521 860 548 905; x_wconf 87' lang='lat'><strong>&#39;.</strong></span> <span class='ocrx_word' id='word_1_50' title='bbox 578 866 695 905; x_wconf 86' lang='lat' dir='ltr'><strong>mu-</strong></span> <span class='ocrx_word' id='word_1_51' title='bbox 920 844 1066 902; x_wconf 88' lang='lat' dir='ltr'><strong>bus:</strong></span> <span class='ocrx_word' id='word_1_52' title='bbox 1092 843 1267 909; x_wconf 77' lang='lat' dir='ltr'><strong>Nolite</strong></span> <span class='ocrx_word' id='word_1_53' title='bbox 1299 844 1363 897; x_wconf 91' lang='lat' dir='ltr'><strong>ti-</strong></span> 
     </span>
    </p>
   </div>
   <div class='ocr_carea' id='block_1_9' title="bbox 124 914 1375 976">
    <p class='ocr_par' dir='ltr' id='par_1_9' title="bbox 124 914 1375 976">
     <span class='ocr_line' id='line_1_9' title="bbox 124 914 1375 976; baseline -0.01 0"><span class='ocrx_word' id='word_1_54' title='bbox 124 962 135 976; x_wconf 95' lang='lat'><strong>.</strong></span> <span class='ocrx_word' id='word_1_55' title='bbox 177 960 191 975; x_wconf 95' lang='lat'><strong>.</strong></span> <span class='ocrx_word' id='word_1_56' title='bbox 234 962 247 974; x_wconf 96' lang='lat'><strong>.</strong></span> <span class='ocrx_word' id='word_1_57' title='bbox 289 961 303 974; x_wconf 94' lang='lat'><strong>.</strong></span> <span class='ocrx_word' id='word_1_58' title='bbox 331 928 536 976; x_wconf 86' lang='lat' dir='ltr'><strong>untse-</strong></span> <span class='ocrx_word' id='word_1_59' title='bbox 930 930 1078 971; x_wconf 89' lang='lat' dir='ltr'><strong>mere</strong></span> <span class='ocrx_word' id='word_1_60' title='bbox 1110 930 1199 968; x_wconf 86' lang='lat' dir='ltr'><strong>vos</strong></span> <span class='ocrx_word' id='word_1_61' title='bbox 1226 932 1239 967; x_wconf 91' lang='lat'>:</span> <span class='ocrx_word' id='word_1_62' title='bbox 1264 914 1375 968; x_wconf 89' lang='lat' dir='ltr'><strong>scio</strong></span> 
     </span>
    </p>
   </div>
   <div class='ocr_carea' id='block_1_10' title="bbox 117 983 1253 1061">
    <p class='ocr_par' dir='ltr' id='par_1_10' title="bbox 117 983 1253 1061">
     <span class='ocr_line' id='line_1_10' title="bbox 117 983 1253 1061; baseline -0.006 -17"><span class='ocrx_word' id='word_1_63' title='bbox 117 991 425 1061; x_wconf 70' lang='lat' dir='ltr'><strong>pulchrum,</strong></span> <span class='ocrx_word' id='word_1_64' title='bbox 627 1035 675 1059; x_wconf 16' lang='grc' dir='ltr'><strong>,ν</strong></span> <span class='ocrx_word' id='word_1_65' title='bbox 741 1058 743 1060; x_wconf 19' lang='grc' dir='ltr'><strong>η</strong></span> <span class='ocrx_word' id='word_1_66' title='bbox 929 986 1091 1061; x_wconf 75' lang='lat' dir='ltr'><strong>enim,</strong></span> <span class='ocrx_word' id='word_1_67' title='bbox 1113 983 1253 1061; x_wconf 80' lang='lat' dir='ltr'><strong>quod</strong></span> 
     </span>
    </p>
   </div>
   <div class='ocr_carea' id='block_1_11' title="bbox 116 1053 1399 1130">
    <p class='ocr_par' dir='ltr' id='par_1_11' title="bbox 116 1053 1399 1130">
     <span class='ocr_line' id='line_1_11' title="bbox 116 1053 1399 1130; baseline -0.01 -14"><span class='ocrx_word' id='word_1_68' title='bbox 116 1053 388 1130; x_wconf 74' lang='lat' dir='ltr'><strong>signantes</strong></span> <span class='ocrx_word' id='word_1_69' title='bbox 414 1060 492 1114; x_wconf 84' lang='lat' dir='ltr'><strong>la-</strong></span> <span class='ocrx_word' id='word_1_70' title='bbox 672 1058 675 1059; x_wconf 57' lang='grc'><strong><em>⁷</em></strong></span> <span class='ocrx_word' id='word_1_71' title='bbox 741 1058 743 1060; x_wconf 72' lang='grc'><strong><em>’</em></strong></span> <span class='ocrx_word' id='word_1_72' title='bbox 839 1063 867 1125; x_wconf 62' lang='grc' dir='ltr'>ξ</span> <span class='ocrx_word' id='word_1_73' title='bbox 929 1053 1399 1130; x_wconf 49' lang='grc' dir='ltr'><strong>,Ιβξιιιηίᾳυίονιμ</strong></span> 
     </span>
    </p>
   </div>
   <div class='ocr_carea' id='block_1_12' title="bbox 117 1124 1442 1199">
    <p class='ocr_par' dir='ltr' id='par_1_12' title="bbox 117 1124 1442 1199">
     <span class='ocr_line' id='line_1_12' title="bbox 117 1124 1442 1199; baseline -0.008 -14"><span class='ocrx_word' id='word_1_74' title='bbox 117 1124 313 1199; x_wconf 74' lang='lat' dir='ltr'><strong>pidem,</strong></span> <span class='ocrx_word' id='word_1_75' title='bbox 342 1144 461 1185; x_wconf 89' lang='lat' dir='ltr'><strong>cum</strong></span> <span class='ocrx_word' id='word_1_76' title='bbox 929 1124 1119 1199; x_wconf 82' lang='lat' dir='ltr'><strong>cilixus</strong></span> <span class='ocrx_word' id='word_1_77' title='bbox 1139 1133 1238 1188; x_wconf 88' lang='lat' dir='ltr'><strong>est,</strong></span> <span class='ocrx_word' id='word_1_78' title='bbox 1274 1134 1442 1199; x_wconf 44' lang='lat' dir='ltr'><strong>quaef</strong></span> 
     </span>
    </p>
   </div>
   <div class='ocr_carea' id='block_1_13' title="bbox 114 1194 1425 1264">
    <p class='ocr_par' dir='ltr' id='par_1_13' title="bbox 114 1194 1425 1264">
     <span class='ocr_line' id='line_1_13' title="bbox 114 1194 1425 1264; baseline -0.009 -9"><span class='ocrx_word' id='word_1_79' title='bbox 114 1194 445 1256; x_wconf 76' lang='lat' dir='ltr'><strong>custodibus.</strong></span> <span class='ocrx_word' id='word_1_80' title='bbox 917 1196 981 1264; x_wconf 20' lang='lat'><strong>,6.</strong></span> <span class='ocrx_word' id='word_1_81' title='bbox 1024 1194 1139 1248; x_wconf 86' lang='lat' dir='ltr'><strong>ritis</strong></span> <span class='ocrx_word' id='word_1_82' title='bbox 1166 1210 1177 1245; x_wconf 91' lang='lat'><strong><em>:</em></strong></span> <span class='ocrx_word' id='word_1_83' title='bbox 1210 1208 1314 1264; x_wconf 82' lang='lat' dir='ltr'><strong>non</strong></span> <span class='ocrx_word' id='word_1_84' title='bbox 1343 1198 1425 1245; x_wconf 91' lang='lat' dir='ltr'><strong>est</strong></span> 
     </span>
    </p>
   </div>
   <div class='ocr_carea' id='block_1_14' title="bbox 150 1264 1415 1399">
    <p class='ocr_par' dir='ltr' id='par_1_14' title="bbox 150 1264 1415 1399">
     <span class='ocr_line' id='line_1_14' title="bbox 150 1264 1415 1399; baseline -0.011 -32"><span class='ocrx_word' id='word_1_85' title='bbox 150 1352 157 1359; x_wconf 92' lang='lat'><strong>.</strong></span> <span class='ocrx_word' id='word_1_86' title='bbox 230 1310 456 1369; x_wconf 81' lang='lat' dir='ltr'><strong>CAPUT</strong></span> <span class='ocrx_word' id='word_1_87' title='bbox 493 1307 771 1399; x_wconf 18' lang='lat' dir='ltr'><strong>XXVIII.‘</strong></span> <span class='ocrx_word' id='word_1_88' title='bbox 929 1264 1318 1397; x_wconf 39' lang='lat'><strong>2335,8253“</strong></span> <span class='ocrx_word' id='word_1_89' title='bbox 1412 1282 1415 1285; x_wconf 76' lang='grc'><em>’</em></span> 
     </span>
    </p>
   </div>
   <div class='ocr_carea' id='block_1_15' title="bbox 111 1384 1347 1471">
    <p class='ocr_par' dir='ltr' id='par_1_15' title="bbox 111 1384 1347 1471">
     <span class='ocr_line' id='line_1_15' title="bbox 111 1384 1347 1471; baseline -0.003 -14"><span class='ocrx_word' id='word_1_90' title='bbox 111 1384 345 1458; x_wconf 77' lang='lat' dir='ltr'><strong>LXXIV.</strong></span> <span class='ocrx_word' id='word_1_91' title='bbox 384 1398 665 1470; x_wconf 48' lang='lat' dir='ltr'><strong>ii&#39;Vespe-</strong></span> <span class='ocrx_word' id='word_1_92' title='bbox 768 1392 771 1399; x_wconf 78' lang='lat'>‘</span> <span class='ocrx_word' id='word_1_93' title='bbox 902 1384 1106 1471; x_wconf 53' lang='lat' dir='ltr'><strong>{tibi}</strong></span> <span class='ocrx_word' id='word_1_94' title='bbox 1136 1384 1347 1471; x_wconf 77' lang='lat' dir='ltr'><strong>Venite,</strong></span> 
     </span>
    </p>
   </div>
   <div class='ocr_carea' id='block_1_16' title="bbox 111 1470 1281 1528">
    <p class='ocr_par' dir='ltr' id='par_1_16' title="bbox 111 1470 1281 1528">
     <span class='ocr_line' id='line_1_16' title="bbox 111 1470 1281 1528; baseline -0.005 -1"><span class='ocrx_word' id='word_1_95' title='bbox 111 1490 170 1527; x_wconf 88' lang='lat' dir='ltr'><strong>re</strong></span> <span class='ocrx_word' id='word_1_96' title='bbox 196 1481 374 1527; x_wconf 81' lang='lat' dir='ltr'><strong>autem</strong></span> <span class='ocrx_word' id='word_1_97' title='bbox 402 1471 524 1525; x_wconf 84' lang='lat' dir='ltr'><strong>sab-</strong></span> <span class='ocrx_word' id='word_1_98' title='bbox 548 1514 554 1519; x_wconf 62' lang='lat'><strong>.</strong></span> <span class='ocrx_word' id='word_1_99' title='bbox 907 1482 982 1528; x_wconf 92' lang='lat' dir='ltr'><strong>-et</strong></span> <span class='ocrx_word' id='word_1_100' title='bbox 1009 1472 1183 1525; x_wconf 91' lang='lat' dir='ltr'><strong>videte</strong></span> <span class='ocrx_word' id='word_1_101' title='bbox 1204 1470 1281 1522; x_wconf 65' lang='lat' dir='ltr'><strong>Io»</strong></span> 
     </span>
    </p>
   </div>
   <div class='ocr_carea' id='block_1_17' title="bbox 111 1540 1351 1615">
    <p class='ocr_par' dir='ltr' id='par_1_17' title="bbox 111 1540 1351 1615">
     <span class='ocr_line' id='line_1_17' title="bbox 111 1540 1351 1615; baseline -0.003 -19"><span class='ocrx_word' id='word_1_102' title='bbox 111 1540 509 1615; x_wconf 77' lang='lat' dir='ltr'><strong>bati,_q_uaelu-</strong></span> <span class='ocrx_word' id='word_1_103' title='bbox 678 1552 682 1556; x_wconf 74' lang='lat'>‘</span> <span class='ocrx_word' id='word_1_104' title='bbox 782 1582 791 1611; x_wconf 51' lang='grc' dir='ltr'>ί</span> <span class='ocrx_word' id='word_1_105' title='bbox 920 1540 1351 1615; x_wconf 29' lang='grc' dir='ltr'><strong>νοιιπιωδζροεῇ-</strong></span> 
     </span>
    </p>
   </div>
   <div class='ocr_carea' id='block_1_18' title="bbox 110 1608 1451 1680">
    <p class='ocr_par' dir='ltr' id='par_1_18' title="bbox 110 1608 1451 1680">
     <span class='ocr_line' id='line_1_18' title="bbox 110 1608 1451 1680; baseline -0.001 -15"><span class='ocrx_word' id='word_1_106' title='bbox 110 1608 351 1680; x_wconf 82' lang='lat' dir='ltr'><strong>eescitin</strong></span> <span class='ocrx_word' id='word_1_107' title='bbox 382 1608 491 1680; x_wconf 87' lang='lat' dir='ltr'><strong>pri-</strong></span> <span class='ocrx_word' id='word_1_108' title='bbox 536 1666 539 1671; x_wconf 56' lang='grc'><em>,</em></span> <span class='ocrx_word' id='word_1_109' title='bbox 636 1652 639 1653; x_wconf 44' lang='grc' dir='ltr'><em>ν</em></span> <span class='ocrx_word' id='word_1_110' title='bbox 682 1626 687 1632; x_wconf 78' lang='grc'><strong>’</strong></span> <span class='ocrx_word' id='word_1_111' title='bbox 768 1608 789 1639; x_wconf 69' lang='grc'><strong>-’</strong></span> <span class='ocrx_word' id='word_1_112' title='bbox 931 1622 1014 1666; x_wconf 89' lang='lat' dir='ltr'><strong>tus</strong></span> <span class='ocrx_word' id='word_1_113' title='bbox 1038 1608 1145 1665; x_wconf 80' lang='lat' dir='ltr'><strong>erat</strong></span> <span class='ocrx_word' id='word_1_114' title='bbox 1176 1610 1451 1664; x_wconf 82' lang='lat' dir='ltr'><strong>Dominus.</strong></span> 
     </span>
    </p>
   </div>
   <div class='ocr_carea' id='block_1_19' title="bbox 80 1678 1402 1743">
    <p class='ocr_par' dir='ltr' id='par_1_19' title="bbox 80 1678 1402 1743">
     <span class='ocr_line' id='line_1_19' title="bbox 80 1678 1402 1743; baseline 0 -10"><span class='ocrx_word' id='word_1_115' title='bbox 80 1740 83 1743; x_wconf 95' lang='lat'><em>_</em></span> <span class='ocrx_word' id='word_1_116' title='bbox 109 1678 191 1733; x_wconf 75' lang='lat' dir='ltr'><strong>ma</strong></span> <span class='ocrx_word' id='word_1_117' title='bbox 223 1678 430 1735; x_wconf 80' lang='lat' dir='ltr'><strong>sabbati</strong></span> <span class='ocrx_word' id='word_1_118' title='bbox 449 1719 464 1743; x_wconf 87' lang='lat'><strong>,</strong></span> <span class='ocrx_word' id='word_1_119' title='bbox 489 1687 573 1733; x_wconf 66' lang='grc' dir='ltr'><strong>νε·</strong></span> <span class='ocrx_word' id='word_1_120' title='bbox 820 1706 829 1720; x_wconf 74' lang='grc' dir='ltr'>ι</span> <span class='ocrx_word' id='word_1_121' title='bbox 930 1684 980 1735; x_wconf 92' lang='grc'><strong>7.</strong></span> <span class='ocrx_word' id='word_1_122' title='bbox 1022 1682 1087 1735; x_wconf 80' lang='lat' dir='ltr'><strong>Et</strong></span> <span class='ocrx_word' id='word_1_123' title='bbox 1112 1681 1273 1738; x_wconf 88' lang='lat' dir='ltr'><strong>dicite</strong></span> <span class='ocrx_word' id='word_1_124' title='bbox 1294 1680 1402 1733; x_wconf 86' lang='lat' dir='ltr'><strong>dis-</strong></span> 
     </span>
    </p>
   </div>
   <div class='ocr_carea' id='block_1_20' title="bbox 107 1749 1253 1821">
    <p class='ocr_par' dir='ltr' id='par_1_20' title="bbox 107 1749 1253 1821">
     <span class='ocr_line' id='line_1_20' title="bbox 107 1749 1253 1821; baseline -0.001 -18"><span class='ocrx_word' id='word_1_125' title='bbox 107 1750 184 1821; x_wconf 87' lang='lat' dir='ltr'><strong>nit</strong></span> <span class='ocrx_word' id='word_1_126' title='bbox 212 1749 371 1821; x_wconf 79' lang='lat' dir='ltr'><strong>Maria</strong></span> <span class='ocrx_word' id='word_1_127' title='bbox 830 1801 835 1809; x_wconf 76' lang='grc'><em>,</em></span> <span class='ocrx_word' id='word_1_128' title='bbox 878 1818 879 1821; x_wconf 19' lang='grc' dir='ltr'><strong>η</strong></span> <span class='ocrx_word' id='word_1_129' title='bbox 928 1752 1113 1820; x_wconf 84' lang='lat' dir='ltr'><strong>cipulis</strong></span> <span class='ocrx_word' id='word_1_130' title='bbox 1135 1750 1253 1817; x_wconf 86' lang='lat' dir='ltr'><strong>ejus</strong></span> 
     </span>
    </p>
   </div>
   <div class='ocr_carea' id='block_1_21' title="bbox 110 1820 1397 1891">
    <p class='ocr_par' dir='ltr' id='par_1_21' title="bbox 110 1820 1397 1891">
     <span class='ocr_line' id='line_1_21' title="bbox 110 1820 1397 1891; baseline -0.002 -18"><span class='ocrx_word' id='word_1_131' title='bbox 110 1820 470 1891; x_wconf 72' lang='lat' dir='ltr'><strong>Magdalenae,</strong></span> <span class='ocrx_word' id='word_1_132' title='bbox 928 1824 1048 1891; x_wconf 85' lang='lat' dir='ltr'><strong>quia</strong></span> <span class='ocrx_word' id='word_1_133' title='bbox 1070 1834 1249 1873; x_wconf 86' lang='lat' dir='ltr'><strong>surre-</strong></span> <span class='ocrx_word' id='word_1_134' title='bbox 1396 1868 1397 1871; x_wconf 44' lang='grc' dir='ltr'><strong>η</strong></span> 
     </span>
    </p>
   </div>
   <div class='ocr_carea' id='block_1_22' title="bbox 106 1888 1365 1957">
    <p class='ocr_par' dir='ltr' id='par_1_22' title="bbox 106 1888 1365 1957">
     <span class='ocr_line' id='line_1_22' title="bbox 106 1888 1365 1957; baseline -0.001 -13"><span class='ocrx_word' id='word_1_135' title='bbox 106 1898 163 1944; x_wconf 89' lang='lat' dir='ltr'><strong>et</strong></span> <span class='ocrx_word' id='word_1_136' title='bbox 187 1890 355 1943; x_wconf 86' lang='lat' dir='ltr'><strong>altera</strong></span> <span class='ocrx_word' id='word_1_137' title='bbox 382 1888 489 1942; x_wconf 84' lang='lat' dir='ltr'><strong>Ma-</strong></span> <span class='ocrx_word' id='word_1_138' title='bbox 927 1888 1037 1946; x_wconf 72' lang='lat' dir='ltr'><strong>iit:</strong></span> <span class='ocrx_word' id='word_1_139' title='bbox 1070 1899 1124 1943; x_wconf 90' lang='lat' dir='ltr'><strong>et</strong></span> <span class='ocrx_word' id='word_1_140' title='bbox 1148 1902 1365 1957; x_wconf 84' lang='lat' dir='ltr'><strong>praece-</strong></span> 
     </span>
    </p>
   </div>
   <div class='ocr_carea' id='block_1_23' title="bbox 106 1958 1322 2027">
    <p class='ocr_par' dir='ltr' id='par_1_23' title="bbox 106 1958 1322 2027">
     <span class='ocr_line' id='line_1_23' title="bbox 106 1958 1322 2027; baseline 0 -16"><span class='ocrx_word' id='word_1_141' title='bbox 106 1961 204 2025; x_wconf 84' lang='lat' dir='ltr'><strong>ria,</strong></span> <span class='ocrx_word' id='word_1_142' title='bbox 233 1959 527 2027; x_wconf 69' lang='lat' dir='ltr'><strong>viderese—</strong></span> <span class='ocrx_word' id='word_1_143' title='bbox 925 1962 998 2015; x_wconf 90' lang='lat' dir='ltr'><strong>dit</strong></span> <span class='ocrx_word' id='word_1_144' title='bbox 1027 1976 1119 2015; x_wconf 92' lang='lat' dir='ltr'><strong>vos</strong></span> <span class='ocrx_word' id='word_1_145' title='bbox 1140 1961 1191 2012; x_wconf 91' lang='lat' dir='ltr'><strong>in</strong></span> <span class='ocrx_word' id='word_1_146' title='bbox 1219 1958 1322 2014; x_wconf 84' lang='lat' dir='ltr'><strong>Ga-</strong></span> 
     </span>
    </p>
   </div>
   <div class='ocr_carea' id='block_1_24' title="bbox 146 2028 1330 2085">
    <p class='ocr_par' dir='ltr' id='par_1_24' title="bbox 146 2028 1330 2085">
     <span class='ocr_line' id='line_1_24' title="bbox 146 2028 1330 2085; baseline 0.001 -5"><span class='ocrx_word' id='word_1_147' title='bbox 146 2030 408 2083; x_wconf 79' lang='lat' dir='ltr'><strong>ulclirum.</strong></span> <span class='ocrx_word' id='word_1_148' title='bbox 925 2028 1084 2085; x_wconf 53' lang='lat' dir='ltr'><strong>Iilea&#39;:</strong></span> <span class='ocrx_word' id='word_1_149' title='bbox 1116 2031 1186 2083; x_wconf 81' lang='lat' dir='ltr'><strong>ibi</strong></span> <span class='ocrx_word' id='word_1_150' title='bbox 1212 2044 1330 2083; x_wconf 89' lang='lat' dir='ltr'><strong>cum</strong></span> 
     </span>
    </p>
   </div>
   <div class='ocr_carea' id='block_1_25' title="bbox 102 2044 1428 2165">
    <p class='ocr_par' dir='ltr' id='par_1_25' title="bbox 102 2044 1428 2165">
     <span class='ocr_line' id='line_1_25' title="bbox 146 2044 1330 2085; baseline 0.001 -5"><span class='ocrx_word' id='word_1_151' title='bbox 146 2044 408 2083; x_wconf 85' lang='lat' dir='ltr'><strong>utcurum.</strong></span> <span class='ocrx_word' id='word_1_152' title='bbox 925 2044 1041 2085; x_wconf 87' lang='lat' dir='ltr'><strong>mea</strong></span> <span class='ocrx_word' id='word_1_153' title='bbox 1071 2049 1084 2084; x_wconf 75' lang='grc' dir='ltr'>ζ</span> <span class='ocrx_word' id='word_1_154' title='bbox 1116 2044 1186 2083; x_wconf 76' lang='grc' dir='ltr'>ιιιι</span> <span class='ocrx_word' id='word_1_155' title='bbox 1212 2044 1330 2083; x_wconf 89' lang='lat' dir='ltr'><strong>eum</strong></span> 
     </span>
     <span class='ocr_line' id='line_1_26' title="bbox 102 2044 1428 2165; baseline -0.001 -13"><span class='ocrx_word' id='word_1_156' title='bbox 102 2044 158 2152; x_wconf 54' lang='grc' dir='ltr'><strong>ἓ.</strong></span> <span class='ocrx_word' id='word_1_157' title='bbox 200 2098 271 2151; x_wconf 84' lang='lat' dir='ltr'><strong>Et</strong></span> <span class='ocrx_word' id='word_1_158' title='bbox 292 2112 417 2153; x_wconf 90' lang='lat' dir='ltr'><strong>ecce</strong></span> <span class='ocrx_word' id='word_1_159' title='bbox 440 2106 643 2155; x_wconf 86' lang='lat' dir='ltr'><strong>terrae-</strong></span> <span class='ocrx_word' id='word_1_160' title='bbox 678 2140 681 2145; x_wconf 57' lang='grc' dir='ltr'><em>ς</em></span> <span class='ocrx_word' id='word_1_161' title='bbox 926 2100 1191 2155; x_wconf 78' lang='lat' dir='ltr'><strong>videbitis.</strong></span> <span class='ocrx_word' id='word_1_162' title='bbox 1227 2100 1299 2165; x_wconf 78' lang='grc' dir='ltr'><strong>(ε)</strong></span> <span class='ocrx_word' id='word_1_163' title='bbox 1329 2098 1428 2151; x_wconf 84' lang='lat' dir='ltr'><strong>Ec-</strong></span> 
     </span>
    </p>
   </div>
   <div class='ocr_carea' id='block_1_26' title="bbox 106 2168 1365 2242">
    <p class='ocr_par' dir='ltr' id='par_1_26' title="bbox 106 2168 1365 2242">
     <span class='ocr_line' id='line_1_27' title="bbox 106 2168 1365 2242; baseline -0.001 -20"><span class='ocrx_word' id='word_1_164' title='bbox 106 2178 284 2242; x_wconf 81' lang='lat' dir='ltr'><strong>motus</strong></span> <span class='ocrx_word' id='word_1_165' title='bbox 313 2168 485 2222; x_wconf 85' lang='lat' dir='ltr'><strong>lactus</strong></span> <span class='ocrx_word' id='word_1_166' title='bbox 926 2186 991 2242; x_wconf 81' lang='lat' dir='ltr'><strong>ee</strong></span> <span class='ocrx_word' id='word_1_167' title='bbox 1009 2169 1117 2242; x_wconf 85' lang='lat' dir='ltr'><strong>dixi</strong></span> <span class='ocrx_word' id='word_1_168' title='bbox 1138 2170 1183 2242; x_wconf 62' lang='grc' dir='ltr'><strong>-ξῂ</strong></span> <span class='ocrx_word' id='word_1_169' title='bbox 1198 2170 1365 2222; x_wconf 83' lang='lat' dir='ltr'><strong>vobis.</strong></span> 
     </span>
    </p>
   </div>
   <div class='ocr_carea' id='block_1_27' title="bbox 105 2236 1448 2305">
    <p class='ocr_par' dir='ltr' id='par_1_27' title="bbox 105 2236 1448 2305">
     <span class='ocr_line' id='line_1_28' title="bbox 105 2236 1448 2305; baseline -0.003 -10"><span class='ocrx_word' id='word_1_170' title='bbox 105 2246 190 2293; x_wconf 86' lang='lat' dir='ltr'><strong>est</strong></span> <span class='ocrx_word' id='word_1_171' title='bbox 212 2236 452 2305; x_wconf 79' lang='lat' dir='ltr'><strong>magnus.</strong></span> <span class='ocrx_word' id='word_1_172' title='bbox 889 2289 892 2291; x_wconf 36' lang='grc' dir='ltr'>λ</span> <span class='ocrx_word' id='word_1_173' title='bbox 927 2240 979 2296; x_wconf 89' lang='grc'><strong>8.</strong></span> <span class='ocrx_word' id='word_1_174' title='bbox 1024 2241 1085 2293; x_wconf 84' lang='grc' dir='ltr'><strong>Ει</strong></span> <span class='ocrx_word' id='word_1_175' title='bbox 1105 2236 1350 2293; x_wconf 63' lang='lat' dir='ltr'><strong>exierunt</strong></span> <span class='ocrx_word' id='word_1_176' title='bbox 1373 2236 1448 2292; x_wconf 89' lang='lat' dir='ltr'><strong>ci-</strong></span> 
     </span>
    </p>
   </div>
   <div class='ocr_carea' id='block_1_28' title="bbox 106 2306 1411 2376">
    <p class='ocr_par' dir='ltr' id='par_1_28' title="bbox 106 2306 1411 2376">
     <span class='ocr_line' id='line_1_29' title="bbox 106 2306 1411 2376; baseline -0.002 -14"><span class='ocrx_word' id='word_1_177' title='bbox 106 2306 344 2376; x_wconf 78' lang='lat' dir='ltr'><strong>Angelus</strong></span> <span class='ocrx_word' id='word_1_178' title='bbox 361 2306 503 2376; x_wconf 86' lang='lat' dir='ltr'><strong>enim</strong></span> <span class='ocrx_word' id='word_1_179' title='bbox 928 2320 982 2365; x_wconf 91' lang='lat' dir='ltr'><strong>to</strong></span> <span class='ocrx_word' id='word_1_180' title='bbox 1002 2310 1070 2364; x_wconf 89' lang='lat' dir='ltr'><strong>de</strong></span> <span class='ocrx_word' id='word_1_181' title='bbox 1097 2323 1411 2362; x_wconf 89' lang='lat' dir='ltr'><strong>monumen-</strong></span> 
     </span>
    </p>
   </div>
   <div class='ocr_carea' id='block_1_29' title="bbox 106 2375 1310 2434">
    <p class='ocr_par' dir='ltr' id='par_1_29' title="bbox 106 2375 1310 2434">
     <span class='ocr_line' id='line_1_30' title="bbox 106 2375 1310 2434; baseline 0.001 -3"><span class='ocrx_word' id='word_1_182' title='bbox 106 2375 315 2431; x_wconf 87' lang='lat' dir='ltr'><strong>Domini</strong></span> <span class='ocrx_word' id='word_1_183' title='bbox 342 2375 561 2429; x_wconf 88' lang='lat' dir='ltr'><strong>descen-</strong></span> <span class='ocrx_word' id='word_1_184' title='bbox 796 2400 799 2404; x_wconf 93' lang='grc'><strong>·</strong></span> <span class='ocrx_word' id='word_1_185' title='bbox 928 2390 982 2434; x_wconf 93' lang='lat' dir='ltr'><strong>to</strong></span> <span class='ocrx_word' id='word_1_186' title='bbox 1000 2394 1130 2433; x_wconf 80' lang='lat' dir='ltr'><strong>.cum</strong></span> <span class='ocrx_word' id='word_1_187' title='bbox 1155 2379 1310 2432; x_wconf 84' lang='lat' dir='ltr'><strong>timo—</strong></span> 
     </span>
    </p>
   </div>
   <div class='ocr_carea' id='block_1_30' title="bbox 106 2445 1281 2517">
    <p class='ocr_par' dir='ltr' id='par_1_30' title="bbox 106 2445 1281 2517">
     <span class='ocr_line' id='line_1_31' title="bbox 106 2445 1281 2517; baseline 0.001 -17"><span class='ocrx_word' id='word_1_188' title='bbox 106 2447 187 2501; x_wconf 90' lang='lat' dir='ltr'><strong>dit</strong></span> <span class='ocrx_word' id='word_1_189' title='bbox 216 2446 282 2500; x_wconf 90' lang='lat' dir='ltr'><strong>de</strong></span> <span class='ocrx_word' id='word_1_190' title='bbox 306 2445 490 2517; x_wconf 79' lang='lat' dir='ltr'><strong>caelo:</strong></span> <span class='ocrx_word' id='word_1_191' title='bbox 593 2481 595 2484; x_wconf 60' lang='grc'>‹</span> <span class='ocrx_word' id='word_1_192' title='bbox 762 2500 764 2503; x_wconf 73' lang='grc'>,</span> <span class='ocrx_word' id='word_1_193' title='bbox 868 2514 871 2517; x_wconf 95' lang='lat'><em>_</em></span> <span class='ocrx_word' id='word_1_194' title='bbox 928 2464 987 2503; x_wconf 88' lang='lat' dir='ltr'><strong>re</strong></span> <span class='ocrx_word' id='word_1_195' title='bbox 1013 2458 1065 2502; x_wconf 90' lang='lat' dir='ltr'><strong>et</strong></span> <span class='ocrx_word' id='word_1_196' title='bbox 1088 2450 1281 2516; x_wconf 85' lang='lat' dir='ltr'><strong>gaudio</strong></span> 
     </span>
    </p>
   </div>
   <div class='ocr_carea' id='block_1_31' title="bbox 108 2514 1288 2585">
    <p class='ocr_par' dir='ltr' id='par_1_31' title="bbox 108 2514 1288 2585">
     <span class='ocr_line' id='line_1_32' title="bbox 108 2514 1288 2585; baseline -0.002 -15"><span class='ocrx_word' id='word_1_197' title='bbox 108 2527 163 2571; x_wconf 89' lang='lat' dir='ltr'><strong>et</strong></span> <span class='ocrx_word' id='word_1_198' title='bbox 191 2514 454 2585; x_wconf 80' lang='lat' dir='ltr'><strong>accedens</strong></span> <span class='ocrx_word' id='word_1_199' title='bbox 536 2526 543 2533; x_wconf 82' lang='lat'>‘</span> <span class='ocrx_word' id='word_1_200' title='bbox 868 2514 871 2517; x_wconf 84' lang='grc'><em>’</em></span> <span class='ocrx_word' id='word_1_201' title='bbox 929 2514 1288 2585; x_wconf 78' lang='lat' dir='ltr'><strong>magno,eur-</strong></span> 
     </span>
    </p>
   </div>
   <div class='ocr_carea' id='block_1_32' title="bbox 109 2584 1261 2640">
    <p class='ocr_par' dir='ltr' id='par_1_32' title="bbox 109 2584 1261 2640">
     <span class='ocr_line' id='line_1_33' title="bbox 109 2584 1261 2640; baseline -0.003 0"><span class='ocrx_word' id='word_1_202' title='bbox 109 2586 337 2640; x_wconf 83' lang='lat' dir='ltr'><strong>revolvit</strong></span> <span class='ocrx_word' id='word_1_203' title='bbox 364 2584 434 2637; x_wconf 85' lang='lat' dir='ltr'><strong>Ia-</strong></span> <span class='ocrx_word' id='word_1_204' title='bbox 928 2584 1104 2640; x_wconf 87' lang='lat' dir='ltr'><strong>rentes</strong></span> <span class='ocrx_word' id='word_1_205' title='bbox 1126 2602 1261 2637; x_wconf 80' lang='lat' dir='ltr'><strong>nun—</strong></span> 
     </span>
    </p>
   </div>
   <div class='ocr_carea' id='block_1_33' title="bbox 110 2651 1363 2725">
    <p class='ocr_par' dir='ltr' id='par_1_33' title="bbox 110 2651 1363 2725">
     <span class='ocr_line' id='line_1_34' title="bbox 110 2651 1363 2725; baseline -0.003 -16"><span class='ocrx_word' id='word_1_206' title='bbox 110 2655 311 2725; x_wconf 66' lang='lat' dir='ltr'><strong>pidem’,</strong></span> <span class='ocrx_word' id='word_1_207' title='bbox 340 2664 392 2708; x_wconf 91' lang='lat' dir='ltr'><strong>et</strong></span> <span class='ocrx_word' id='word_1_208' title='bbox 412 2651 549 2707; x_wconf 84' lang='lat' dir='ltr'><strong>sedit</strong></span> <span class='ocrx_word' id='word_1_209' title='bbox 930 2658 1063 2709; x_wconf 89' lang='lat' dir='ltr'><strong>tiare</strong></span> <span class='ocrx_word' id='word_1_210' title='bbox 1084 2653 1363 2723; x_wconf 79' lang='lat' dir='ltr'><strong>discipulis</strong></span> 
     </span>
    </p>
   </div>
   <div class='ocr_carea' id='block_1_34' title="bbox 108 2727 1060 2795">
    <p class='ocr_par' dir='ltr' id='par_1_34' title="bbox 108 2727 1060 2795">
     <span class='ocr_line' id='line_1_35' title="bbox 108 2727 1060 2795; baseline -0.003 -15"><span class='ocrx_word' id='word_1_211' title='bbox 108 2741 274 2795; x_wconf 87' lang='lat' dir='ltr'><strong>super</strong></span> <span class='ocrx_word' id='word_1_212' title='bbox 298 2739 418 2778; x_wconf 88' lang='lat' dir='ltr'><strong>eum</strong></span> <span class='ocrx_word' id='word_1_213' title='bbox 445 2739 458 2774; x_wconf 93' lang='lat'><strong>:</strong></span> <span class='ocrx_word' id='word_1_214' title='bbox 928 2727 1060 2794; x_wconf 91' lang='lat' dir='ltr'><strong>ejus.</strong></span> 
     </span>
    </p>
   </div>
   <div class='ocr_carea' id='block_1_35' title="bbox 109 2793 1601 2851">
    <p class='ocr_par' dir='ltr' id='par_1_35' title="bbox 109 2793 1601 2851">
     <span class='ocr_line' id='line_1_36' title="bbox 109 2793 1601 2851; baseline -0.004 -1"><span class='ocrx_word' id='word_1_215' title='bbox 109 2793 627 2850; x_wconf 50' lang='lat' dir='ltr'><strong>5._cratautemas—</strong></span> <span class='ocrx_word' id='word_1_216' title='bbox 928 2793 985 2851; x_wconf 19' lang='lat'><strong>9’.</strong></span> <span class='ocrx_word' id='word_1_217' title='bbox 1026 2795 1087 2849; x_wconf 88' lang='lat' dir='ltr'><strong>Et</strong></span> <span class='ocrx_word' id='word_1_218' title='bbox 1111 2807 1235 2847; x_wconf 89' lang='lat' dir='ltr'><strong>ecce</strong></span> <span class='ocrx_word' id='word_1_219' title='bbox 1264 2793 1418 2848; x_wconf 81' lang='lat' dir='ltr'><strong>Jestts</strong></span> <span class='ocrx_word' id='word_1_220' title='bbox 1460 2834 1469 2844; x_wconf 95' lang='lat'><strong>.</strong></span> <span class='ocrx_word' id='word_1_221' title='bbox 1517 2831 1531 2844; x_wconf 95' lang='lat'><strong>.</strong></span> <span class='ocrx_word' id='word_1_222' title='bbox 1570 2821 1601 2837; x_wconf 82' lang='lat'><strong>-.</strong></span> 
     </span>
    </p>
   </div>
   <div class='ocr_carea' id='block_1_36' title="bbox 109 2863 1363 2934">
    <p class='ocr_par' dir='ltr' id='par_1_36' title="bbox 109 2863 1363 2934">
     <span class='ocr_line' id='line_1_37' title="bbox 109 2863 1363 2934; baseline -0.017 1"><span class='ocrx_word' id='word_1_223' title='bbox 109 2874 297 2934; x_wconf 69' lang='lat' dir='ltr'><strong>pectus</strong></span> <span class='ocrx_word' id='word_1_224' title='bbox 326 2864 440 2932; x_wconf 80' lang='lat' dir='ltr'><strong>eius</strong></span> <span class='ocrx_word' id='word_1_225' title='bbox 930 2866 1098 2931; x_wconf 81' lang='lat' dir='ltr'><strong>currit</strong></span> <span class='ocrx_word' id='word_1_226' title='bbox 1126 2864 1249 2925; x_wconf 82' lang='lat' dir='ltr'><strong>illis.</strong></span> <span class='ocrx_word' id='word_1_227' title='bbox 1283 2863 1363 2918; x_wconf 88' lang='lat' dir='ltr'><strong>di-</strong></span> 
     </span>
    </p>
   </div>
   <div class='ocr_carea' id='block_1_37' title="bbox 108 2933 1355 3003">
    <p class='ocr_par' dir='ltr' id='par_1_37' title="bbox 108 2933 1355 3003">
     <span class='ocr_line' id='line_1_38' title="bbox 108 2933 1355 3003; baseline -0.002 -14"><span class='ocrx_word' id='word_1_228' title='bbox 108 2933 253 2990; x_wconf 69' lang='lat' dir='ltr'><strong>Sicut</strong></span> <span class='ocrx_word' id='word_1_229' title='bbox 277 2933 449 3003; x_wconf 76' lang='lat' dir='ltr'><strong>fulgur</strong></span> <span class='ocrx_word' id='word_1_230' title='bbox 478 2948 496 2988; x_wconf 87' lang='lat'><em>:</em></span> <span class='ocrx_word' id='word_1_231' title='bbox 932 2951 1060 2992; x_wconf 87' lang='lat' dir='ltr'><strong>cens</strong></span> <span class='ocrx_word' id='word_1_232' title='bbox 1090 2952 1101 2986; x_wconf 94' lang='lat'>:</span> <span class='ocrx_word' id='word_1_233' title='bbox 1134 2936 1355 2989; x_wconf 85' lang='lat' dir='ltr'><strong>llabete.</strong></span> 
     </span>
    </p>
   </div>
   <div class='ocr_carea' id='block_1_38' title="bbox 107 3005 1317 3061">
    <p class='ocr_par' dir='ltr' id='par_1_38' title="bbox 107 3005 1317 3061">
     <span class='ocr_line' id='line_1_39' title="bbox 107 3005 1317 3061; baseline -0.003 -1"><span class='ocrx_word' id='word_1_234' title='bbox 107 3016 165 3060; x_wconf 88' lang='lat' dir='ltr'><strong>et</strong></span> <span class='ocrx_word' id='word_1_235' title='bbox 193 3005 481 3057; x_wconf 83' lang='lat' dir='ltr'><strong>vestinien—</strong></span> <span class='ocrx_word' id='word_1_236' title='bbox 934 3007 1058 3061; x_wconf 85' lang='lat' dir='ltr'><strong>Illae</strong></span> <span class='ocrx_word' id='word_1_237' title='bbox 1098 3042 1112 3058; x_wconf 93' lang='lat'><strong>.</strong></span> <span class='ocrx_word' id='word_1_238' title='bbox 1157 3045 1169 3057; x_wconf 94' lang='lat'><strong>.</strong></span> <span class='ocrx_word' id='word_1_239' title='bbox 1212 3017 1317 3059; x_wconf 92' lang='lat' dir='ltr'><strong>tem</strong></span> 
     </span>
    </p>
   </div>
   <div class='ocr_carea' id='block_1_39' title="bbox 108 3074 1378 3144">
    <p class='ocr_par' dir='ltr' id='par_1_39' title="bbox 108 3074 1378 3144">
     <span class='ocr_line' id='line_1_40' title="bbox 108 3074 1378 3144; baseline -0.002 -15"><span class='ocrx_word' id='word_1_240' title='bbox 108 3074 302 3144; x_wconf 83' lang='lat' dir='ltr'><strong>taejus</strong></span> <span class='ocrx_word' id='word_1_241' title='bbox 328 3074 399 3144; x_wconf 88' lang='lat' dir='ltr'><strong>(b)</strong></span> <span class='ocrx_word' id='word_1_242' title='bbox 426 3074 605 3129; x_wconf 86' lang='lat' dir='ltr'><strong>candi-</strong></span> <span class='ocrx_word' id='word_1_243' title='bbox 928 3091 1052 3131; x_wconf 83' lang='lat' dir='ltr'><strong>accc</strong></span> <span class='ocrx_word' id='word_1_244' title='bbox 1094 3117 1104 3127; x_wconf 94' lang='lat'><strong>.</strong></span> <span class='ocrx_word' id='word_1_245' title='bbox 1151 3114 1163 3127; x_wconf 94' lang='lat'><strong>.</strong></span> <span class='ocrx_word' id='word_1_246' title='bbox 1210 3119 1222 3132; x_wconf 95' lang='lat'><strong>.</strong></span> <span class='ocrx_word' id='word_1_247' title='bbox 1262 3084 1378 3138; x_wconf 92' lang='lat' dir='ltr'><strong>unt,</strong></span> 
     </span>
    </p>
   </div>
   <div class='ocr_carea' id='block_1_40' title="bbox 106 3144 1448 3213">
    <p class='ocr_par' dir='ltr' id='par_1_40' title="bbox 106 3144 1448 3213">
     <span class='ocr_line' id='line_1_41' title="bbox 106 3144 1448 3213; baseline -0.001 -15"><span class='ocrx_word' id='word_1_248' title='bbox 106 3146 162 3199; x_wconf 72' lang='grc'><strong>4.</strong></span> <span class='ocrx_word' id='word_1_249' title='bbox 206 3145 334 3213; x_wconf 68' lang='grc' dir='ltr'><strong>αεὶ-ξ-</strong></span> <span class='ocrx_word' id='word_1_250' title='bbox 362 3145 495 3199; x_wconf 90' lang='lat' dir='ltr'><strong>sicut</strong></span> <span class='ocrx_word' id='word_1_251' title='bbox 518 3144 629 3199; x_wconf 82' lang='lat' dir='ltr'><strong>uix.</strong></span> <span class='ocrx_word' id='word_1_252' title='bbox 663 3145 707 3200; x_wconf 86' lang='lat' dir='ltr'><strong>A</strong></span> <span class='ocrx_word' id='word_1_253' title='bbox 930 3157 983 3201; x_wconf 92' lang='lat' dir='ltr'><strong>et</strong></span> <span class='ocrx_word' id='word_1_254' title='bbox 1011 3156 1096 3199; x_wconf 90' lang='lat' dir='ltr'><strong>ten</strong></span> <span class='ocrx_word' id='word_1_255' title='bbox 1140 3186 1153 3199; x_wconf 93' lang='lat'><strong>.</strong></span> <span class='ocrx_word' id='word_1_256' title='bbox 1201 3187 1213 3199; x_wconf 96' lang='lat'><strong>.</strong></span> <span class='ocrx_word' id='word_1_257' title='bbox 1259 3185 1273 3199; x_wconf 93' lang='lat'><strong>.</strong></span> <span class='ocrx_word' id='word_1_258' title='bbox 1317 3182 1331 3196; x_wconf 92' lang='lat'><strong>.</strong></span> <span class='ocrx_word' id='word_1_259' title='bbox 1376 3184 1389 3197; x_wconf 95' lang='lat'><strong>.</strong></span> <span class='ocrx_word' id='word_1_260' title='bbox 1435 3184 1448 3197; x_wconf 94' lang='lat'><strong>.</strong></span> 
     </span>
    </p>
   </div>
   <div class='ocr_carea' id='block_1_41' title="bbox 108 3216 1500 3288">
    <p class='ocr_par' dir='ltr' id='par_1_41' title="bbox 108 3216 1500 3288">
     <span class='ocr_line' id='line_1_42' title="bbox 108 3216 1500 3288; baseline 0.001 -21"><span class='ocrx_word' id='word_1_261' title='bbox 108 3216 306 3288; x_wconf 79' lang='lat' dir='ltr'><strong>timore</strong></span> <span class='ocrx_word' id='word_1_262' title='bbox 334 3224 507 3288; x_wconf 82' lang='lat' dir='ltr'><strong>autem</strong></span> <span class='ocrx_word' id='word_1_263' title='bbox 650 3283 655 3288; x_wconf 91' lang='lat'>_</span> <span class='ocrx_word' id='word_1_264' title='bbox 848 3264 849 3267; x_wconf 49' lang='grc' dir='ltr'><strong>η</strong></span> <span class='ocrx_word' id='word_1_265' title='bbox 933 3217 1093 3285; x_wconf 87' lang='lat' dir='ltr'><strong>pedes</strong></span> <span class='ocrx_word' id='word_1_266' title='bbox 1135 3256 1146 3268; x_wconf 95' lang='lat'><strong>.</strong></span> <span class='ocrx_word' id='word_1_267' title='bbox 1193 3255 1206 3269; x_wconf 96' lang='lat'><strong>.</strong></span> <span class='ocrx_word' id='word_1_268' title='bbox 1251 3256 1263 3269; x_wconf 96' lang='lat'><strong>.</strong></span> <span class='ocrx_word' id='word_1_269' title='bbox 1310 3252 1323 3268; x_wconf 92' lang='lat'><strong>.</strong></span> <span class='ocrx_word' id='word_1_270' title='bbox 1367 3254 1381 3269; x_wconf 94' lang='lat'><strong>.</strong></span> <span class='ocrx_word' id='word_1_271' title='bbox 1429 3256 1441 3269; x_wconf 92' lang='lat'><strong>.</strong></span> <span class='ocrx_word' id='word_1_272' title='bbox 1489 3254 1500 3266; x_wconf 93' lang='lat'><strong>.</strong></span> 
     </span>
    </p>
   </div>
   <div class='ocr_carea' id='block_1_42' title="bbox 105 3284 1291 3353">
    <p class='ocr_par' dir='ltr' id='par_1_42' title="bbox 105 3284 1291 3353">
     <span class='ocr_line' id='line_1_43' title="bbox 105 3284 1291 3353; baseline 0.001 -15"><span class='ocrx_word' id='word_1_273' title='bbox 105 3286 228 3353; x_wconf 85' lang='lat' dir='ltr'><strong>ejus</strong></span> <span class='ocrx_word' id='word_1_274' title='bbox 252 3284 421 3338; x_wconf 85' lang='lat' dir='ltr'><strong>territi</strong></span> <span class='ocrx_word' id='word_1_275' title='bbox 650 3284 655 3288; x_wconf 85' lang='grc'><em>’</em></span> <span class='ocrx_word' id='word_1_276' title='bbox 930 3284 1291 3353; x_wconf 83' lang='lat' dir='ltr'><strong>&#39;adoraverunt</strong></span> 
     </span>
    </p>
   </div>
   <div class='ocr_carea' id='block_1_43' title="bbox 105 3353 1074 3421">
    <p class='ocr_par' dir='ltr' id='par_1_43' title="bbox 105 3353 1074 3421">
     <span class='ocr_line' id='line_1_44' title="bbox 105 3353 1074 3421; baseline 0.001 -14"><span class='ocrx_word' id='word_1_277' title='bbox 105 3365 235 3407; x_wconf 86' lang='lat' dir='ltr'><strong>sunt</strong></span> <span class='ocrx_word' id='word_1_278' title='bbox 258 3353 528 3421; x_wconf 86' lang='lat' dir='ltr'><strong>custodes,</strong></span> <span class='ocrx_word' id='word_1_279' title='bbox 934 3370 1074 3410; x_wconf 88' lang='lat' dir='ltr'><strong>eum.</strong></span> 
     </span>
    </p>
   </div>
   <div class='ocr_carea' id='block_1_44' title="bbox 106 3422 1678 3497">
    <p class='ocr_par' dir='ltr' id='par_1_44' title="bbox 106 3422 1678 3497">
     <span class='ocr_line' id='line_1_45' title="bbox 106 3422 1678 3497; baseline -0.001 -18"><span class='ocrx_word' id='word_1_280' title='bbox 106 3433 164 3479; x_wconf 91' lang='lat' dir='ltr'><strong>et</strong></span> <span class='ocrx_word' id='word_1_281' title='bbox 187 3423 322 3478; x_wconf 73' lang='lat' dir='ltr'><strong>laeti</strong></span> <span class='ocrx_word' id='word_1_282' title='bbox 347 3434 470 3479; x_wconf 83' lang='lat' dir='ltr'><strong>sunt</strong></span> <span class='ocrx_word' id='word_1_283' title='bbox 938 3426 1022 3482; x_wconf 84' lang='grc'><strong>10.</strong></span> <span class='ocrx_word' id='word_1_284' title='bbox 1063 3426 1213 3479; x_wconf 90' lang='lat' dir='ltr'><strong>Tunc</strong></span> <span class='ocrx_word' id='word_1_285' title='bbox 1245 3426 1321 3479; x_wconf 94' lang='lat' dir='ltr'><strong>ait</strong></span> <span class='ocrx_word' id='word_1_286' title='bbox 1351 3424 1456 3479; x_wconf 85' lang='lat' dir='ltr'><strong>illis</strong></span> <span class='ocrx_word' id='word_1_287' title='bbox 1478 3422 1633 3497; x_wconf 79' lang='lat' dir='ltr'><strong>Jesus</strong></span> <span class='ocrx_word' id='word_1_288' title='bbox 1665 3440 1678 3477; x_wconf 90' lang='lat'><strong>:</strong></span> 
     </span>
    </p>
   </div>
   <div class='ocr_carea' id='block_1_45' title="bbox 538 3539 1255 3615">
    <p class='ocr_par' dir='ltr' id='par_1_45' title="bbox 538 3539 1255 3615">
     <span class='ocr_line' id='line_1_46' title="bbox 538 3539 1255 3615; baseline -0.004 -21"><span class='ocrx_word' id='word_1_289' title='bbox 538 3539 767 3615; x_wconf 79' lang='lat' dir='ltr'><strong>GODEX</strong></span> <span class='ocrx_word' id='word_1_290' title='bbox 796 3539 1255 3595; x_wconf 76' lang='lat' dir='ltr'><strong>CORBEIENSIS.</strong></span> 
     </span>
    </p>
   </div>
   <div class='ocr_carea' id='block_1_46' title="bbox 108 3627 1676 3692">
    <p class='ocr_par' dir='ltr' id='par_1_46' title="bbox 108 3627 1676 3692">
     <span class='ocr_line' id='line_1_47' title="bbox 108 3627 1676 3692; baseline -0.001 -10"><span class='ocrx_word' id='word_1_291' title='bbox 108 3628 675 3690; x_wconf 71' lang='lat' dir='ltr'><strong>Ilal-etis‘custodiam,</strong></span> <span class='ocrx_word' id='word_1_292' title='bbox 696 3630 785 3692; x_wconf 88' lang='lat' dir='ltr'><strong>ite,</strong></span> <span class='ocrx_word' id='word_1_293' title='bbox 806 3629 1063 3689; x_wconf 82' lang='lat' dir='ltr'><strong>custodite</strong></span> <span class='ocrx_word' id='word_1_294' title='bbox 1079 3629 1210 3681; x_wconf 81' lang='lat' dir='ltr'><strong>sicut</strong></span> <span class='ocrx_word' id='word_1_295' title='bbox 1228 3628 1392 3681; x_wconf 87' lang='lat' dir='ltr'><strong>scitis.</strong></span> <span class='ocrx_word' id='word_1_296' title='bbox 1412 3627 1485 3681; x_wconf 90' lang='lat' dir='ltr'><strong>Illi</strong></span> <span class='ocrx_word' id='word_1_297' title='bbox 1502 3634 1676 3681; x_wconf 87' lang='lat' dir='ltr'><strong>autem</strong></span> 
     </span>
    </p>
   </div>
   <div class='ocr_carea' id='block_1_47' title="bbox 104 3698 1677 3767">
    <p class='ocr_par' dir='ltr' id='par_1_47' title="bbox 104 3698 1677 3767">
     <span class='ocr_line' id='line_1_48' title="bbox 104 3698 1677 3767; baseline -0.002 -16"><span class='ocrx_word' id='word_1_298' title='bbox 104 3702 370 3767; x_wconf 74' lang='lat' dir='ltr'><strong>abeuntes</strong></span> <span class='ocrx_word' id='word_1_299' title='bbox 384 3700 683 3767; x_wconf 71' lang='lat' dir='ltr'><strong>munierunt</strong></span> <span class='ocrx_word' id='word_1_300' title='bbox 696 3699 1018 3763; x_wconf 86' lang='lat' dir='ltr'><strong>sepulcrum,</strong></span> <span class='ocrx_word' id='word_1_301' title='bbox 1034 3700 1304 3767; x_wconf 75' lang='lat' dir='ltr'><strong>signantes</strong></span> <span class='ocrx_word' id='word_1_302' title='bbox 1319 3698 1543 3766; x_wconf 87' lang='lat' dir='ltr'><strong>lapidem</strong></span> <span class='ocrx_word' id='word_1_303' title='bbox 1559 3715 1677 3752; x_wconf 81' lang='lat' dir='ltr'><strong>cum</strong></span> 
     </span>
    </p>
   </div>
   <div class='ocr_carea' id='block_1_48' title="bbox 105 3765 1677 3836">
    <p class='ocr_par' dir='ltr' id='par_1_48' title="bbox 105 3765 1677 3836">
     <span class='ocr_line' id='line_1_49' title="bbox 105 3765 1677 3836; baseline 0.001 -17"><span class='ocrx_word' id='word_1_304' title='bbox 105 3766 442 3836; x_wconf 72' lang='lat' dir='ltr'><strong>custodibus.</strong></span> <span class='ocrx_word' id='word_1_305' title='bbox 476 3765 704 3836; x_wconf 64' lang='lat' dir='ltr'><strong>Vespere</strong></span> <span class='ocrx_word' id='word_1_306' title='bbox 726 3778 899 3819; x_wconf 83' lang='lat' dir='ltr'><strong>autent</strong></span> <span class='ocrx_word' id='word_1_307' title='bbox 926 3765 1186 3831; x_wconf 73' lang='lat' dir='ltr'><strong>salili:iilti,</strong></span> <span class='ocrx_word' id='word_1_308' title='bbox 1222 3765 1604 3836; x_wconf 12' lang='lat' dir='ltr'><strong>(piaerlucescit</strong></span> <span class='ocrx_word' id='word_1_309' title='bbox 1629 3772 1677 3821; x_wconf 89' lang='lat' dir='ltr'><strong>iu</strong></span> 
     </span>
    </p>
   </div>
   <div class='ocr_carea' id='block_1_49' title="bbox 104 3834 1680 3907">
    <p class='ocr_par' dir='ltr' id='par_1_49' title="bbox 104 3834 1680 3907">
     <span class='ocr_line' id='line_1_50' title="bbox 104 3834 1680 3907; baseline 0.004 -22"><span class='ocrx_word' id='word_1_310' title='bbox 104 3838 287 3904; x_wconf 81' lang='lat' dir='ltr'><strong>prima</strong></span> <span class='ocrx_word' id='word_1_311' title='bbox 317 3834 553 3907; x_wconf 69' lang='lat' dir='ltr'><strong>sabbatlti</strong></span> <span class='ocrx_word' id='word_1_312' title='bbox 580 3836 722 3889; x_wconf 85' lang='lat' dir='ltr'><strong>venit</strong></span> <span class='ocrx_word' id='word_1_313' title='bbox 745 3836 904 3907; x_wconf 84' lang='lat' dir='ltr'><strong>Maria</strong></span> <span class='ocrx_word' id='word_1_314' title='bbox 929 3834 1265 3907; x_wconf 50' lang='lat' dir='ltr'><strong>Illagdaleoe,</strong></span> <span class='ocrx_word' id='word_1_315' title='bbox 1296 3847 1347 3889; x_wconf 83' lang='lat' dir='ltr'><strong>et</strong></span> <span class='ocrx_word' id='word_1_316' title='bbox 1378 3841 1541 3907; x_wconf 82' lang='lat' dir='ltr'><strong>altera</strong></span> <span class='ocrx_word' id='word_1_317' title='bbox 1572 3838 1680 3891; x_wconf 80' lang='lat' dir='ltr'><strong>Ma-</strong></span> 
     </span>
    </p>
   </div>
   <div class='ocr_carea' id='block_1_50' title="bbox 102 3903 1677 3973">
    <p class='ocr_par' dir='ltr' id='par_1_50' title="bbox 102 3903 1677 3973">
     <span class='ocr_line' id='line_1_51' title="bbox 102 3903 1677 3973; baseline 0.003 -15"><span class='ocrx_word' id='word_1_318' title='bbox 102 3903 210 3965; x_wconf 66' lang='lat' dir='ltr'><strong>ii...</strong></span> <span class='ocrx_word' id='word_1_319' title='bbox 246 3903 425 3973; x_wconf 72' lang='lat' dir='ltr'><strong>videre</strong></span> <span class='ocrx_word' id='word_1_320' title='bbox 446 3907 765 3973; x_wconf 74' lang='lat' dir='ltr'><strong>sepulcrum.</strong></span> <span class='ocrx_word' id='word_1_321' title='bbox 796 3906 858 3959; x_wconf 88' lang='grc' dir='ltr'><strong>Ει</strong></span> <span class='ocrx_word' id='word_1_322' title='bbox 880 3903 1379 3961; x_wconf 59' lang='grc' dir='ltr'><strong>οςεαῖυηιιοιιιυιιιε</strong></span> <span class='ocrx_word' id='word_1_323' title='bbox 1405 3904 1574 3961; x_wconf 81' lang='lat' dir='ltr'><strong>factus</strong></span> <span class='ocrx_word' id='word_1_324' title='bbox 1595 3921 1677 3961; x_wconf 83' lang='lat' dir='ltr'><strong>est</strong></span> 
     </span>
    </p>
   </div>
   <div class='ocr_carea' id='block_1_51' title="bbox 104 3972 1672 4043">
    <p class='ocr_par' dir='ltr' id='par_1_51' title="bbox 104 3972 1672 4043">
     <span class='ocr_line' id='line_1_52' title="bbox 104 3972 1672 4043; baseline 0.002 -15"><span class='ocrx_word' id='word_1_325' title='bbox 104 3988 361 4041; x_wconf 72' lang='lat' dir='ltr'><strong>magnus.</strong></span> <span class='ocrx_word' id='word_1_326' title='bbox 405 3972 636 4043; x_wconf 68' lang='lat' dir='ltr'><strong>Angelus</strong></span> <span class='ocrx_word' id='word_1_327' title='bbox 677 3978 816 4028; x_wconf 79' lang='lat' dir='ltr'><strong>enim</strong></span> <span class='ocrx_word' id='word_1_328' title='bbox 850 3977 1053 4031; x_wconf 86' lang='lat' dir='ltr'><strong>Domini</strong></span> <span class='ocrx_word' id='word_1_329' title='bbox 1082 3980 1355 4031; x_wconf 88' lang='lat' dir='ltr'><strong>descendit</strong></span> <span class='ocrx_word' id='word_1_330' title='bbox 1379 3979 1448 4031; x_wconf 88' lang='lat' dir='ltr'><strong>de</strong></span> <span class='ocrx_word' id='word_1_331' title='bbox 1476 3980 1627 4031; x_wconf 85' lang='lat' dir='ltr'><strong>coelo</strong></span> <span class='ocrx_word' id='word_1_332' title='bbox 1660 3996 1672 4031; x_wconf 92' lang='lat'><strong>:</strong></span> 
     </span>
    </p>
   </div>
   <div class='ocr_carea' id='block_1_52' title="bbox 101 4044 1675 4114">
    <p class='ocr_par' dir='ltr' id='par_1_52' title="bbox 101 4044 1675 4114">
     <span class='ocr_line' id='line_1_53' title="bbox 101 4044 1675 4114; baseline 0.002 -15"><span class='ocrx_word' id='word_1_333' title='bbox 101 4054 158 4099; x_wconf 86' lang='lat' dir='ltr'><strong>et</strong></span> <span class='ocrx_word' id='word_1_334' title='bbox 209 4044 475 4099; x_wconf 87' lang='lat' dir='ltr'><strong>accedens</strong></span> <span class='ocrx_word' id='word_1_335' title='bbox 530 4046 752 4099; x_wconf 89' lang='lat' dir='ltr'><strong>revolvit</strong></span> <span class='ocrx_word' id='word_1_336' title='bbox 804 4047 1029 4114; x_wconf 85' lang='lat' dir='ltr'><strong>lapidein</strong></span> <span class='ocrx_word' id='word_1_337' title='bbox 1061 4090 1075 4113; x_wconf 92' lang='lat'><strong>,</strong></span> <span class='ocrx_word' id='word_1_338' title='bbox 1139 4059 1193 4101; x_wconf 88' lang='lat' dir='ltr'><strong>ct</strong></span> <span class='ocrx_word' id='word_1_339' title='bbox 1238 4049 1459 4102; x_wconf 86' lang='lat' dir='ltr'><strong>sedebat</strong></span> <span class='ocrx_word' id='word_1_340' title='bbox 1516 4064 1675 4113; x_wconf 85' lang='lat' dir='ltr'><strong>snper</strong></span> 
     </span>
    </p>
   </div>
   <div class='ocr_carea' id='block_1_53' title="bbox 100 4118 1676 4186">
    <p class='ocr_par' dir='ltr' id='par_1_53' title="bbox 100 4118 1676 4186">
     <span class='ocr_line' id='line_1_54' title="bbox 100 4118 1676 4186; baseline -0.003 -15"><span class='ocrx_word' id='word_1_341' title='bbox 100 4132 233 4171; x_wconf 79' lang='lat' dir='ltr'><strong>Cum</strong></span> <span class='ocrx_word' id='word_1_342' title='bbox 272 4129 288 4167; x_wconf 90' lang='lat'><strong>:</strong></span> <span class='ocrx_word' id='word_1_343' title='bbox 318 4125 431 4168; x_wconf 83' lang='lat' dir='ltr'><strong>erat</strong></span> <span class='ocrx_word' id='word_1_344' title='bbox 451 4125 626 4186; x_wconf 87' lang='lat' dir='ltr'><strong>autem</strong></span> <span class='ocrx_word' id='word_1_345' title='bbox 653 4120 1036 4186; x_wconf 74' lang='lat' dir='ltr'><strong>aspectusejns</strong></span> <span class='ocrx_word' id='word_1_346' title='bbox 1062 4118 1201 4171; x_wconf 77' lang='lat' dir='ltr'><strong>sicut</strong></span> <span class='ocrx_word' id='word_1_347' title='bbox 1228 4119 1401 4184; x_wconf 79' lang='lat' dir='ltr'><strong>fulgur</strong></span> <span class='ocrx_word' id='word_1_348' title='bbox 1434 4133 1445 4168; x_wconf 91' lang='lat'><strong>:</strong></span> <span class='ocrx_word' id='word_1_349' title='bbox 1476 4128 1525 4169; x_wconf 91' lang='lat' dir='ltr'><strong>et</strong></span> <span class='ocrx_word' id='word_1_350' title='bbox 1559 4132 1676 4167; x_wconf 85' lang='lat' dir='ltr'><strong>ves-</strong></span> 
     </span>
    </p>
   </div>
   <div class='ocr_carea' id='block_1_54' title="bbox 105 4185 1674 4252">
    <p class='ocr_par' dir='ltr' id='par_1_54' title="bbox 105 4185 1674 4252">
     <span class='ocr_line' id='line_1_55' title="bbox 105 4185 1674 4252; baseline -0.004 -14"><span class='ocrx_word' id='word_1_351' title='bbox 105 4188 400 4240; x_wconf 85' lang='lat' dir='ltr'><strong>timentum</strong></span> <span class='ocrx_word' id='word_1_352' title='bbox 423 4185 535 4252; x_wconf 83' lang='lat' dir='ltr'><strong>ejus</strong></span> <span class='ocrx_word' id='word_1_353' title='bbox 561 4187 699 4239; x_wconf 88' lang='lat' dir='ltr'><strong>sicut</strong></span> <span class='ocrx_word' id='word_1_354' title='bbox 728 4188 834 4238; x_wconf 82' lang='lat' dir='ltr'><strong>nix.</strong></span> <span class='ocrx_word' id='word_1_355' title='bbox 868 4185 999 4243; x_wconf 80' lang='lat' dir='ltr'><strong>Prae</strong></span> <span class='ocrx_word' id='word_1_356' title='bbox 1026 4188 1213 4239; x_wconf 87' lang='lat' dir='ltr'><strong>timore</strong></span> <span class='ocrx_word' id='word_1_357' title='bbox 1241 4198 1414 4238; x_wconf 87' lang='lat' dir='ltr'><strong>autem</strong></span> <span class='ocrx_word' id='word_1_358' title='bbox 1440 4186 1674 4252; x_wconf 66' lang='lat' dir='ltr'><strong>ejusm-</strong></span> 
     </span>
    </p>
   </div>
   <div class='ocr_carea' id='block_1_55' title="bbox 103 4251 1673 4316">
    <p class='ocr_par' dir='ltr' id='par_1_55' title="bbox 103 4251 1673 4316">
     <span class='ocr_line' id='line_1_56' title="bbox 103 4251 1673 4316; baseline -0.003 -7"><span class='ocrx_word' id='word_1_359' title='bbox 103 4256 289 4309; x_wconf 88' lang='lat' dir='ltr'><strong>territi</strong></span> <span class='ocrx_word' id='word_1_360' title='bbox 313 4262 437 4306; x_wconf 90' lang='lat' dir='ltr'><strong>sunt</strong></span> <span class='ocrx_word' id='word_1_361' title='bbox 455 4251 728 4316; x_wconf 72' lang='lat' dir='ltr'><strong>Custodes,</strong></span> <span class='ocrx_word' id='word_1_362' title='bbox 759 4266 813 4308; x_wconf 91' lang='lat' dir='ltr'><strong>et</strong></span> <span class='ocrx_word' id='word_1_363' title='bbox 861 4254 982 4308; x_wconf 80' lang='lat' dir='ltr'><strong>facti</strong></span> <span class='ocrx_word' id='word_1_364' title='bbox 1009 4266 1127 4307; x_wconf 90' lang='lat' dir='ltr'><strong>sunt</strong></span> <span class='ocrx_word' id='word_1_365' title='bbox 1152 4255 1292 4304; x_wconf 81' lang='lat' dir='ltr'><strong>velut</strong></span> <span class='ocrx_word' id='word_1_366' title='bbox 1324 4254 1536 4303; x_wconf 85' lang='lat' dir='ltr'><strong>mortui.</strong></span> <span class='ocrx_word' id='word_1_367' title='bbox 1568 4251 1673 4304; x_wconf 77' lang='lat' dir='ltr'><strong>lte-</strong></span> 
     </span>
    </p>
   </div>
   <div class='ocr_carea' id='block_1_56' title="bbox 100 4320 1673 4393">
    <p class='ocr_par' dir='ltr' id='par_1_56' title="bbox 100 4320 1673 4393">
     <span class='ocr_line' id='line_1_57' title="bbox 100 4320 1673 4393; baseline -0.005 -14"><span class='ocrx_word' id='word_1_368' title='bbox 100 4326 391 4393; x_wconf 80' lang='lat' dir='ltr'><strong>Spondens</strong></span> <span class='ocrx_word' id='word_1_369' title='bbox 413 4333 589 4376; x_wconf 86' lang='lat' dir='ltr'><strong>autem</strong></span> <span class='ocrx_word' id='word_1_370' title='bbox 634 4324 851 4389; x_wconf 83' lang='lat' dir='ltr'><strong>angelus</strong></span> <span class='ocrx_word' id='word_1_371' title='bbox 876 4323 1376 4393; x_wconf 76' lang='lat' dir='ltr'><strong>dix_it_miilicribtis:</strong></span> <span class='ocrx_word' id='word_1_372' title='bbox 1406 4320 1578 4393; x_wconf 75' lang='lat' dir='ltr'><strong>Nolite</strong></span> <span class='ocrx_word' id='word_1_373' title='bbox 1610 4326 1673 4372; x_wconf 88' lang='lat' dir='ltr'><strong>ti-</strong></span> 
     </span>
    </p>
   </div>
   <div class='ocr_carea' id='block_1_57' title="bbox 102 4389 1675 4458">
    <p class='ocr_par' dir='ltr' id='par_1_57' title="bbox 102 4389 1675 4458">
     <span class='ocr_line' id='line_1_58' title="bbox 102 4389 1675 4458; baseline -0.003 -10"><span class='ocrx_word' id='word_1_374' title='bbox 102 4389 266 4450; x_wconf 75' lang='lat' dir='ltr'><strong>niere</strong></span> <span class='ocrx_word' id='word_1_375' title='bbox 302 4408 431 4447; x_wconf 89' lang='lat' dir='ltr'><strong>vos:</strong></span> <span class='ocrx_word' id='word_1_376' title='bbox 461 4393 571 4446; x_wconf 83' lang='lat' dir='ltr'><strong>scio</strong></span> <span class='ocrx_word' id='word_1_377' title='bbox 600 4394 789 4456; x_wconf 77' lang='lat' dir='ltr'><strong>enim,</strong></span> <span class='ocrx_word' id='word_1_378' title='bbox 837 4391 974 4458; x_wconf 82' lang='lat' dir='ltr'><strong>quod</strong></span> <span class='ocrx_word' id='word_1_379' title='bbox 1002 4389 1205 4454; x_wconf 81' lang='lat' dir='ltr'><strong>Jcsuni,</strong></span> <span class='ocrx_word' id='word_1_380' title='bbox 1258 4390 1346 4457; x_wconf 86' lang='lat' dir='ltr'><strong>qui</strong></span> <span class='ocrx_word' id='word_1_381' title='bbox 1391 4389 1675 4443; x_wconf 78' lang='lat' dir='ltr'><strong>cruciﬁxus</strong></span> 
     </span>
    </p>
   </div>
   <div class='ocr_carea' id='block_1_58' title="bbox 99 4460 1677 4534">
    <p class='ocr_par' dir='ltr' id='par_1_58' title="bbox 99 4460 1677 4534">
     <span class='ocr_line' id='line_1_59' title="bbox 99 4460 1677 4534; baseline -0.004 -15"><span class='ocrx_word' id='word_1_382' title='bbox 99 4476 211 4529; x_wconf 80' lang='lat' dir='ltr'><strong>est,</strong></span> <span class='ocrx_word' id='word_1_383' title='bbox 240 4463 502 4534; x_wconf 84' lang='lat' dir='ltr'><strong>quaeritis</strong></span> <span class='ocrx_word' id='word_1_384' title='bbox 529 4478 541 4514; x_wconf 88' lang='lat'><strong>:</strong></span> <span class='ocrx_word' id='word_1_385' title='bbox 570 4472 773 4534; x_wconf 80' lang='lat' dir='ltr'><strong>nonest</strong></span> <span class='ocrx_word' id='word_1_386' title='bbox 798 4460 904 4534; x_wconf 16' lang='lat' dir='ltr'><strong>illic</strong></span> <span class='ocrx_word' id='word_1_387' title='bbox 930 4478 946 4515; x_wconf 89' lang='lat'><strong>:</strong></span> <span class='ocrx_word' id='word_1_388' title='bbox 977 4462 1215 4534; x_wconf 70' lang='lat' dir='ltr'><strong>Surrexit</strong></span> <span class='ocrx_word' id='word_1_389' title='bbox 1243 4462 1406 4534; x_wconf 78' lang='lat' dir='ltr'><strong>enim.</strong></span> <span class='ocrx_word' id='word_1_390' title='bbox 1438 4460 1677 4534; x_wconf 38' lang='lat' dir='ltr'><strong>sicut‘di-</strong></span> 
     </span>
    </p>
   </div>
   <div class='ocr_carea' id='block_1_59' title="bbox 100 4529 1677 4598">
    <p class='ocr_par' dir='ltr' id='par_1_59' title="bbox 100 4529 1677 4598">
     <span class='ocr_line' id='line_1_60' title="bbox 100 4529 1677 4598; baseline -0.002 -11"><span class='ocrx_word' id='word_1_391' title='bbox 100 4537 181 4587; x_wconf 83' lang='lat' dir='ltr'><strong>xit</strong></span> <span class='ocrx_word' id='word_1_392' title='bbox 218 4529 479 4590; x_wconf 71' lang='lat' dir='ltr'><strong>:Venite.</strong></span> <span class='ocrx_word' id='word_1_393' title='bbox 508 4542 559 4585; x_wconf 85' lang='lat' dir='ltr'><strong>et</strong></span> <span class='ocrx_word' id='word_1_394' title='bbox 590 4533 764 4586; x_wconf 82' lang='lat' dir='ltr'><strong>videte</strong></span> <span class='ocrx_word' id='word_1_395' title='bbox 797 4532 992 4595; x_wconf 89' lang='lat' dir='ltr'><strong>locum,</strong></span> <span class='ocrx_word' id='word_1_396' title='bbox 1044 4531 1131 4583; x_wconf 87' lang='lat' dir='ltr'><strong>ubi</strong></span> <span class='ocrx_word' id='word_1_397' title='bbox 1176 4531 1375 4598; x_wconf 84' lang='lat' dir='ltr'><strong>positus</strong></span> <span class='ocrx_word' id='word_1_398' title='bbox 1418 4540 1533 4584; x_wconf 78' lang='lat' dir='ltr'><strong>erat</strong></span> <span class='ocrx_word' id='word_1_399' title='bbox 1572 4529 1677 4584; x_wconf 84' lang='lat' dir='ltr'><strong>Do-</strong></span> 
     </span>
    </p>
   </div>
   <div class='ocr_carea' id='block_1_60' title="bbox 99 4601 1679 4668">
    <p class='ocr_par' dir='ltr' id='par_1_60' title="bbox 99 4601 1679 4668">
     <span class='ocr_line' id='line_1_61' title="bbox 99 4601 1679 4668; baseline 0 -13"><span class='ocrx_word' id='word_1_400' title='bbox 99 4605 318 4657; x_wconf 86' lang='lat' dir='ltr'><strong>minus.</strong></span> <span class='ocrx_word' id='word_1_401' title='bbox 349 4603 414 4654; x_wconf 87' lang='lat' dir='ltr'><strong>Et</strong></span> <span class='ocrx_word' id='word_1_402' title='bbox 438 4604 546 4655; x_wconf 86' lang='lat' dir='ltr'><strong>cito</strong></span> <span class='ocrx_word' id='word_1_403' title='bbox 574 4614 757 4655; x_wconf 90' lang='lat' dir='ltr'><strong>euntes</strong></span> <span class='ocrx_word' id='word_1_404' title='bbox 785 4602 943 4655; x_wconf 78' lang='lat' dir='ltr'><strong>dicite</strong></span> <span class='ocrx_word' id='word_1_405' title='bbox 966 4601 1239 4668; x_wconf 78' lang='lat' dir='ltr'><strong>discipulis</strong></span> <span class='ocrx_word' id='word_1_406' title='bbox 1271 4603 1385 4667; x_wconf 88' lang='lat' dir='ltr'><strong>ejus</strong></span> <span class='ocrx_word' id='word_1_407' title='bbox 1406 4603 1525 4668; x_wconf 79' lang='lat' dir='ltr'><strong>quia</strong></span> <span class='ocrx_word' id='word_1_408' title='bbox 1558 4617 1679 4655; x_wconf 86' lang='lat' dir='ltr'><strong>sur-</strong></span> 
     </span>
    </p>
   </div>
   <div class='ocr_carea' id='block_1_61' title="bbox 98 4671 1674 4738">
    <p class='ocr_par' dir='ltr' id='par_1_61' title="bbox 98 4671 1674 4738">
     <span class='ocr_line' id='line_1_62' title="bbox 98 4671 1674 4738; baseline 0 -13"><span class='ocrx_word' id='word_1_409' title='bbox 98 4676 247 4725; x_wconf 81' lang='lat' dir='ltr'><strong>rexit</strong></span> <span class='ocrx_word' id='word_1_410' title='bbox 282 4689 298 4724; x_wconf 93' lang='lat'>:</span> <span class='ocrx_word' id='word_1_411' title='bbox 332 4680 383 4721; x_wconf 91' lang='lat' dir='ltr'><strong>et</strong></span> <span class='ocrx_word' id='word_1_412' title='bbox 409 4686 533 4723; x_wconf 68' lang='lat' dir='ltr'><strong>ei-ee</strong></span> <span class='ocrx_word' id='word_1_413' title='bbox 569 4671 831 4738; x_wconf 75' lang='lat' dir='ltr'><strong>praecedit</strong></span> <span class='ocrx_word' id='word_1_414' title='bbox 862 4687 952 4725; x_wconf 58' lang='lat' dir='ltr'><strong>vo;</strong></span> <span class='ocrx_word' id='word_1_415' title='bbox 993 4673 1044 4725; x_wconf 86' lang='lat' dir='ltr'><strong>in</strong></span> <span class='ocrx_word' id='word_1_416' title='bbox 1090 4671 1380 4725; x_wconf 80' lang='lat' dir='ltr'><strong>Galilaeam</strong></span> <span class='ocrx_word' id='word_1_417' title='bbox 1414 4690 1425 4722; x_wconf 91' lang='lat'>:</span> <span class='ocrx_word' id='word_1_418' title='bbox 1463 4672 1528 4725; x_wconf 90' lang='lat' dir='ltr'><strong>ibi</strong></span> <span class='ocrx_word' id='word_1_419' title='bbox 1554 4689 1674 4726; x_wconf 84' lang='lat' dir='ltr'><strong>cum</strong></span> 
     </span>
    </p>
   </div>
   <div class='ocr_carea' id='block_1_62' title="bbox 97 4738 1679 4803">
    <p class='ocr_par' dir='ltr' id='par_1_62' title="bbox 97 4738 1679 4803">
     <span class='ocr_line' id='line_1_63' title="bbox 97 4738 1679 4803; baseline 0.001 -10"><span class='ocrx_word' id='word_1_420' title='bbox 97 4738 391 4795; x_wconf 87' lang='lat' dir='ltr'><strong>videbitis.</strong></span> <span class='ocrx_word' id='word_1_421' title='bbox 423 4740 559 4794; x_wconf 83' lang='lat' dir='ltr'><strong>Ecce</strong></span> <span class='ocrx_word' id='word_1_422' title='bbox 583 4743 603 4771; x_wconf 79' lang='grc'>²</span> <span class='ocrx_word' id='word_1_423' title='bbox 628 4743 739 4795; x_wconf 74' lang='lat' dir='ltr'><strong>dixi</strong></span> <span class='ocrx_word' id='word_1_424' title='bbox 768 4742 935 4796; x_wconf 80' lang='lat' dir='ltr'><strong>vobis.</strong></span> <span class='ocrx_word' id='word_1_425' title='bbox 972 4743 1032 4803; x_wconf 68' lang='lat' dir='ltr'><strong>lit</strong></span> <span class='ocrx_word' id='word_1_426' title='bbox 1054 4742 1296 4795; x_wconf 71' lang='lat' dir='ltr'><strong>exierant</strong></span> <span class='ocrx_word' id='word_1_427' title='bbox 1340 4753 1446 4794; x_wconf 84' lang='lat' dir='ltr'><strong>Cito</strong></span> <span class='ocrx_word' id='word_1_428' title='bbox 1472 4744 1537 4795; x_wconf 89' lang='lat' dir='ltr'><strong>de</strong></span> <span class='ocrx_word' id='word_1_429' title='bbox 1568 4762 1679 4795; x_wconf 70' lang='lat' dir='ltr'><strong>mn-</strong></span> 
     </span>
    </p>
   </div>
   <div class='ocr_carea' id='block_1_63' title="bbox 96 4810 1678 4881">
    <p class='ocr_par' dir='ltr' id='par_1_63' title="bbox 96 4810 1678 4881">
     <span class='ocr_line' id='line_1_64' title="bbox 96 4810 1678 4881; baseline 0.001 -16"><span class='ocrx_word' id='word_1_430' title='bbox 96 4818 378 4865; x_wconf 81' lang='lat' dir='ltr'><strong>tittniento</strong></span> <span class='ocrx_word' id='word_1_431' title='bbox 410 4826 533 4881; x_wconf 78' lang='lat' dir='ltr'><strong>cum</strong></span> <span class='ocrx_word' id='word_1_432' title='bbox 581 4810 769 4865; x_wconf 87' lang='lat' dir='ltr'><strong>timore</strong></span> <span class='ocrx_word' id='word_1_433' title='bbox 815 4822 869 4865; x_wconf 88' lang='lat' dir='ltr'><strong>et</strong></span> <span class='ocrx_word' id='word_1_434' title='bbox 914 4813 1102 4881; x_wconf 83' lang='lat' dir='ltr'><strong>gaudio</strong></span> <span class='ocrx_word' id='word_1_435' title='bbox 1134 4825 1353 4879; x_wconf 80' lang='lat' dir='ltr'><strong>magno,</strong></span> <span class='ocrx_word' id='word_1_436' title='bbox 1399 4822 1678 4867; x_wconf 80' lang='lat' dir='ltr'><strong>currentes</strong></span> 
     </span>
    </p>
   </div>
   <div class='ocr_carea' id='block_1_64' title="bbox 96 4878 1675 4947">
    <p class='ocr_par' dir='ltr' id='par_1_64' title="bbox 96 4878 1675 4947">
     <span class='ocr_line' id='line_1_65' title="bbox 96 4878 1675 4947; baseline -0.003 -13"><span class='ocrx_word' id='word_1_437' title='bbox 96 4883 365 4934; x_wconf 80' lang='lat' dir='ltr'><strong>nuntiare</strong></span> <span class='ocrx_word' id='word_1_438' title='bbox 393 4878 664 4945; x_wconf 76' lang='lat' dir='ltr'><strong>discipulis</strong></span> <span class='ocrx_word' id='word_1_439' title='bbox 686 4884 834 4946; x_wconf 59' lang='lat' dir='ltr'><strong>ejus:</strong></span> <span class='ocrx_word' id='word_1_440' title='bbox 855 4878 1070 4935; x_wconf 53' lang='lat' dir='ltr'><strong>Et&#39;ecce</strong></span> <span class='ocrx_word' id='word_1_441' title='bbox 1095 4878 1248 4933; x_wconf 81' lang='lat' dir='ltr'><strong>Jesus</strong></span> <span class='ocrx_word' id='word_1_442' title='bbox 1280 4888 1509 4934; x_wconf 77' lang='lat' dir='ltr'><strong>t)(.&#39;tlll‘l&#39;ll</strong></span> <span class='ocrx_word' id='word_1_443' title='bbox 1550 4884 1675 4947; x_wconf 67' lang='lat' dir='ltr'><strong>illis,</strong></span> 
     </span>
    </p>
   </div>
   <div class='ocr_carea' id='block_1_65' title="bbox 95 4950 1679 5017">
    <p class='ocr_par' dir='ltr' id='par_1_65' title="bbox 95 4950 1679 5017">
     <span class='ocr_line' id='line_1_66' title="bbox 95 4950 1679 5017; baseline 0.004 -16"><span class='ocrx_word' id='word_1_444' title='bbox 95 4952 297 5017; x_wconf 69' lang='lat' dir='ltr'><strong>dir-esis</strong></span> <span class='ocrx_word' id='word_1_445' title='bbox 329 4966 340 4998; x_wconf 91' lang='lat'>:</span> <span class='ocrx_word' id='word_1_446' title='bbox 370 4950 551 5001; x_wconf 77' lang='lat' dir='ltr'><strong>Avele.</strong></span> <span class='ocrx_word' id='word_1_447' title='bbox 577 4950 699 5003; x_wconf 86' lang='lat' dir='ltr'><strong>Illae</strong></span> <span class='ocrx_word' id='word_1_448' title='bbox 727 4962 899 5005; x_wconf 85' lang='lat' dir='ltr'><strong>autem</strong></span> <span class='ocrx_word' id='word_1_449' title='bbox 928 4961 1286 5014; x_wconf 78' lang='lat' dir='ltr'><strong>accesserunt,</strong></span> <span class='ocrx_word' id='word_1_450' title='bbox 1313 4960 1366 5002; x_wconf 88' lang='lat' dir='ltr'><strong>et</strong></span> <span class='ocrx_word' id='word_1_451' title='bbox 1398 4963 1569 5005; x_wconf 86' lang='lat' dir='ltr'><strong>tenuei</strong></span> <span class='ocrx_word' id='word_1_452' title='bbox 1588 4963 1679 5007; x_wconf 85' lang='lat' dir='ltr'><strong>unt</strong></span> 
     </span>
    </p>
   </div>
   <div class='ocr_carea' id='block_1_66' title="bbox 94 5018 1676 5091">
    <p class='ocr_par' dir='ltr' id='par_1_66' title="bbox 94 5018 1676 5091">
     <span class='ocr_line' id='line_1_67' title="bbox 94 5018 1676 5091; baseline 0.001 -16"><span class='ocrx_word' id='word_1_453' title='bbox 94 5021 273 5091; x_wconf 85' lang='lat' dir='ltr'><strong>pedes</strong></span> <span class='ocrx_word' id='word_1_454' title='bbox 334 5018 490 5086; x_wconf 87' lang='lat' dir='ltr'><strong>ejus,</strong></span> <span class='ocrx_word' id='word_1_455' title='bbox 546 5027 598 5073; x_wconf 90' lang='lat' dir='ltr'><strong>et</strong></span> <span class='ocrx_word' id='word_1_456' title='bbox 642 5021 999 5076; x_wconf 86' lang='lat' dir='ltr'><strong>adoraverunt</strong></span> <span class='ocrx_word' id='word_1_457' title='bbox 1050 5036 1192 5074; x_wconf 89' lang='lat' dir='ltr'><strong>eum.</strong></span> <span class='ocrx_word' id='word_1_458' title='bbox 1251 5022 1401 5075; x_wconf 82' lang='lat' dir='ltr'><strong>&#39;l‘unc</strong></span> <span class='ocrx_word' id='word_1_459' title='bbox 1448 5022 1520 5076; x_wconf 85' lang='lat' dir='ltr'><strong>ait</strong></span> <span class='ocrx_word' id='word_1_460' title='bbox 1571 5024 1676 5078; x_wconf 91' lang='lat' dir='ltr'><strong>illis</strong></span> 
     </span>
    </p>
   </div>
   <div class='ocr_carea' id='block_1_67' title="bbox 82 5092 315 5147">
    <p class='ocr_par' dir='ltr' id='par_1_67' title="bbox 82 5092 315 5147">
     <span class='ocr_line' id='line_1_68' title="bbox 82 5092 315 5147; baseline -0.013 -2"><span class='ocrx_word' id='word_1_461' title='bbox 82 5092 258 5147; x_wconf 78' lang='lat' dir='ltr'><strong>Jestts</strong></span> <span class='ocrx_word' id='word_1_462' title='bbox 296 5106 315 5142; x_wconf 91' lang='lat'><strong>:</strong></span> 
     </span>
    </p>
   </div>
   <div class='ocr_carea' id='block_1_68' title="bbox 2211 421 2914 524">
    <p class='ocr_par' dir='ltr' id='par_1_68' title="bbox 2211 421 2914 524">
     <span class='ocr_line' id='line_1_69' title="bbox 2211 421 2914 524; baseline -0.01 0"><span class='ocrx_word' id='word_1_463' title='bbox 2211 468 2433 524; x_wconf 81' lang='lat' dir='ltr'><strong>CODEX</strong></span> <span class='ocrx_word' id='word_1_464' title='bbox 2467 421 2914 523; x_wconf 71' lang='lat' dir='ltr'><strong>vstioNENSIs.</strong></span> 
     </span>
    </p>
   </div>
   <div class='ocr_carea' id='block_1_69' title="bbox 1783 558 2992 618">
    <p class='ocr_par' dir='ltr' id='par_1_69' title="bbox 1783 558 2992 618">
     <span class='ocr_line' id='line_1_70' title="bbox 1783 558 2992 618; baseline -0.006 -4"><span class='ocrx_word' id='word_1_465' title='bbox 1783 560 1921 618; x_wconf 88' lang='lat' dir='ltr'><strong>latus</strong></span> <span class='ocrx_word' id='word_1_466' title='bbox 1953 580 1965 616; x_wconf 91' lang='lat'><strong>:</strong></span> <span class='ocrx_word' id='word_1_467' title='bbox 1995 562 2209 617; x_wconf 89' lang='lat' dir='ltr'><strong>llabetis</strong></span> <span class='ocrx_word' id='word_1_468' title='bbox 2238 592 2239 595; x_wconf 58' lang='grc' dir='ltr'><strong>η</strong></span> <span class='ocrx_word' id='word_1_469' title='bbox 2602 558 2839 614; x_wconf 80' lang='lat' dir='ltr'><strong>exterriti</strong></span> <span class='ocrx_word' id='word_1_470' title='bbox 2868 565 2992 610; x_wconf 87' lang='lat' dir='ltr'><strong>sunt</strong></span> 
     </span>
    </p>
   </div>
   <div class='ocr_carea' id='block_1_70' title="bbox 1782 628 2952 702">
    <p class='ocr_par' dir='ltr' id='par_1_70' title="bbox 1782 628 2952 702">
     <span class='ocr_line' id='line_1_71' title="bbox 1782 628 2952 702; baseline -0.007 -15"><span class='ocrx_word' id='word_1_471' title='bbox 1782 630 1858 702; x_wconf 79' lang='grc' dir='ltr'><strong>(α)</strong></span> <span class='ocrx_word' id='word_1_472' title='bbox 1880 633 2128 687; x_wconf 90' lang='lat' dir='ltr'><strong>custodes</strong></span> <span class='ocrx_word' id='word_1_473' title='bbox 2150 632 2210 702; x_wconf 66' lang='lat'><strong>1-,</strong></span> <span class='ocrx_word' id='word_1_474' title='bbox 2600 628 2869 702; x_wconf 81' lang='lat' dir='ltr'><strong>custodes,</strong></span> <span class='ocrx_word' id='word_1_475' title='bbox 2896 636 2952 679; x_wconf 92' lang='lat' dir='ltr'><strong>et</strong></span> 
     </span>
    </p>
   </div>
   <div class='ocr_carea' id='block_1_71' title="bbox 1784 700 2983 767">
    <p class='ocr_par' dir='ltr' id='par_1_71' title="bbox 1784 700 2983 767">
     <span class='ocr_line' id='line_1_72' title="bbox 1784 700 2983 767; baseline -0.003 -13"><span class='ocrx_word' id='word_1_476' title='bbox 1784 700 1877 767; x_wconf 82' lang='lat' dir='ltr'><strong>ite,</strong></span> <span class='ocrx_word' id='word_1_477' title='bbox 1905 700 2175 757; x_wconf 84' lang='lat' dir='ltr'><strong>custodite</strong></span> <span class='ocrx_word' id='word_1_478' title='bbox 2602 700 2723 752; x_wconf 81' lang='lat' dir='ltr'><strong>facti</strong></span> <span class='ocrx_word' id='word_1_479' title='bbox 2751 707 2983 767; x_wconf 85' lang='lat' dir='ltr'><strong>suntve-</strong></span> 
     </span>
    </p>
   </div>
   <div class='ocr_carea' id='block_1_72' title="bbox 1780 766 2912 826">
    <p class='ocr_par' dir='ltr' id='par_1_72' title="bbox 1780 766 2912 826">
     <span class='ocr_line' id='line_1_73' title="bbox 1780 766 2912 826; baseline -0.004 0"><span class='ocrx_word' id='word_1_480' title='bbox 1780 773 1917 826; x_wconf 90' lang='lat' dir='ltr'><strong>sicut</strong></span> <span class='ocrx_word' id='word_1_481' title='bbox 1937 773 2102 826; x_wconf 84' lang='lat' dir='ltr'><strong>scitis.</strong></span> <span class='ocrx_word' id='word_1_482' title='bbox 2602 769 2677 822; x_wconf 84' lang='lat' dir='ltr'><strong>litt</strong></span> <span class='ocrx_word' id='word_1_483' title='bbox 2696 766 2912 822; x_wconf 82' lang='lat' dir='ltr'><strong>mortui.</strong></span> 
     </span>
    </p>
   </div>
   <div class='ocr_carea' id='block_1_73' title="bbox 1782 835 3249 913">
    <p class='ocr_par' dir='ltr' id='par_1_73' title="bbox 1782 835 3249 913">
     <span class='ocr_line' id='line_1_74' title="bbox 1782 835 3249 913; baseline -0.005 -17"><span class='ocrx_word' id='word_1_484' title='bbox 1782 841 1865 897; x_wconf 83' lang='lat'><strong>66.</strong></span> <span class='ocrx_word' id='word_1_485' title='bbox 1908 843 1989 895; x_wconf 91' lang='lat' dir='ltr'><strong>llli</strong></span> <span class='ocrx_word' id='word_1_486' title='bbox 2020 852 2197 900; x_wconf 88' lang='lat' dir='ltr'><strong>autem</strong></span> <span class='ocrx_word' id='word_1_487' title='bbox 2601 839 2652 893; x_wconf 87' lang='lat'><strong>5.</strong></span> <span class='ocrx_word' id='word_1_488' title='bbox 2694 835 3249 913; x_wconf 64' lang='lat' dir='ltr'><strong>ltespondensautetn</strong></span> 
     </span>
    </p>
   </div>
   <div class='ocr_carea' id='block_1_74' title="bbox 1780 906 2974 977">
    <p class='ocr_par' dir='ltr' id='par_1_74' title="bbox 1780 906 2974 977">
     <span class='ocr_line' id='line_1_75' title="bbox 1780 906 2974 977; baseline -0.005 -12"><span class='ocrx_word' id='word_1_489' title='bbox 1780 922 1965 965; x_wconf 88' lang='lat' dir='ltr'><strong>euntes</strong></span> <span class='ocrx_word' id='word_1_490' title='bbox 1993 928 2108 966; x_wconf 91' lang='lat' dir='ltr'><strong>mu—</strong></span> <span class='ocrx_word' id='word_1_491' title='bbox 2602 909 2815 977; x_wconf 79' lang='lat' dir='ltr'><strong>angelus</strong></span> <span class='ocrx_word' id='word_1_492' title='bbox 2841 906 2974 959; x_wconf 82' lang='lat' dir='ltr'><strong>dixit</strong></span> 
     </span>
    </p>
   </div>
   <div class='ocr_carea' id='block_1_75' title="bbox 1781 973 3076 1037">
    <p class='ocr_par' dir='ltr' id='par_1_75' title="bbox 1781 973 3076 1037">
     <span class='ocr_line' id='line_1_76' title="bbox 1781 973 3076 1037; baseline -0.005 -3"><span class='ocrx_word' id='word_1_493' title='bbox 1781 981 1990 1036; x_wconf 90' lang='lat' dir='ltr'><strong>nierunt</strong></span> <span class='ocrx_word' id='word_1_494' title='bbox 2019 998 2105 1037; x_wconf 85' lang='lat' dir='ltr'><strong>se-</strong></span> <span class='ocrx_word' id='word_1_495' title='bbox 2602 973 2908 1032; x_wconf 75' lang='lat' dir='ltr'><strong>mulieribus</strong></span> <span class='ocrx_word' id='word_1_496' title='bbox 2931 992 2944 1027; x_wconf 92' lang='lat'><strong>:</strong></span> <span class='ocrx_word' id='word_1_497' title='bbox 2972 973 3076 1027; x_wconf 84' lang='lat' dir='ltr'><strong>No-</strong></span> 
     </span>
    </p>
   </div>
   <div class='ocr_carea' id='block_1_76' title="bbox 1781 1047 3063 1119">
    <p class='ocr_par' dir='ltr' id='par_1_76' title="bbox 1781 1047 3063 1119">
     <span class='ocr_line' id='line_1_77' title="bbox 1781 1047 3063 1119; baseline -0.007 -14"><span class='ocrx_word' id='word_1_498' title='bbox 1781 1052 2078 1119; x_wconf 66' lang='lat' dir='ltr'><strong>pul’chrum,</strong></span> <span class='ocrx_word' id='word_1_499' title='bbox 2604 1047 2695 1119; x_wconf 85' lang='lat' dir='ltr'><strong>lite</strong></span> <span class='ocrx_word' id='word_1_500' title='bbox 2717 1047 2902 1119; x_wconf 81' lang='lat' dir='ltr'><strong>timere</strong></span> <span class='ocrx_word' id='word_1_501' title='bbox 2930 1058 3024 1097; x_wconf 90' lang='lat' dir='ltr'><strong>vos</strong></span> <span class='ocrx_word' id='word_1_502' title='bbox 3050 1059 3063 1119; x_wconf 69' lang='grc' dir='ltr'>ξ</span> 
     </span>
    </p>
   </div>
   <div class='ocr_carea' id='block_1_77' title="bbox 1780 1112 3069 1195">
    <p class='ocr_par' dir='ltr' id='par_1_77' title="bbox 1780 1112 3069 1195">
     <span class='ocr_line' id='line_1_78' title="bbox 1780 1112 3069 1195; baseline -0.007 -21"><span class='ocrx_word' id='word_1_503' title='bbox 1780 1112 2050 1195; x_wconf 66' lang='lat' dir='ltr'><strong>signantes</strong></span> <span class='ocrx_word' id='word_1_504' title='bbox 2066 1112 2209 1193; x_wconf 39' lang='lat' dir='ltr'><strong>&#39;Iapi-</strong></span> <span class='ocrx_word' id='word_1_505' title='bbox 2245 1186 2249 1190; x_wconf 16' lang='grc' dir='ltr'><strong><em>μ</em></strong></span> <span class='ocrx_word' id='word_1_506' title='bbox 2600 1118 2712 1195; x_wconf 72' lang='lat' dir='ltr'><strong>scio</strong></span> <span class='ocrx_word' id='word_1_507' title='bbox 2736 1112 3069 1195; x_wconf 77' lang='lat' dir='ltr'><strong>enim,_quod</strong></span> 
     </span>
    </p>
   </div>
   <div class='ocr_carea' id='block_1_78' title="bbox 1779 1186 3072 1253">
    <p class='ocr_par' dir='ltr' id='par_1_78' title="bbox 1779 1186 3072 1253">
     <span class='ocr_line' id='line_1_79' title="bbox 1779 1186 3072 1253; baseline -0.005 -9"><span class='ocrx_word' id='word_1_508' title='bbox 1779 1186 1898 1245; x_wconf 75' lang='lat' dir='ltr'><strong>dein</strong></span> <span class='ocrx_word' id='word_1_509' title='bbox 1930 1206 2048 1246; x_wconf 89' lang='lat' dir='ltr'><strong>cum</strong></span> <span class='ocrx_word' id='word_1_510' title='bbox 2075 1186 2169 1247; x_wconf 65' lang='lat' dir='ltr'><strong>cu&#39;-</strong></span> <span class='ocrx_word' id='word_1_511' title='bbox 2245 1186 2249 1190; x_wconf 66' lang='grc'><em>’</em></span> <span class='ocrx_word' id='word_1_512' title='bbox 2601 1186 2803 1251; x_wconf 83' lang='lat' dir='ltr'><strong>Jesum,</strong></span> <span class='ocrx_word' id='word_1_513' title='bbox 2833 1186 2919 1253; x_wconf 88' lang='lat' dir='ltr'><strong>qui</strong></span> <span class='ocrx_word' id='word_1_514' title='bbox 2952 1198 3072 1239; x_wconf 88' lang='lat' dir='ltr'><strong>cru-</strong></span> 
     </span>
    </p>
   </div>
   <div class='ocr_carea' id='block_1_79' title="bbox 1779 1256 2924 1317">
    <p class='ocr_par' dir='ltr' id='par_1_79' title="bbox 1779 1256 2924 1317">
     <span class='ocr_line' id='line_1_80' title="bbox 1779 1256 2924 1317; baseline -0.004 -4"><span class='ocrx_word' id='word_1_515' title='bbox 1779 1260 2039 1317; x_wconf 81' lang='lat' dir='ltr'><strong>stodibus.</strong></span> <span class='ocrx_word' id='word_1_516' title='bbox 2602 1256 2791 1310; x_wconf 78' lang='lat' dir='ltr'><strong>cilixus</strong></span> <span class='ocrx_word' id='word_1_517' title='bbox 2821 1266 2924 1317; x_wconf 86' lang='lat' dir='ltr'><strong>est,</strong></span> 
     </span>
    </p>
   </div>
   <div class='ocr_carea' id='block_1_80' title="bbox 1898 1334 3183 1450">
    <p class='ocr_par' dir='ltr' id='par_1_80' title="bbox 1898 1334 3183 1450">
     <span class='ocr_line' id='line_1_81' title="bbox 1898 1334 3183 1450; baseline 0.01 -16"><span class='ocrx_word' id='word_1_518' title='bbox 1898 1369 2123 1427; x_wconf 74' lang='lat' dir='ltr'><strong>CAPUT</strong></span> <span class='ocrx_word' id='word_1_519' title='bbox 2150 1372 2378 1427; x_wconf 63' lang='grc' dir='ltr'><strong>ΧΧἻῘΠ·</strong></span> <span class='ocrx_word' id='word_1_520' title='bbox 2601 1334 3183 1450; x_wconf 46' lang='grc' dir='ltr'><strong>(ἐξωὲδΐιίῗιῗέεῃέυηηθιίι</strong></span> 
     </span>
    </p>
   </div>
   <div class='ocr_carea' id='block_1_81' title="bbox 1781 1460 2924 1531">
    <p class='ocr_par' dir='ltr' id='par_1_81' title="bbox 1781 1460 2924 1531">
     <span class='ocr_line' id='line_1_82' title="bbox 1781 1460 2924 1531; baseline 0.001 -15"><span class='ocrx_word' id='word_1_521' title='bbox 1781 1463 1832 1516; x_wconf 94' lang='grc'><strong>1.</strong></span> <span class='ocrx_word' id='word_1_522' title='bbox 1853 1460 2087 1530; x_wconf 81' lang='lat' dir='ltr'><strong>VeSpcre</strong></span> <span class='ocrx_word' id='word_1_523' title='bbox 2342 1484 2345 1486; x_wconf 92' lang='grc'><strong>·</strong></span> <span class='ocrx_word' id='word_1_524' title='bbox 2536 1460 2539 1463; x_wconf 79' lang='grc'><em>’</em></span> <span class='ocrx_word' id='word_1_525' title='bbox 2598 1465 2759 1531; x_wconf 88' lang='lat' dir='ltr'><strong>enim,</strong></span> <span class='ocrx_word' id='word_1_526' title='bbox 2789 1467 2924 1531; x_wconf 83' lang='lat' dir='ltr'><strong>sicut</strong></span> 
     </span>
    </p>
   </div>
   <div class='ocr_carea' id='block_1_82' title="bbox 1779 1526 3113 1603">
    <p class='ocr_par' dir='ltr' id='par_1_82' title="bbox 1779 1526 3113 1603">
     <span class='ocr_line' id='line_1_83' title="bbox 1779 1526 3113 1603; baseline -0.001 -19"><span class='ocrx_word' id='word_1_527' title='bbox 1779 1526 2172 1603; x_wconf 37' lang='lat' dir='ltr'><strong>autem-sabba-</strong></span> <span class='ocrx_word' id='word_1_528' title='bbox 2598 1534 2730 1589; x_wconf 84' lang='lat' dir='ltr'><strong>dixit</strong></span> <span class='ocrx_word' id='word_1_529' title='bbox 2746 1526 2773 1589; x_wconf 62' lang='grc' dir='ltr'>ἐ</span> <span class='ocrx_word' id='word_1_530' title='bbox 2806 1526 3017 1603; x_wconf 61' lang='grc' dir='ltr'><strong>Υωιὶιρ,</strong></span> <span class='ocrx_word' id='word_1_531' title='bbox 3102 1565 3113 1583; x_wconf 92' lang='grc'><strong>,-</strong></span> 
     </span>
    </p>
   </div>
   <div class='ocr_carea' id='block_1_83' title="bbox 1780 1602 2947 1668">
    <p class='ocr_par' dir='ltr' id='par_1_83' title="bbox 1780 1602 2947 1668">
     <span class='ocr_line' id='line_1_84' title="bbox 1780 1602 2947 1668; baseline 0.002 -13"><span class='ocrx_word' id='word_1_532' title='bbox 1780 1602 1841 1666; x_wconf 84' lang='grc' dir='ltr'><strong>ιί,</strong></span> <span class='ocrx_word' id='word_1_533' title='bbox 1871 1616 2003 1668; x_wconf 86' lang='lat' dir='ltr'><strong>quac</strong></span> <span class='ocrx_word' id='word_1_534' title='bbox 2031 1602 2113 1655; x_wconf 91' lang='lat' dir='ltr'><strong>lu-</strong></span> <span class='ocrx_word' id='word_1_535' title='bbox 2599 1614 2649 1658; x_wconf 92' lang='lat' dir='ltr'><strong>et</strong></span> <span class='ocrx_word' id='word_1_536' title='bbox 2674 1605 2844 1659; x_wconf 82' lang='lat' dir='ltr'><strong>videte</strong></span> <span class='ocrx_word' id='word_1_537' title='bbox 2870 1605 2947 1657; x_wconf 86' lang='lat' dir='ltr'><strong>Io-</strong></span> 
     </span>
    </p>
   </div>
   <div class='ocr_carea' id='block_1_84' title="bbox 1778 1671 2983 1741">
    <p class='ocr_par' dir='ltr' id='par_1_84' title="bbox 1778 1671 2983 1741">
     <span class='ocr_line' id='line_1_85' title="bbox 1778 1671 2983 1741; baseline 0 -16"><span class='ocrx_word' id='word_1_538' title='bbox 1778 1671 1942 1725; x_wconf 75' lang='lat' dir='ltr'><strong>cescit</strong></span> <span class='ocrx_word' id='word_1_539' title='bbox 1968 1673 2017 1725; x_wconf 90' lang='lat' dir='ltr'><strong>in</strong></span> <span class='ocrx_word' id='word_1_540' title='bbox 2046 1674 2155 1741; x_wconf 87' lang='lat' dir='ltr'><strong>pri-</strong></span> <span class='ocrx_word' id='word_1_541' title='bbox 2599 1689 2742 1741; x_wconf 86' lang='lat' dir='ltr'><strong>cum,</strong></span> <span class='ocrx_word' id='word_1_542' title='bbox 2776 1674 2864 1728; x_wconf 91' lang='lat' dir='ltr'><strong>ubi</strong></span> <span class='ocrx_word' id='word_1_543' title='bbox 2894 1690 2983 1739; x_wconf 84' lang='lat' dir='ltr'><strong>po-</strong></span> 
     </span>
    </p>
   </div>
   <div class='ocr_carea' id='block_1_85' title="bbox 1781 1742 3002 1807">
    <p class='ocr_par' dir='ltr' id='par_1_85' title="bbox 1781 1742 3002 1807">
     <span class='ocr_line' id='line_1_86' title="bbox 1781 1742 3002 1807; baseline 0.001 -13"><span class='ocrx_word' id='word_1_544' title='bbox 1781 1758 1862 1794; x_wconf 88' lang='lat' dir='ltr'><strong>ma</strong></span> <span class='ocrx_word' id='word_1_545' title='bbox 1894 1742 2116 1807; x_wconf 85' lang='lat' dir='ltr'><strong>sabbati,</strong></span> <span class='ocrx_word' id='word_1_546' title='bbox 2180 1794 2187 1803; x_wconf 71' lang='grc'><em>,</em></span> <span class='ocrx_word' id='word_1_547' title='bbox 2600 1745 2732 1798; x_wconf 91' lang='lat' dir='ltr'><strong>situs</strong></span> <span class='ocrx_word' id='word_1_548' title='bbox 2757 1754 2870 1798; x_wconf 87' lang='lat' dir='ltr'><strong>erat</strong></span> <span class='ocrx_word' id='word_1_549' title='bbox 2896 1743 3002 1797; x_wconf 85' lang='lat' dir='ltr'><strong>Do-</strong></span> 
     </span>
    </p>
   </div>
   <div class='ocr_carea' id='block_1_86' title="bbox 1779 1810 3237 1869">
    <p class='ocr_par' dir='ltr' id='par_1_86' title="bbox 1779 1810 3237 1869">
     <span class='ocr_line' id='line_1_87' title="bbox 1779 1810 3237 1869; baseline 0.002 -7"><span class='ocrx_word' id='word_1_550' title='bbox 1779 1810 1924 1865; x_wconf 86' lang='lat' dir='ltr'><strong>vcnit</strong></span> <span class='ocrx_word' id='word_1_551' title='bbox 1951 1812 2109 1866; x_wconf 76' lang='lat' dir='ltr'><strong>Maria</strong></span> <span class='ocrx_word' id='word_1_552' title='bbox 2142 1852 2143 1855; x_wconf 60' lang='grc' dir='ltr'><strong>η</strong></span> <span class='ocrx_word' id='word_1_553' title='bbox 2602 1816 2653 1868; x_wconf 90' lang='grc'><strong>7.</strong></span> <span class='ocrx_word' id='word_1_554' title='bbox 2696 1814 2891 1869; x_wconf 88' lang='lat' dir='ltr'><strong>minus.</strong></span> <span class='ocrx_word' id='word_1_555' title='bbox 2922 1814 2987 1867; x_wconf 85' lang='lat' dir='ltr'><strong>Et</strong></span> <span class='ocrx_word' id='word_1_556' title='bbox 3007 1812 3113 1868; x_wconf 90' lang='lat' dir='ltr'><strong>cito</strong></span> <span class='ocrx_word' id='word_1_557' title='bbox 3140 1838 3143 1845; x_wconf 56' lang='grc' dir='ltr'><strong>ι</strong></span> <span class='ocrx_word' id='word_1_558' title='bbox 3230 1843 3237 1847; x_wconf 58' lang='grc'>&gt;</span> 
     </span>
    </p>
   </div>
   <div class='ocr_carea' id='block_1_87' title="bbox 1744 1882 2977 1951">
    <p class='ocr_par' dir='ltr' id='par_1_87' title="bbox 1744 1882 2977 1951">
     <span class='ocr_line' id='line_1_88' title="bbox 1744 1882 2977 1951; baseline 0.004 -17"><span class='ocrx_word' id='word_1_559' title='bbox 1744 1911 1749 1915; x_wconf 86' lang='grc'><strong><em>-</em></strong></span> <span class='ocrx_word' id='word_1_560' title='bbox 1778 1882 2105 1951; x_wconf 79' lang='lat' dir='ltr'><strong>Magdaleua,</strong></span> <span class='ocrx_word' id='word_1_561' title='bbox 2601 1893 2789 1940; x_wconf 89' lang='lat' dir='ltr'><strong>euntes</strong></span> <span class='ocrx_word' id='word_1_562' title='bbox 2816 1884 2977 1939; x_wconf 91' lang='lat' dir='ltr'><strong>dicite</strong></span> 
     </span>
    </p>
   </div>
   <div class='ocr_carea' id='block_1_88' title="bbox 1738 1952 3015 2035">
    <p class='ocr_par' dir='ltr' id='par_1_88' title="bbox 1738 1952 3015 2035">
     <span class='ocr_line' id='line_1_89' title="bbox 1738 1952 3015 2035; baseline -0.001 -26"><span class='ocrx_word' id='word_1_563' title='bbox 1738 2006 1739 2009; x_wconf 44' lang='grc' dir='ltr'><strong>η</strong></span> <span class='ocrx_word' id='word_1_564' title='bbox 1779 1960 1833 2030; x_wconf 83' lang='lat' dir='ltr'><strong>et</strong></span> <span class='ocrx_word' id='word_1_565' title='bbox 1855 1952 2021 2035; x_wconf 67' lang='lat' dir='ltr'><strong>altera</strong></span> <span class='ocrx_word' id='word_1_566' title='bbox 2048 1952 2157 2006; x_wconf 71' lang='grc' dir='ltr'><strong>Μει-</strong></span> <span class='ocrx_word' id='word_1_567' title='bbox 2600 1955 2874 2035; x_wconf 75' lang='lat' dir='ltr'><strong>discipulis</strong></span> <span class='ocrx_word' id='word_1_568' title='bbox 2900 1954 3015 2035; x_wconf 78' lang='lat' dir='ltr'><strong>ejus</strong></span> 
     </span>
    </p>
   </div>
   <div class='ocr_carea' id='block_1_89' title="bbox 1780 2022 3017 2093">
    <p class='ocr_par' dir='ltr' id='par_1_89' title="bbox 1780 2022 3017 2093">
     <span class='ocr_line' id='line_1_90' title="bbox 1780 2022 3017 2093; baseline 0.001 -18"><span class='ocrx_word' id='word_1_569' title='bbox 1780 2023 1878 2085; x_wconf 84' lang='lat' dir='ltr'><strong>ria,</strong></span> <span class='ocrx_word' id='word_1_570' title='bbox 1911 2022 2097 2077; x_wconf 88' lang='lat' dir='ltr'><strong>videre</strong></span> <span class='ocrx_word' id='word_1_571' title='bbox 2600 2026 2721 2093; x_wconf 81' lang='lat' dir='ltr'><strong>quia</strong></span> <span class='ocrx_word' id='word_1_572' title='bbox 2734 2022 2975 2092; x_wconf 64' lang='lat' dir='ltr'><strong>Surrexit</strong></span> <span class='ocrx_word' id='word_1_573' title='bbox 3003 2041 3017 2076; x_wconf 90' lang='lat'><strong>:</strong></span> 
     </span>
    </p>
   </div>
   <div class='ocr_carea' id='block_1_90' title="bbox 1773 2094 2945 2163">
    <p class='ocr_par' dir='ltr' id='par_1_90' title="bbox 1773 2094 2945 2163">
     <span class='ocr_line' id='line_1_91' title="bbox 1773 2094 2945 2163; baseline 0.004 -21"><span class='ocrx_word' id='word_1_574' title='bbox 1773 2094 2137 2163; x_wconf 80' lang='lat' dir='ltr'><strong>sepulchrum.</strong></span> <span class='ocrx_word' id='word_1_575' title='bbox 2218 2100 2223 2104; x_wconf 75' lang='grc'><em>’</em></span> <span class='ocrx_word' id='word_1_576' title='bbox 2602 2104 2655 2148; x_wconf 90' lang='lat' dir='ltr'><strong>et</strong></span> <span class='ocrx_word' id='word_1_577' title='bbox 2679 2094 2945 2163; x_wconf 68' lang='lat' dir='ltr'><strong>praecedit</strong></span> 
     </span>
    </p>
   </div>
   <div class='ocr_carea' id='block_1_91' title="bbox 1778 2155 3125 2218">
    <p class='ocr_par' dir='ltr' id='par_1_91' title="bbox 1778 2155 3125 2218">
     <span class='ocr_line' id='line_1_92' title="bbox 1778 2155 3125 2218; baseline 0.001 -4"><span class='ocrx_word' id='word_1_578' title='bbox 1778 2155 1850 2214; x_wconf 58' lang='lat' dir='ltr'><strong>2f</strong></span> <span class='ocrx_word' id='word_1_579' title='bbox 1876 2162 1939 2213; x_wconf 81' lang='lat' dir='ltr'><strong>Et</strong></span> <span class='ocrx_word' id='word_1_580' title='bbox 1961 2176 2087 2216; x_wconf 87' lang='lat' dir='ltr'><strong>ecce</strong></span> <span class='ocrx_word' id='word_1_581' title='bbox 2110 2172 2215 2217; x_wconf 86' lang='lat' dir='ltr'><strong>ter-</strong></span> <span class='ocrx_word' id='word_1_582' title='bbox 2605 2155 2699 2218; x_wconf 81' lang='lat' dir='ltr'><strong>vos</strong></span> <span class='ocrx_word' id='word_1_583' title='bbox 2724 2167 2774 2217; x_wconf 90' lang='lat' dir='ltr'><strong>in</strong></span> <span class='ocrx_word' id='word_1_584' title='bbox 2802 2155 3087 2217; x_wconf 78' lang='lat' dir='ltr'><strong>Galilaeam</strong></span> <span class='ocrx_word' id='word_1_585' title='bbox 3113 2179 3125 2215; x_wconf 89' lang='lat'>:</span> 
     </span>
    </p>
   </div>
   <div class='ocr_carea' id='block_1_92' title="bbox 1782 2232 2990 2289">
    <p class='ocr_par' dir='ltr' id='par_1_92' title="bbox 1782 2232 2990 2289">
     <span class='ocr_line' id='line_1_93' title="bbox 1782 2232 2990 2289; baseline 0.004 -7"><span class='ocrx_word' id='word_1_586' title='bbox 1782 2241 2017 2284; x_wconf 80' lang='lat' dir='ltr'><strong>remotus</strong></span> <span class='ocrx_word' id='word_1_587' title='bbox 2047 2232 2124 2284; x_wconf 84' lang='lat' dir='ltr'><strong>la-</strong></span> <span class='ocrx_word' id='word_1_588' title='bbox 2607 2234 2675 2288; x_wconf 87' lang='lat' dir='ltr'><strong>ibi</strong></span> <span class='ocrx_word' id='word_1_589' title='bbox 2703 2250 2823 2289; x_wconf 89' lang='lat' dir='ltr'><strong>eum</strong></span> <span class='ocrx_word' id='word_1_590' title='bbox 2847 2234 2990 2287; x_wconf 86' lang='lat' dir='ltr'><strong>vide-</strong></span> 
     </span>
    </p>
   </div>
   <div class='ocr_carea' id='block_1_93' title="bbox 1778 2303 3063 2373">
    <p class='ocr_par' dir='ltr' id='par_1_93' title="bbox 1778 2303 3063 2373">
     <span class='ocr_line' id='line_1_94' title="bbox 1778 2303 3063 2373; baseline 0.002 -18"><span class='ocrx_word' id='word_1_591' title='bbox 1778 2310 1893 2355; x_wconf 87' lang='lat' dir='ltr'><strong>ctus</strong></span> <span class='ocrx_word' id='word_1_592' title='bbox 1921 2308 2003 2373; x_wconf 84' lang='lat' dir='ltr'><strong>est</strong></span> <span class='ocrx_word' id='word_1_593' title='bbox 2030 2316 2141 2355; x_wconf 86' lang='lat' dir='ltr'><strong>ma-</strong></span> <span class='ocrx_word' id='word_1_594' title='bbox 2606 2303 2748 2358; x_wconf 90' lang='lat' dir='ltr'><strong>bitis.</strong></span> <span class='ocrx_word' id='word_1_595' title='bbox 2782 2303 2853 2373; x_wconf 85' lang='lat' dir='ltr'><strong>(c)</strong></span> <span class='ocrx_word' id='word_1_596' title='bbox 2880 2304 3014 2358; x_wconf 88' lang='lat' dir='ltr'><strong>Ecce</strong></span> <span class='ocrx_word' id='word_1_597' title='bbox 3060 2368 3063 2371; x_wconf 96' lang='lat'><em>_</em></span> 
     </span>
    </p>
   </div>
   <div class='ocr_carea' id='block_1_94' title="bbox 1778 2372 2968 2443">
    <p class='ocr_par' dir='ltr' id='par_1_94' title="bbox 1778 2372 2968 2443">
     <span class='ocr_line' id='line_1_95' title="bbox 1778 2372 2968 2443; baseline 0.003 -21"><span class='ocrx_word' id='word_1_598' title='bbox 1778 2386 1931 2441; x_wconf 79' lang='lat' dir='ltr'><strong>gnus.</strong></span> <span class='ocrx_word' id='word_1_599' title='bbox 1954 2372 2201 2443; x_wconf 61' lang='lat' dir='ltr'><strong>Angelus</strong></span> <span class='ocrx_word' id='word_1_600' title='bbox 2606 2375 2711 2428; x_wconf 82' lang='lat' dir='ltr'><strong>dixi</strong></span> <span class='ocrx_word' id='word_1_601' title='bbox 2733 2376 2772 2443; x_wconf 70' lang='grc' dir='ltr'><strong>-ζο</strong></span> <span class='ocrx_word' id='word_1_602' title='bbox 2794 2372 2968 2428; x_wconf 80' lang='lat' dir='ltr'><strong>vobis.</strong></span> 
     </span>
    </p>
   </div>
   <div class='ocr_carea' id='block_1_95' title="bbox 1781 2442 3034 2499">
    <p class='ocr_par' dir='ltr' id='par_1_95' title="bbox 1781 2442 3034 2499">
     <span class='ocr_line' id='line_1_96' title="bbox 1781 2442 3034 2499; baseline 0.002 -3"><span class='ocrx_word' id='word_1_603' title='bbox 1781 2442 1922 2496; x_wconf 85' lang='lat' dir='ltr'><strong>enim</strong></span> <span class='ocrx_word' id='word_1_604' title='bbox 1952 2442 2160 2497; x_wconf 79' lang='lat' dir='ltr'><strong>Domini</strong></span> <span class='ocrx_word' id='word_1_605' title='bbox 2603 2444 2655 2499; x_wconf 89' lang='lat'><strong>8.</strong></span> <span class='ocrx_word' id='word_1_606' title='bbox 2698 2442 2764 2497; x_wconf 88' lang='lat' dir='ltr'><strong>Et</strong></span> <span class='ocrx_word' id='word_1_607' title='bbox 2792 2444 3034 2499; x_wconf 79' lang='lat' dir='ltr'><strong>exierunt</strong></span> 
     </span>
    </p>
   </div>
   <div class='ocr_carea' id='block_1_96' title="bbox 1780 2510 3004 2567">
    <p class='ocr_par' dir='ltr' id='par_1_96' title="bbox 1780 2510 3004 2567">
     <span class='ocr_line' id='line_1_97' title="bbox 1780 2510 3004 2567; baseline 0.003 -4"><span class='ocrx_word' id='word_1_608' title='bbox 1780 2510 2052 2566; x_wconf 83' lang='lat' dir='ltr'><strong>descendit</strong></span> <span class='ocrx_word' id='word_1_609' title='bbox 2083 2515 2147 2565; x_wconf 86' lang='lat' dir='ltr'><strong>de</strong></span> <span class='ocrx_word' id='word_1_610' title='bbox 2603 2516 2708 2567; x_wconf 89' lang='lat' dir='ltr'><strong>cito</strong></span> <span class='ocrx_word' id='word_1_611' title='bbox 2729 2514 2794 2567; x_wconf 93' lang='lat' dir='ltr'><strong>de</strong></span> <span class='ocrx_word' id='word_1_612' title='bbox 2816 2530 3004 2567; x_wconf 93' lang='lat' dir='ltr'><strong>monu-</strong></span> 
     </span>
    </p>
   </div>
   <div class='ocr_carea' id='block_1_97' title="bbox 1742 2582 2922 2636">
    <p class='ocr_par' dir='ltr' id='par_1_97' title="bbox 1742 2582 2922 2636">
     <span class='ocr_line' id='line_1_98' title="bbox 1742 2582 2922 2636; baseline -0.003 -1"><span class='ocrx_word' id='word_1_613' title='bbox 1742 2628 1750 2635; x_wconf 93' lang='lat'><strong>.</strong></span> <span class='ocrx_word' id='word_1_614' title='bbox 1780 2582 1929 2635; x_wconf 86' lang='lat' dir='ltr'><strong>caelo</strong></span> <span class='ocrx_word' id='word_1_615' title='bbox 1960 2600 1971 2635; x_wconf 92' lang='lat'>:</span> <span class='ocrx_word' id='word_1_616' title='bbox 2004 2593 2052 2635; x_wconf 89' lang='lat' dir='ltr'><strong>et</strong></span> <span class='ocrx_word' id='word_1_617' title='bbox 2083 2583 2176 2635; x_wconf 87' lang='lat' dir='ltr'><strong>ad-</strong></span> <span class='ocrx_word' id='word_1_618' title='bbox 2604 2593 2784 2635; x_wconf 88' lang='lat' dir='ltr'><strong>mento</strong></span> <span class='ocrx_word' id='word_1_619' title='bbox 2803 2598 2922 2636; x_wconf 90' lang='lat' dir='ltr'><strong>cum</strong></span> 
     </span>
    </p>
   </div>
   <div class='ocr_carea' id='block_1_98' title="bbox 1779 2646 3111 2719">
    <p class='ocr_par' dir='ltr' id='par_1_98' title="bbox 1779 2646 3111 2719">
     <span class='ocr_line' id='line_1_99' title="bbox 1779 2646 3111 2719; baseline 0.002 -17"><span class='ocrx_word' id='word_1_620' title='bbox 1779 2651 1973 2704; x_wconf 89' lang='lat' dir='ltr'><strong>cedens</strong></span> <span class='ocrx_word' id='word_1_621' title='bbox 1996 2652 2167 2705; x_wconf 87' lang='lat' dir='ltr'><strong>revol—</strong></span> <span class='ocrx_word' id='word_1_622' title='bbox 2604 2646 2793 2705; x_wconf 85' lang='lat' dir='ltr'><strong>iimore</strong></span> <span class='ocrx_word' id='word_1_623' title='bbox 2821 2660 2874 2704; x_wconf 92' lang='lat' dir='ltr'><strong>et</strong></span> <span class='ocrx_word' id='word_1_624' title='bbox 2906 2665 3034 2719; x_wconf 81' lang='lat' dir='ltr'><strong>gau-</strong></span> <span class='ocrx_word' id='word_1_625' title='bbox 3105 2708 3111 2713; x_wconf 70' lang='grc'>,</span> 
     </span>
    </p>
   </div>
   <div class='ocr_carea' id='block_1_99' title="bbox 1704 2719 3072 2789">
    <p class='ocr_par' dir='ltr' id='par_1_99' title="bbox 1704 2719 3072 2789">
     <span class='ocr_line' id='line_1_100' title="bbox 1704 2719 3072 2789; baseline 0.002 -18"><span class='ocrx_word' id='word_1_626' title='bbox 1704 2746 1709 2751; x_wconf 88' lang='grc'><strong>-</strong></span> <span class='ocrx_word' id='word_1_627' title='bbox 1780 2719 1855 2771; x_wconf 86' lang='lat' dir='ltr'><strong>vit</strong></span> <span class='ocrx_word' id='word_1_628' title='bbox 1882 2720 2134 2786; x_wconf 88' lang='lat' dir='ltr'><strong>lapidem,</strong></span> <span class='ocrx_word' id='word_1_629' title='bbox 2603 2720 2692 2774; x_wconf 90' lang='lat' dir='ltr'><strong>dio</strong></span> <span class='ocrx_word' id='word_1_630' title='bbox 2720 2736 2931 2789; x_wconf 83' lang='lat' dir='ltr'><strong>magno,</strong></span> <span class='ocrx_word' id='word_1_631' title='bbox 2955 2734 3072 2774; x_wconf 89' lang='lat' dir='ltr'><strong>cur-</strong></span> 
     </span>
    </p>
   </div>
   <div class='ocr_carea' id='block_1_100' title="bbox 1782 2790 3053 2845">
    <p class='ocr_par' dir='ltr' id='par_1_100' title="bbox 1782 2790 3053 2845">
     <span class='ocr_line' id='line_1_101' title="bbox 1782 2790 3053 2845; baseline 0.003 -4"><span class='ocrx_word' id='word_1_632' title='bbox 1782 2798 1836 2842; x_wconf 91' lang='lat' dir='ltr'><strong>et</strong></span> <span class='ocrx_word' id='word_1_633' title='bbox 1863 2790 2080 2842; x_wconf 87' lang='lat' dir='ltr'><strong>sedebat</strong></span> <span class='ocrx_word' id='word_1_634' title='bbox 2605 2800 2781 2845; x_wconf 83' lang='lat' dir='ltr'><strong>rentes</strong></span> <span class='ocrx_word' id='word_1_635' title='bbox 2812 2792 3053 2845; x_wconf 88' lang='lat' dir='ltr'><strong>nuntiare</strong></span> 
     </span>
    </p>
   </div>
   <div class='ocr_carea' id='block_1_101' title="bbox 1781 2860 3043 2931">
    <p class='ocr_par' dir='ltr' id='par_1_101' title="bbox 1781 2860 3043 2931">
     <span class='ocr_line' id='line_1_102' title="bbox 1781 2860 3043 2931; baseline 0.004 -23"><span class='ocrx_word' id='word_1_636' title='bbox 1781 2874 1941 2931; x_wconf 64' lang='lat' dir='ltr'><strong>super</strong></span> <span class='ocrx_word' id='word_1_637' title='bbox 1966 2875 2085 2911; x_wconf 87' lang='lat' dir='ltr'><strong>eum</strong></span> <span class='ocrx_word' id='word_1_638' title='bbox 2122 2878 2134 2913; x_wconf 94' lang='lat'>:</span> <span class='ocrx_word' id='word_1_639' title='bbox 2606 2860 2880 2931; x_wconf 87' lang='lat' dir='ltr'><strong>discipulis</strong></span> <span class='ocrx_word' id='word_1_640' title='bbox 2909 2861 3043 2931; x_wconf 87' lang='lat' dir='ltr'><strong>ejus.</strong></span> 
     </span>
    </p>
   </div>
   <div class='ocr_carea' id='block_1_102' title="bbox 1781 2928 3094 2989">
    <p class='ocr_par' dir='ltr' id='par_1_102' title="bbox 1781 2928 3094 2989">
     <span class='ocr_line' id='line_1_103' title="bbox 1781 2928 3094 2989; baseline 0.002 -7"><span class='ocrx_word' id='word_1_641' title='bbox 1781 2928 1832 2982; x_wconf 80' lang='grc'><strong>5.</strong></span> <span class='ocrx_word' id='word_1_642' title='bbox 1875 2939 1987 2981; x_wconf 87' lang='lat' dir='ltr'><strong>erat</strong></span> <span class='ocrx_word' id='word_1_643' title='bbox 2015 2942 2193 2984; x_wconf 89' lang='lat' dir='ltr'><strong>autem</strong></span> <span class='ocrx_word' id='word_1_644' title='bbox 2314 2986 2317 2989; x_wconf 77' lang='grc'>,</span> <span class='ocrx_word' id='word_1_645' title='bbox 2604 2930 2659 2987; x_wconf 84' lang='grc'><strong>9.</strong></span> <span class='ocrx_word' id='word_1_646' title='bbox 2700 2928 2762 2984; x_wconf 80' lang='grc' dir='ltr'><strong>Εἰ</strong></span> <span class='ocrx_word' id='word_1_647' title='bbox 2788 2945 2913 2985; x_wconf 87' lang='lat' dir='ltr'><strong>ecce</strong></span> <span class='ocrx_word' id='word_1_648' title='bbox 2938 2928 3094 2985; x_wconf 86' lang='lat' dir='ltr'><strong>Jesus</strong></span> 
     </span>
    </p>
   </div>
   <div class='ocr_carea' id='block_1_103' title="bbox 1780 3001 2995 3071">
    <p class='ocr_par' dir='ltr' id='par_1_103' title="bbox 1780 3001 2995 3071">
     <span class='ocr_line' id='line_1_104' title="bbox 1780 3001 2995 3071; baseline 0.002 -21"><span class='ocrx_word' id='word_1_649' title='bbox 1780 3010 2026 3071; x_wconf 83' lang='lat' dir='ltr'><strong>aspectus</strong></span> <span class='ocrx_word' id='word_1_650' title='bbox 2057 3001 2172 3070; x_wconf 82' lang='lat' dir='ltr'><strong>ejus</strong></span> <span class='ocrx_word' id='word_1_651' title='bbox 2204 3057 2217 3071; x_wconf 39' lang='grc' dir='ltr'><strong><em>ο</em></strong></span> <span class='ocrx_word' id='word_1_652' title='bbox 2605 3002 2840 3055; x_wconf 90' lang='lat' dir='ltr'><strong>occurrit</strong></span> <span class='ocrx_word' id='word_1_653' title='bbox 2872 3002 2995 3065; x_wconf 89' lang='lat' dir='ltr'><strong>illis,</strong></span> 
     </span>
    </p>
   </div>
   <div class='ocr_carea' id='block_1_104' title="bbox 1782 3070 3078 3139">
    <p class='ocr_par' dir='ltr' id='par_1_104' title="bbox 1782 3070 3078 3139">
     <span class='ocr_line' id='line_1_105' title="bbox 1782 3070 3078 3139; baseline 0.001 -18"><span class='ocrx_word' id='word_1_654' title='bbox 1782 3070 1917 3122; x_wconf 88' lang='lat' dir='ltr'><strong>sicut</strong></span> <span class='ocrx_word' id='word_1_655' title='bbox 1941 3070 2113 3139; x_wconf 78' lang='lat' dir='ltr'><strong>fulgur</strong></span> <span class='ocrx_word' id='word_1_656' title='bbox 2145 3088 2158 3123; x_wconf 91' lang='lat'><strong>:</strong></span> <span class='ocrx_word' id='word_1_657' title='bbox 2603 3072 2785 3125; x_wconf 80' lang='lat' dir='ltr'><strong>dicens</strong></span> <span class='ocrx_word' id='word_1_658' title='bbox 2813 3084 2827 3126; x_wconf 67' lang='grc' dir='ltr'>ξ</span> <span class='ocrx_word' id='word_1_659' title='bbox 2858 3071 3078 3125; x_wconf 84' lang='lat' dir='ltr'><strong>Habete.</strong></span> 
     </span>
    </p>
   </div>
   <div class='ocr_carea' id='block_1_105' title="bbox 1782 3141 3128 3196">
    <p class='ocr_par' dir='ltr' id='par_1_105' title="bbox 1782 3141 3128 3196">
     <span class='ocr_line' id='line_1_106' title="bbox 1782 3141 3128 3196; baseline 0.001 -5"><span class='ocrx_word' id='word_1_660' title='bbox 1782 3148 1837 3192; x_wconf 92' lang='lat' dir='ltr'><strong>et</strong></span> <span class='ocrx_word' id='word_1_661' title='bbox 1864 3141 2182 3195; x_wconf 88' lang='lat' dir='ltr'><strong>vestimenta</strong></span> <span class='ocrx_word' id='word_1_662' title='bbox 2592 3141 2728 3196; x_wconf 86' lang='lat' dir='ltr'><strong>&#39;lllae</strong></span> <span class='ocrx_word' id='word_1_663' title='bbox 2748 3148 2925 3195; x_wconf 87' lang='lat' dir='ltr'><strong>autem</strong></span> <span class='ocrx_word' id='word_1_664' title='bbox 2948 3153 3128 3195; x_wconf 88' lang='lat' dir='ltr'><strong>acces-</strong></span> 
     </span>
    </p>
   </div>
   <div class='ocr_carea' id='block_1_106' title="bbox 1784 3208 3197 3280">
    <p class='ocr_par' dir='ltr' id='par_1_106' title="bbox 1784 3208 3197 3280">
     <span class='ocr_line' id='line_1_107' title="bbox 1784 3208 3197 3280; baseline 0.001 -18"><span class='ocrx_word' id='word_1_665' title='bbox 1784 3208 1897 3280; x_wconf 85' lang='lat' dir='ltr'><strong>ejus</strong></span> <span class='ocrx_word' id='word_1_666' title='bbox 1924 3208 1996 3280; x_wconf 91' lang='lat' dir='ltr'><strong>(b)</strong></span> <span class='ocrx_word' id='word_1_667' title='bbox 2028 3227 2154 3265; x_wconf 85' lang='lat' dir='ltr'><strong>can-</strong></span> <span class='ocrx_word' id='word_1_668' title='bbox 2602 3220 2805 3275; x_wconf 88' lang='lat' dir='ltr'><strong>serunt,</strong></span> <span class='ocrx_word' id='word_1_669' title='bbox 2843 3219 3108 3266; x_wconf 60' lang='lat' dir='ltr'><strong>et-tcuuev</strong></span> <span class='ocrx_word' id='word_1_670' title='bbox 3194 3244 3197 3251; x_wconf 66' lang='grc' dir='ltr'>ι</span> 
     </span>
    </p>
   </div>
   <div class='ocr_carea' id='block_1_107' title="bbox 1784 3278 3075 3349">
    <p class='ocr_par' dir='ltr' id='par_1_107' title="bbox 1784 3278 3075 3349">
     <span class='ocr_line' id='line_1_108' title="bbox 1784 3278 3075 3349; baseline -0.001 -16"><span class='ocrx_word' id='word_1_671' title='bbox 1784 3278 1903 3333; x_wconf 88' lang='lat' dir='ltr'><strong>dida</strong></span> <span class='ocrx_word' id='word_1_672' title='bbox 1932 3278 2128 3349; x_wconf 45' lang='lat' dir='ltr'><strong>fsieut</strong></span> <span class='ocrx_word' id='word_1_673' title='bbox 2159 3283 2265 3334; x_wconf 88' lang='lat' dir='ltr'><strong>uix.</strong></span> <span class='ocrx_word' id='word_1_674' title='bbox 2600 3291 2725 3335; x_wconf 88' lang='lat' dir='ltr'><strong>runt</strong></span> <span class='ocrx_word' id='word_1_675' title='bbox 2751 3280 2910 3348; x_wconf 85' lang='lat' dir='ltr'><strong>pedes</strong></span> <span class='ocrx_word' id='word_1_676' title='bbox 2939 3281 3075 3349; x_wconf 88' lang='lat' dir='ltr'><strong>ejus,</strong></span> 
     </span>
    </p>
   </div>
   <div class='ocr_carea' id='block_1_108' title="bbox 1783 3350 3208 3406">
    <p class='ocr_par' dir='ltr' id='par_1_108' title="bbox 1783 3350 3208 3406">
     <span class='ocr_line' id='line_1_109' title="bbox 1783 3350 3208 3406; baseline -0.002 -3"><span class='ocrx_word' id='word_1_677' title='bbox 1783 3352 1836 3403; x_wconf 73' lang='grc'><strong>4.</strong></span> <span class='ocrx_word' id='word_1_678' title='bbox 1881 3350 2224 3406; x_wconf 72' lang='lat' dir='ltr'><strong>l’raetiinore</strong></span> <span class='ocrx_word' id='word_1_679' title='bbox 2338 3402 2341 3405; x_wconf 37' lang='grc' dir='ltr'><strong><em>λ</em></strong></span> <span class='ocrx_word' id='word_1_680' title='bbox 2425 3357 2429 3361; x_wconf 84' lang='grc'><em>’</em></span> <span class='ocrx_word' id='word_1_681' title='bbox 2597 3352 3034 3405; x_wconf 86' lang='lat' dir='ltr'><strong>etadoravernnt</strong></span> <span class='ocrx_word' id='word_1_682' title='bbox 3069 3362 3208 3404; x_wconf 90' lang='lat' dir='ltr'><strong>eum.</strong></span> 
     </span>
    </p>
   </div>
   <div class='ocr_carea' id='block_1_109' title="bbox 1783 3418 3134 3489">
    <p class='ocr_par' dir='ltr' id='par_1_109' title="bbox 1783 3418 3134 3489">
     <span class='ocr_line' id='line_1_110' title="bbox 1783 3418 3134 3489; baseline 0.001 -16"><span class='ocrx_word' id='word_1_683' title='bbox 1783 3430 1957 3474; x_wconf 86' lang='lat' dir='ltr'><strong>autem</strong></span> <span class='ocrx_word' id='word_1_684' title='bbox 1987 3421 2103 3489; x_wconf 91' lang='lat' dir='ltr'><strong>ejus</strong></span> <span class='ocrx_word' id='word_1_685' title='bbox 2256 3449 2267 3452; x_wconf 90' lang='lat'><strong>-</strong></span> <span class='ocrx_word' id='word_1_686' title='bbox 2602 3420 2687 3474; x_wconf 91' lang='grc'><strong>10.</strong></span> <span class='ocrx_word' id='word_1_687' title='bbox 2729 3420 2877 3475; x_wconf 86' lang='lat' dir='ltr'><strong>Tunc</strong></span> <span class='ocrx_word' id='word_1_688' title='bbox 2898 3418 3096 3475; x_wconf 86' lang='lat' dir='ltr'><strong>aitillis</strong></span> <span class='ocrx_word' id='word_1_689' title='bbox 3121 3440 3134 3475; x_wconf 88' lang='lat'><strong>:</strong></span> 
     </span>
    </p>
   </div>
   <div class='ocr_carea' id='block_1_110' title="bbox 2234 3534 2891 3594">
    <p class='ocr_par' dir='ltr' id='par_1_110' title="bbox 2234 3534 2891 3594">
     <span class='ocr_line' id='line_1_111' title="bbox 2234 3534 2891 3594; baseline 0.003 -4"><span class='ocrx_word' id='word_1_690' title='bbox 2234 3534 2461 3590; x_wconf 82' lang='lat' dir='ltr'><strong>CODEX</strong></span> <span class='ocrx_word' id='word_1_691' title='bbox 2496 3535 2891 3594; x_wconf 80' lang='lat' dir='ltr'><strong>BRIXIANUS.</strong></span> 
     </span>
    </p>
   </div>
   <div class='ocr_carea' id='block_1_111' title="bbox 1785 3625 3344 3697">
    <p class='ocr_par' dir='ltr' id='par_1_111' title="bbox 1785 3625 3344 3697">
     <span class='ocr_line' id='line_1_112' title="bbox 1785 3625 3344 3697; baseline -0.001 -18"><span class='ocrx_word' id='word_1_692' title='bbox 1785 3626 1998 3680; x_wconf 86' lang='lat' dir='ltr'><strong>llabetis</strong></span> <span class='ocrx_word' id='word_1_693' title='bbox 2030 3625 2104 3697; x_wconf 73' lang='lat' dir='ltr'><strong>(ri)</strong></span> <span class='ocrx_word' id='word_1_694' title='bbox 2128 3626 2375 3681; x_wconf 87' lang='lat' dir='ltr'><strong>custodes</strong></span> <span class='ocrx_word' id='word_1_695' title='bbox 2404 3627 2441 3697; x_wconf 53' lang='grc' dir='ltr'><strong>ἦ·</strong></span> <span class='ocrx_word' id='word_1_696' title='bbox 2481 3628 2551 3681; x_wconf 90' lang='lat' dir='ltr'><strong>ite</strong></span> <span class='ocrx_word' id='word_1_697' title='bbox 2597 3635 2650 3681; x_wconf 91' lang='lat' dir='ltr'><strong>et</strong></span> <span class='ocrx_word' id='word_1_698' title='bbox 2698 3627 2961 3681; x_wconf 85' lang='lat' dir='ltr'><strong>custodite</strong></span> <span class='ocrx_word' id='word_1_699' title='bbox 2998 3628 3134 3680; x_wconf 87' lang='lat' dir='ltr'><strong>sicut</strong></span> <span class='ocrx_word' id='word_1_700' title='bbox 3179 3626 3344 3679; x_wconf 90' lang='lat' dir='ltr'><strong>scitis.</strong></span> 
     </span>
    </p>
   </div>
   <div class='ocr_carea' id='block_1_112' title="bbox 1781 3697 3344 3767">
    <p class='ocr_par' dir='ltr' id='par_1_112' title="bbox 1781 3697 3344 3767">
     <span class='ocr_line' id='line_1_113' title="bbox 1781 3697 3344 3767; baseline -0.003 -16"><span class='ocrx_word' id='word_1_701' title='bbox 1781 3698 1860 3751; x_wconf 82' lang='lat' dir='ltr'><strong>Illi</strong></span> <span class='ocrx_word' id='word_1_702' title='bbox 1908 3699 2386 3752; x_wconf 84' lang='lat' dir='ltr'><strong>autent-abeunles</strong></span> <span class='ocrx_word' id='word_1_703' title='bbox 2442 3699 2742 3751; x_wconf 87' lang='lat' dir='ltr'><strong>munierunt</strong></span> <span class='ocrx_word' id='word_1_704' title='bbox 2781 3700 3080 3767; x_wconf 81' lang='lat' dir='ltr'><strong>sepulcrum</strong></span> <span class='ocrx_word' id='word_1_705' title='bbox 3134 3697 3344 3767; x_wconf 77' lang='lat' dir='ltr'><strong>signau-</strong></span> 
     </span>
    </p>
   </div>
   <div class='ocr_carea' id='block_1_113' title="bbox 1786 3766 3343 3835">
    <p class='ocr_par' dir='ltr' id='par_1_113' title="bbox 1786 3766 3343 3835">
     <span class='ocr_line' id='line_1_114' title="bbox 1786 3766 3343 3835; baseline -0.003 -16"><span class='ocrx_word' id='word_1_706' title='bbox 1786 3780 1864 3821; x_wconf 89' lang='lat' dir='ltr'><strong>tcs</strong></span> <span class='ocrx_word' id='word_1_707' title='bbox 1912 3768 2139 3833; x_wconf 85' lang='lat' dir='ltr'><strong>lapidem</strong></span> <span class='ocrx_word' id='word_1_708' title='bbox 2185 3776 2303 3822; x_wconf 89' lang='lat' dir='ltr'><strong>cum</strong></span> <span class='ocrx_word' id='word_1_709' title='bbox 2350 3768 2677 3821; x_wconf 81' lang='lat' dir='ltr'><strong>custodibus.</strong></span> <span class='ocrx_word' id='word_1_710' title='bbox 2721 3766 2953 3835; x_wconf 83' lang='lat' dir='ltr'><strong>Vespere</strong></span> <span class='ocrx_word' id='word_1_711' title='bbox 3002 3776 3177 3819; x_wconf 84' lang='lat' dir='ltr'><strong>autem</strong></span> <span class='ocrx_word' id='word_1_712' title='bbox 3224 3766 3343 3814; x_wconf 76' lang='lat' dir='ltr'><strong>Siti)-</strong></span> 
     </span>
    </p>
   </div>
   <div class='ocr_carea' id='block_1_114' title="bbox 1784 3835 3341 3906">
    <p class='ocr_par' dir='ltr' id='par_1_114' title="bbox 1784 3835 3341 3906">
     <span class='ocr_line' id='line_1_115' title="bbox 1784 3835 3341 3906; baseline -0.006 -17"><span class='ocrx_word' id='word_1_713' title='bbox 1784 3838 1889 3890; x_wconf 86' lang='lat' dir='ltr'><strong>bati</strong></span> <span class='ocrx_word' id='word_1_714' title='bbox 1922 3854 2056 3906; x_wconf 86' lang='lat' dir='ltr'><strong>quae</strong></span> <span class='ocrx_word' id='word_1_715' title='bbox 2083 3839 2299 3891; x_wconf 86' lang='lat' dir='ltr'><strong>Incessit</strong></span> <span class='ocrx_word' id='word_1_716' title='bbox 2329 3840 2378 3891; x_wconf 90' lang='lat' dir='ltr'><strong>in</strong></span> <span class='ocrx_word' id='word_1_717' title='bbox 2410 3840 2574 3904; x_wconf 87' lang='lat' dir='ltr'><strong>prima</strong></span> <span class='ocrx_word' id='word_1_718' title='bbox 2603 3840 2827 3891; x_wconf 86' lang='lat' dir='ltr'><strong>sabbati.</strong></span> <span class='ocrx_word' id='word_1_719' title='bbox 2858 3840 2996 3889; x_wconf 82' lang='lat' dir='ltr'><strong>venit</strong></span> <span class='ocrx_word' id='word_1_720' title='bbox 3022 3836 3178 3889; x_wconf 81' lang='lat' dir='ltr'><strong>Maria</strong></span> <span class='ocrx_word' id='word_1_721' title='bbox 3205 3835 3341 3899; x_wconf 58' lang='lat' dir='ltr'><strong>sing-</strong></span> 
     </span>
    </p>
   </div>
   <div class='ocr_carea' id='block_1_115' title="bbox 1782 3906 3340 3974">
    <p class='ocr_par' dir='ltr' id='par_1_115' title="bbox 1782 3906 3340 3974">
     <span class='ocr_line' id='line_1_116' title="bbox 1782 3906 3340 3974; baseline -0.005 -14"><span class='ocrx_word' id='word_1_722' title='bbox 1782 3909 1969 3961; x_wconf 88' lang='lat' dir='ltr'><strong>daleue</strong></span> <span class='ocrx_word' id='word_1_723' title='bbox 1982 3922 2032 3961; x_wconf 84' lang='lat' dir='ltr'><strong>et</strong></span> <span class='ocrx_word' id='word_1_724' title='bbox 2046 3910 2208 3961; x_wconf 85' lang='lat' dir='ltr'><strong>altera</strong></span> <span class='ocrx_word' id='word_1_725' title='bbox 2224 3909 2400 3961; x_wconf 84' lang='lat' dir='ltr'><strong>Maria.</strong></span> <span class='ocrx_word' id='word_1_726' title='bbox 2426 3910 2599 3961; x_wconf 74' lang='lat' dir='ltr'><strong>videre</strong></span> <span class='ocrx_word' id='word_1_727' title='bbox 2613 3909 2929 3974; x_wconf 84' lang='lat' dir='ltr'><strong>sepulcrum.</strong></span> <span class='ocrx_word' id='word_1_728' title='bbox 2951 3906 3013 3957; x_wconf 79' lang='lat' dir='ltr'><strong>Et</strong></span> <span class='ocrx_word' id='word_1_729' title='bbox 3026 3919 3149 3956; x_wconf 70' lang='lat' dir='ltr'><strong>ecce</strong></span> <span class='ocrx_word' id='word_1_730' title='bbox 3174 3913 3340 3955; x_wconf 68' lang='lat' dir='ltr'><strong>terre-</strong></span> 
     </span>
    </p>
   </div>
   <div class='ocr_carea' id='block_1_116' title="bbox 1782 3974 3343 4045">
    <p class='ocr_par' dir='ltr' id='par_1_116' title="bbox 1782 3974 3343 4045">
     <span class='ocr_line' id='line_1_117' title="bbox 1782 3974 3343 4045; baseline -0.003 -16"><span class='ocrx_word' id='word_1_731' title='bbox 1782 3982 2133 4031; x_wconf 80' lang='lat' dir='ltr'><strong>motuslaetus</strong></span> <span class='ocrx_word' id='word_1_732' title='bbox 2148 3990 2227 4031; x_wconf 89' lang='lat' dir='ltr'><strong>est</strong></span> <span class='ocrx_word' id='word_1_733' title='bbox 2244 3993 2462 4045; x_wconf 76' lang='lat' dir='ltr'><strong>magnus</strong></span> <span class='ocrx_word' id='word_1_734' title='bbox 2476 3980 2706 4043; x_wconf 71' lang='lat' dir='ltr'><strong>Angelus</strong></span> <span class='ocrx_word' id='word_1_735' title='bbox 2720 3986 2892 4027; x_wconf 79' lang='lat' dir='ltr'><strong>autem</strong></span> <span class='ocrx_word' id='word_1_736' title='bbox 2912 3974 3111 4025; x_wconf 75' lang='lat' dir='ltr'><strong>Dttlltilti</strong></span> <span class='ocrx_word' id='word_1_737' title='bbox 3130 3974 3343 4025; x_wconf 62' lang='lat' dir='ltr'><strong>alescen.</strong></span> 
     </span>
    </p>
   </div>
   <div class='ocr_carea' id='block_1_117' title="bbox 1779 4044 3340 4112">
    <p class='ocr_par' dir='ltr' id='par_1_117' title="bbox 1779 4044 3340 4112">
     <span class='ocr_line' id='line_1_118' title="bbox 1779 4044 3340 4112; baseline -0.003 -13"><span class='ocrx_word' id='word_1_738' title='bbox 1779 4046 1854 4099; x_wconf 88' lang='lat' dir='ltr'><strong>dit</strong></span> <span class='ocrx_word' id='word_1_739' title='bbox 1883 4049 1948 4100; x_wconf 91' lang='lat' dir='ltr'><strong>de</strong></span> <span class='ocrx_word' id='word_1_740' title='bbox 1970 4050 2118 4100; x_wconf 78' lang='lat' dir='ltr'><strong>eaelo</strong></span> <span class='ocrx_word' id='word_1_741' title='bbox 2144 4046 2195 4099; x_wconf 81' lang='lat' dir='ltr'><strong>et</strong></span> <span class='ocrx_word' id='word_1_742' title='bbox 2215 4050 2473 4099; x_wconf 77' lang='lat' dir='ltr'><strong>accedens</strong></span> <span class='ocrx_word' id='word_1_743' title='bbox 2502 4048 2723 4099; x_wconf 58' lang='lat' dir='ltr'><strong>retolvit</strong></span> <span class='ocrx_word' id='word_1_744' title='bbox 2746 4046 2966 4112; x_wconf 74' lang='lat' dir='ltr'><strong>lapidein</strong></span> <span class='ocrx_word' id='word_1_745' title='bbox 2993 4044 3056 4095; x_wconf 86' lang='lat' dir='ltr'><strong>ab</strong></span> <span class='ocrx_word' id='word_1_746' title='bbox 3084 4055 3253 4095; x_wconf 84' lang='lat' dir='ltr'><strong>osten.</strong></span> <span class='ocrx_word' id='word_1_747' title='bbox 3287 4052 3340 4095; x_wconf 78' lang='lat' dir='ltr'><strong>et</strong></span> 
     </span>
    </p>
   </div>
   <div class='ocr_carea' id='block_1_118' title="bbox 1778 4112 3343 4181">
    <p class='ocr_par' dir='ltr' id='par_1_118' title="bbox 1778 4112 3343 4181">
     <span class='ocr_line' id='line_1_119' title="bbox 1778 4112 3343 4181; baseline -0.001 -15"><span class='ocrx_word' id='word_1_748' title='bbox 1778 4116 1913 4167; x_wconf 86' lang='lat' dir='ltr'><strong>sedit</strong></span> <span class='ocrx_word' id='word_1_749' title='bbox 1933 4130 2092 4181; x_wconf 83' lang='lat' dir='ltr'><strong>super</strong></span> <span class='ocrx_word' id='word_1_750' title='bbox 2132 4132 2273 4167; x_wconf 82' lang='lat' dir='ltr'><strong>t‘UIll.</strong></span> <span class='ocrx_word' id='word_1_751' title='bbox 2316 4127 2421 4167; x_wconf 87' lang='lat' dir='ltr'><strong>crat</strong></span> <span class='ocrx_word' id='word_1_752' title='bbox 2464 4128 2633 4166; x_wconf 72' lang='lat' dir='ltr'><strong>autem</strong></span> <span class='ocrx_word' id='word_1_753' title='bbox 2660 4126 2902 4180; x_wconf 57' lang='grc' dir='ltr'><strong>ειδνρι-ιιικ</strong></span> <span class='ocrx_word' id='word_1_754' title='bbox 2930 4118 3045 4180; x_wconf 80' lang='lat' dir='ltr'><strong>ejus</strong></span> <span class='ocrx_word' id='word_1_755' title='bbox 3076 4112 3211 4165; x_wconf 75' lang='lat' dir='ltr'><strong>sicut</strong></span> <span class='ocrx_word' id='word_1_756' title='bbox 3245 4116 3343 4165; x_wconf 84' lang='lat' dir='ltr'><strong>lul-</strong></span> 
     </span>
    </p>
   </div>
   <div class='ocr_carea' id='block_1_119' title="bbox 1772 4183 3202 4251">
    <p class='ocr_par' dir='ltr' id='par_1_119' title="bbox 1772 4183 3202 4251">
     <span class='ocr_line' id='line_1_120' title="bbox 1772 4183 3202 4251; baseline 0.001 -18"><span class='ocrx_word' id='word_1_757' title='bbox 1772 4200 1887 4249; x_wconf 79' lang='lat' dir='ltr'><strong>gnr.</strong></span> <span class='ocrx_word' id='word_1_758' title='bbox 1916 4192 1969 4236; x_wconf 85' lang='lat' dir='ltr'><strong>et</strong></span> <span class='ocrx_word' id='word_1_759' title='bbox 1998 4187 2308 4235; x_wconf 85' lang='lat' dir='ltr'><strong>vestimenta</strong></span> <span class='ocrx_word' id='word_1_760' title='bbox 2338 4185 2451 4250; x_wconf 89' lang='lat' dir='ltr'><strong>ejus</strong></span> <span class='ocrx_word' id='word_1_761' title='bbox 2480 4185 2572 4251; x_wconf 83' lang='lat' dir='ltr'><strong>(b)</strong></span> <span class='ocrx_word' id='word_1_762' title='bbox 2612 4184 2833 4236; x_wconf 83' lang='lat' dir='ltr'><strong>Candida</strong></span> <span class='ocrx_word' id='word_1_763' title='bbox 2860 4185 2895 4251; x_wconf 71' lang='grc' dir='ltr'><strong><em>τ</em></strong></span> <span class='ocrx_word' id='word_1_764' title='bbox 2924 4189 3059 4236; x_wconf 87' lang='lat' dir='ltr'><strong>sicut</strong></span> <span class='ocrx_word' id='word_1_765' title='bbox 3089 4183 3202 4235; x_wconf 76' lang='lat' dir='ltr'><strong>nix.</strong></span> 
     </span>
    </p>
   </div>
   <div class='ocr_carea' id='block_1_120' title="bbox 1849 4252 3337 4319">
    <p class='ocr_par' dir='ltr' id='par_1_120' title="bbox 1849 4252 3337 4319">
     <span class='ocr_line' id='line_1_121' title="bbox 1849 4252 3337 4319; baseline 0.002 -16"><span class='ocrx_word' id='word_1_766' title='bbox 1849 4252 1980 4303; x_wconf 79' lang='lat' dir='ltr'><strong>l’me</strong></span> <span class='ocrx_word' id='word_1_767' title='bbox 2005 4254 2193 4305; x_wconf 88' lang='lat' dir='ltr'><strong>timore</strong></span> <span class='ocrx_word' id='word_1_768' title='bbox 2218 4263 2395 4305; x_wconf 83' lang='lat' dir='ltr'><strong>autem</strong></span> <span class='ocrx_word' id='word_1_769' title='bbox 2435 4253 2548 4319; x_wconf 75' lang='lat' dir='ltr'><strong>i-jns</strong></span> <span class='ocrx_word' id='word_1_770' title='bbox 2579 4253 2817 4306; x_wconf 75' lang='lat' dir='ltr'><strong>t&#39;xlerrili</strong></span> <span class='ocrx_word' id='word_1_771' title='bbox 2852 4265 2974 4307; x_wconf 84' lang='lat' dir='ltr'><strong>sunt</strong></span> <span class='ocrx_word' id='word_1_772' title='bbox 3000 4254 3255 4306; x_wconf 71' lang='lat' dir='ltr'><strong>custodes</strong></span> <span class='ocrx_word' id='word_1_773' title='bbox 3285 4262 3337 4306; x_wconf 81' lang='lat' dir='ltr'><strong>et</strong></span> 
     </span>
    </p>
   </div>
   <div class='ocr_carea' id='block_1_121' title="bbox 1782 4318 3332 4393">
    <p class='ocr_par' dir='ltr' id='par_1_121' title="bbox 1782 4318 3332 4393">
     <span class='ocr_line' id='line_1_122' title="bbox 1782 4318 3332 4393; baseline 0 -20"><span class='ocrx_word' id='word_1_774' title='bbox 1782 4319 1903 4393; x_wconf 74' lang='lat' dir='ltr'><strong>facti</strong></span> <span class='ocrx_word' id='word_1_775' title='bbox 1936 4333 2059 4374; x_wconf 89' lang='lat' dir='ltr'><strong>sunt</strong></span> <span class='ocrx_word' id='word_1_776' title='bbox 2089 4324 2231 4375; x_wconf 91' lang='lat' dir='ltr'><strong>velut</strong></span> <span class='ocrx_word' id='word_1_777' title='bbox 2261 4318 2473 4375; x_wconf 82' lang='lat' dir='ltr'><strong>mortUi.</strong></span> <span class='ocrx_word' id='word_1_778' title='bbox 2504 4323 2849 4389; x_wconf 76' lang='lat' dir='ltr'><strong>Respondcns</strong></span> <span class='ocrx_word' id='word_1_779' title='bbox 2891 4336 3064 4379; x_wconf 84' lang='lat' dir='ltr'><strong>autem</strong></span> <span class='ocrx_word' id='word_1_780' title='bbox 3098 4326 3332 4393; x_wconf 71' lang='lat' dir='ltr'><strong>angi-lus.</strong></span> 
     </span>
    </p>
   </div>
   <div class='ocr_carea' id='block_1_122' title="bbox 1781 4389 3332 4461">
    <p class='ocr_par' dir='ltr' id='par_1_122' title="bbox 1781 4389 3332 4461">
     <span class='ocr_line' id='line_1_123' title="bbox 1781 4389 3332 4461; baseline 0.001 -20"><span class='ocrx_word' id='word_1_781' title='bbox 1781 4389 1913 4461; x_wconf 72' lang='lat' dir='ltr'><strong>dixit</strong></span> <span class='ocrx_word' id='word_1_782' title='bbox 1946 4393 2279 4449; x_wconf 81' lang='lat' dir='ltr'><strong>inulicrilius.</strong></span> <span class='ocrx_word' id='word_1_783' title='bbox 2314 4393 2482 4445; x_wconf 72' lang='lat' dir='ltr'><strong>Nolite</strong></span> <span class='ocrx_word' id='word_1_784' title='bbox 2512 4395 2696 4447; x_wconf 76' lang='lat' dir='ltr'><strong>tiniere</strong></span> <span class='ocrx_word' id='word_1_785' title='bbox 2724 4410 2838 4449; x_wconf 90' lang='lat' dir='ltr'><strong>vos.</strong></span> <span class='ocrx_word' id='word_1_786' title='bbox 2870 4398 2981 4447; x_wconf 71' lang='lat' dir='ltr'><strong>scio</strong></span> <span class='ocrx_word' id='word_1_787' title='bbox 3025 4389 3332 4461; x_wconf 41' lang='lat' dir='ltr'><strong>enim’quod</strong></span> 
     </span>
    </p>
   </div>
   <div class='ocr_carea' id='block_1_123' title="bbox 1781 4459 3335 4532">
    <p class='ocr_par' dir='ltr' id='par_1_123' title="bbox 1781 4459 3335 4532">
     <span class='ocr_line' id='line_1_124' title="bbox 1781 4459 3335 4532; baseline -0.004 -17"><span class='ocrx_word' id='word_1_788' title='bbox 1781 4459 1961 4530; x_wconf 80' lang='lat' dir='ltr'><strong>Jesuin</strong></span> <span class='ocrx_word' id='word_1_789' title='bbox 2012 4465 2098 4532; x_wconf 91' lang='lat' dir='ltr'><strong>qni</strong></span> <span class='ocrx_word' id='word_1_790' title='bbox 2129 4464 2412 4517; x_wconf 75' lang='lat' dir='ltr'><strong>cruc’ilixus</strong></span> <span class='ocrx_word' id='word_1_791' title='bbox 2441 4475 2522 4517; x_wconf 88' lang='lat' dir='ltr'><strong>est</strong></span> <span class='ocrx_word' id='word_1_792' title='bbox 2560 4466 2829 4532; x_wconf 76' lang='lat' dir='ltr'><strong>quaeritis.</strong></span> <span class='ocrx_word' id='word_1_793' title='bbox 2862 4483 2963 4517; x_wconf 85' lang='lat' dir='ltr'><strong>non</strong></span> <span class='ocrx_word' id='word_1_794' title='bbox 3006 4476 3081 4517; x_wconf 88' lang='lat' dir='ltr'><strong>est</strong></span> <span class='ocrx_word' id='word_1_795' title='bbox 3113 4462 3194 4515; x_wconf 78' lang='lat' dir='ltr'><strong>bii:</strong></span> <span class='ocrx_word' id='word_1_796' title='bbox 3216 4459 3335 4514; x_wconf 64' lang='lat' dir='ltr'><strong>suv-</strong></span> 
     </span>
    </p>
   </div>
   <div class='ocr_carea' id='block_1_124' title="bbox 1784 4532 3335 4589">
    <p class='ocr_par' dir='ltr' id='par_1_124' title="bbox 1784 4532 3335 4589">
     <span class='ocr_line' id='line_1_125' title="bbox 1784 4532 3335 4589; baseline -0.003 -4"><span class='ocrx_word' id='word_1_797' title='bbox 1784 4532 1920 4585; x_wconf 80' lang='lat' dir='ltr'><strong>rexit</strong></span> <span class='ocrx_word' id='word_1_798' title='bbox 1946 4538 2087 4587; x_wconf 85' lang='lat' dir='ltr'><strong>enim</strong></span> <span class='ocrx_word' id='word_1_799' title='bbox 2136 4536 2273 4588; x_wconf 90' lang='lat' dir='ltr'><strong>sicut</strong></span> <span class='ocrx_word' id='word_1_800' title='bbox 2315 4535 2467 4587; x_wconf 75' lang='lat' dir='ltr'><strong>dixit.</strong></span> <span class='ocrx_word' id='word_1_801' title='bbox 2520 4534 2707 4589; x_wconf 77' lang='lat' dir='ltr'><strong>Venite</strong></span> <span class='ocrx_word' id='word_1_802' title='bbox 2736 4546 2788 4589; x_wconf 91' lang='lat' dir='ltr'><strong>et</strong></span> <span class='ocrx_word' id='word_1_803' title='bbox 2818 4535 2991 4588; x_wconf 87' lang='lat' dir='ltr'><strong>videte</strong></span> <span class='ocrx_word' id='word_1_804' title='bbox 3033 4536 3219 4585; x_wconf 85' lang='lat' dir='ltr'><strong>locum.</strong></span> <span class='ocrx_word' id='word_1_805' title='bbox 3250 4532 3335 4581; x_wconf 89' lang='lat' dir='ltr'><strong>ubi</strong></span> 
     </span>
    </p>
   </div>
   <div class='ocr_carea' id='block_1_125' title="bbox 1782 4601 3333 4676">
    <p class='ocr_par' dir='ltr' id='par_1_125' title="bbox 1782 4601 3333 4676">
     <span class='ocr_line' id='line_1_126' title="bbox 1782 4601 3333 4676; baseline -0.003 -22"><span class='ocrx_word' id='word_1_806' title='bbox 1782 4603 1987 4676; x_wconf 75' lang='lat' dir='ltr'><strong>positus</strong></span> <span class='ocrx_word' id='word_1_807' title='bbox 2016 4615 2129 4658; x_wconf 86' lang='lat' dir='ltr'><strong>erat</strong></span> <span class='ocrx_word' id='word_1_808' title='bbox 2161 4606 2431 4658; x_wconf 75' lang='lat' dir='ltr'><strong>liotninns.</strong></span> <span class='ocrx_word' id='word_1_809' title='bbox 2472 4607 2531 4658; x_wconf 67' lang='lat' dir='ltr'><strong>lit</strong></span> <span class='ocrx_word' id='word_1_810' title='bbox 2559 4606 2663 4658; x_wconf 89' lang='lat' dir='ltr'><strong>cito</strong></span> <span class='ocrx_word' id='word_1_811' title='bbox 2692 4618 2878 4676; x_wconf 80' lang='lat' dir='ltr'><strong>euntes</strong></span> <span class='ocrx_word' id='word_1_812' title='bbox 2920 4604 3077 4654; x_wconf 85' lang='lat' dir='ltr'><strong>dicite</strong></span> <span class='ocrx_word' id='word_1_813' title='bbox 3104 4601 3333 4676; x_wconf 71' lang='lat' dir='ltr'><strong>discipu-</strong></span> 
     </span>
    </p>
   </div>
   <div class='ocr_carea' id='block_1_126' title="bbox 1783 4669 3333 4743">
    <p class='ocr_par' dir='ltr' id='par_1_126' title="bbox 1783 4669 3333 4743">
     <span class='ocr_line' id='line_1_127' title="bbox 1783 4669 3333 4743; baseline -0.003 -18"><span class='ocrx_word' id='word_1_814' title='bbox 1783 4671 1847 4725; x_wconf 86' lang='lat' dir='ltr'><strong>lis</strong></span> <span class='ocrx_word' id='word_1_815' title='bbox 1872 4678 1986 4738; x_wconf 84' lang='lat' dir='ltr'><strong>ejus</strong></span> <span class='ocrx_word' id='word_1_816' title='bbox 2008 4676 2127 4743; x_wconf 82' lang='lat' dir='ltr'><strong>quia</strong></span> <span class='ocrx_word' id='word_1_817' title='bbox 2160 4676 2450 4729; x_wconf 79' lang='lat' dir='ltr'><strong>resuriexit</strong></span> <span class='ocrx_word' id='word_1_818' title='bbox 2480 4693 2506 4724; x_wconf 86' lang='lat' dir='ltr'><strong>:i</strong></span> <span class='ocrx_word' id='word_1_819' title='bbox 2549 4674 2789 4727; x_wconf 85' lang='lat' dir='ltr'><strong>mortuis.</strong></span> <span class='ocrx_word' id='word_1_820' title='bbox 2826 4684 2876 4726; x_wconf 87' lang='lat' dir='ltr'><strong>et</strong></span> <span class='ocrx_word' id='word_1_821' title='bbox 2916 4686 3044 4743; x_wconf 70' lang='lat' dir='ltr'><strong>ecce</strong></span> <span class='ocrx_word' id='word_1_822' title='bbox 3068 4669 3333 4743; x_wconf 68' lang='lat' dir='ltr'><strong>praecedit</strong></span> 
     </span>
    </p>
   </div>
   <div class='ocr_carea' id='block_1_127' title="bbox 1782 4737 3329 4800">
    <p class='ocr_par' dir='ltr' id='par_1_127' title="bbox 1782 4737 3329 4800">
     <span class='ocr_line' id='line_1_128' title="bbox 1782 4737 3329 4800; baseline -0.003 -6"><span class='ocrx_word' id='word_1_823' title='bbox 1782 4758 1876 4797; x_wconf 86' lang='lat' dir='ltr'><strong>vos</strong></span> <span class='ocrx_word' id='word_1_824' title='bbox 1903 4737 1955 4798; x_wconf 86' lang='lat' dir='ltr'><strong>in</strong></span> <span class='ocrx_word' id='word_1_825' title='bbox 1981 4737 2236 4800; x_wconf 76' lang='lat' dir='ltr'><strong>Galileatn</strong></span> <span class='ocrx_word' id='word_1_826' title='bbox 2268 4746 2338 4797; x_wconf 84' lang='lat' dir='ltr'><strong>ibi</strong></span> <span class='ocrx_word' id='word_1_827' title='bbox 2365 4760 2484 4797; x_wconf 92' lang='lat' dir='ltr'><strong>enm</strong></span> <span class='ocrx_word' id='word_1_828' title='bbox 2528 4746 2789 4795; x_wconf 81' lang='lat' dir='ltr'><strong>videbitis.</strong></span> <span class='ocrx_word' id='word_1_829' title='bbox 2821 4752 2953 4795; x_wconf 81' lang='lat' dir='ltr'><strong>sicut</strong></span> <span class='ocrx_word' id='word_1_830' title='bbox 2998 4739 3127 4796; x_wconf 72' lang='lat' dir='ltr'><strong>dixit</strong></span> <span class='ocrx_word' id='word_1_831' title='bbox 3157 4737 3329 4792; x_wconf 79' lang='lat' dir='ltr'><strong>vobis.</strong></span> 
     </span>
    </p>
   </div>
   <div class='ocr_carea' id='block_1_128' title="bbox 1783 4812 3334 4875">
    <p class='ocr_par' dir='ltr' id='par_1_128' title="bbox 1783 4812 3334 4875">
     <span class='ocr_line' id='line_1_129' title="bbox 1783 4812 3334 4875; baseline -0.003 -9"><span class='ocrx_word' id='word_1_832' title='bbox 1783 4815 1842 4867; x_wconf 62' lang='lat' dir='ltr'><strong>lit</strong></span> <span class='ocrx_word' id='word_1_833' title='bbox 1868 4814 2123 4869; x_wconf 69' lang='lat' dir='ltr'><strong>exierunt</strong></span> <span class='ocrx_word' id='word_1_834' title='bbox 2149 4816 2257 4867; x_wconf 80' lang='lat' dir='ltr'><strong>cito</strong></span> <span class='ocrx_word' id='word_1_835' title='bbox 2301 4814 2366 4865; x_wconf 91' lang='lat' dir='ltr'><strong>de</strong></span> <span class='ocrx_word' id='word_1_836' title='bbox 2395 4824 2737 4865; x_wconf 87' lang='lat' dir='ltr'><strong>monumento</strong></span> <span class='ocrx_word' id='word_1_837' title='bbox 2764 4827 2879 4864; x_wconf 87' lang='lat' dir='ltr'><strong>euut</strong></span> <span class='ocrx_word' id='word_1_838' title='bbox 2910 4812 3097 4862; x_wconf 82' lang='lat' dir='ltr'><strong>timore</strong></span> <span class='ocrx_word' id='word_1_839' title='bbox 3128 4819 3181 4860; x_wconf 81' lang='lat' dir='ltr'><strong>et</strong></span> <span class='ocrx_word' id='word_1_840' title='bbox 3205 4824 3334 4875; x_wconf 68' lang='lat' dir='ltr'><strong>gall-</strong></span> 
     </span>
    </p>
   </div>
   <div class='ocr_carea' id='block_1_129' title="bbox 1780 4881 3333 4954">
    <p class='ocr_par' dir='ltr' id='par_1_129' title="bbox 1780 4881 3333 4954">
     <span class='ocr_line' id='line_1_130' title="bbox 1780 4881 3333 4954; baseline -0.001 -21"><span class='ocrx_word' id='word_1_841' title='bbox 1780 4885 1866 4938; x_wconf 90' lang='lat' dir='ltr'><strong>dio</strong></span> <span class='ocrx_word' id='word_1_842' title='bbox 1890 4900 2080 4954; x_wconf 64' lang='lat' dir='ltr'><strong>magno</strong></span> <span class='ocrx_word' id='word_1_843' title='bbox 2106 4895 2383 4954; x_wconf 70' lang='lat' dir='ltr'><strong>currentes</strong></span> <span class='ocrx_word' id='word_1_844' title='bbox 2414 4886 2655 4954; x_wconf 74' lang='lat' dir='ltr'><strong>iinntiare</strong></span> <span class='ocrx_word' id='word_1_845' title='bbox 2685 4881 2961 4954; x_wconf 69' lang='lat' dir='ltr'><strong>discipulis</strong></span> <span class='ocrx_word' id='word_1_846' title='bbox 2988 4923 2998 4931; x_wconf 92' lang='lat'><strong>.</strong></span> <span class='ocrx_word' id='word_1_847' title='bbox 3036 4893 3134 4949; x_wconf 12' lang='lat' dir='ltr'><strong>.‘ut</strong></span> <span class='ocrx_word' id='word_1_848' title='bbox 3160 4893 3333 4954; x_wconf 82' lang='lat' dir='ltr'><strong>autem</strong></span> 
     </span>
    </p>
   </div>
   <div class='ocr_carea' id='block_1_130' title="bbox 1778 4950 3335 5018">
    <p class='ocr_par' dir='ltr' id='par_1_130' title="bbox 1778 4950 3335 5018">
     <span class='ocr_line' id='line_1_131' title="bbox 1778 4950 3335 5018; baseline -0.003 -13"><span class='ocrx_word' id='word_1_849' title='bbox 1778 4950 2275 5011; x_wconf 76' lang='lat' dir='ltr'><strong>abici-uiituttntiare</strong></span> <span class='ocrx_word' id='word_1_850' title='bbox 2290 4950 2777 5018; x_wconf 71' lang='lat' dir='ltr'><strong>discipuliscjus.Et</strong></span> <span class='ocrx_word' id='word_1_851' title='bbox 2799 4968 2922 5006; x_wconf 88' lang='lat' dir='ltr'><strong>ecce</strong></span> <span class='ocrx_word' id='word_1_852' title='bbox 2940 4950 3335 5003; x_wconf 82' lang='lat' dir='ltr'><strong>.Iesusoccurrit</strong></span> 
     </span>
    </p>
   </div>
   <div class='ocr_carea' id='block_1_131' title="bbox 1780 5021 3335 5077">
    <p class='ocr_par' dir='ltr' id='par_1_131' title="bbox 1780 5021 3335 5077">
     <span class='ocr_line' id='line_1_132' title="bbox 1780 5021 3335 5077; baseline -0.004 -2"><span class='ocrx_word' id='word_1_853' title='bbox 1780 5026 1879 5077; x_wconf 85' lang='lat' dir='ltr'><strong>illis</strong></span> <span class='ocrx_word' id='word_1_854' title='bbox 1892 5021 2430 5077; x_wconf 75' lang='lat' dir='ltr'><strong>dicens.llabete.llla:</strong></span> <span class='ocrx_word' id='word_1_855' title='bbox 2446 5031 2619 5074; x_wconf 85' lang='lat' dir='ltr'><strong>autem</strong></span> <span class='ocrx_word' id='word_1_856' title='bbox 2639 5032 2971 5076; x_wconf 83' lang='lat' dir='ltr'><strong>accesserunt</strong></span> <span class='ocrx_word' id='word_1_857' title='bbox 2986 5031 3037 5074; x_wconf 89' lang='lat' dir='ltr'><strong>et</strong></span> <span class='ocrx_word' id='word_1_858' title='bbox 3056 5028 3335 5074; x_wconf 82' lang='lat' dir='ltr'><strong>tenuerunt</strong></span> 
     </span>
    </p>
   </div>
   <div class='ocr_carea' id='block_1_132' title="bbox 1778 5090 3331 5163">
    <p class='ocr_par' dir='ltr' id='par_1_132' title="bbox 1778 5090 3331 5163">
     <span class='ocr_line' id='line_1_133' title="bbox 1778 5090 3331 5163; baseline -0.003 -16"><span class='ocrx_word' id='word_1_859' title='bbox 1778 5095 1937 5163; x_wconf 89' lang='lat' dir='ltr'><strong>pedes</strong></span> <span class='ocrx_word' id='word_1_860' title='bbox 1962 5095 2097 5158; x_wconf 76' lang='lat' dir='ltr'><strong>ejus.</strong></span> <span class='ocrx_word' id='word_1_861' title='bbox 2140 5100 2194 5145; x_wconf 89' lang='lat' dir='ltr'><strong>et</strong></span> <span class='ocrx_word' id='word_1_862' title='bbox 2219 5095 2574 5158; x_wconf 83' lang='lat' dir='ltr'><strong>adoraverunt</strong></span> <span class='ocrx_word' id='word_1_863' title='bbox 2595 5108 2735 5147; x_wconf 88' lang='lat' dir='ltr'><strong>eum.</strong></span> <span class='ocrx_word' id='word_1_864' title='bbox 2767 5093 2915 5148; x_wconf 89' lang='lat' dir='ltr'><strong>Tunc</strong></span> <span class='ocrx_word' id='word_1_865' title='bbox 2936 5095 3008 5147; x_wconf 89' lang='lat' dir='ltr'><strong>ait</strong></span> <span class='ocrx_word' id='word_1_866' title='bbox 3037 5093 3133 5146; x_wconf 84' lang='lat' dir='ltr'><strong>illis</strong></span> <span class='ocrx_word' id='word_1_867' title='bbox 3158 5090 3331 5144; x_wconf 84' lang='lat' dir='ltr'><strong>.Iesns.</strong></span> 
     </span>
    </p>
   </div>
   <div class='ocr_carea' id='block_1_133' title="bbox 790 5202 2668 5265">
    <p class='ocr_par' dir='ltr' id='par_1_133' title="bbox 790 5202 2668 5265">
     <span class='ocr_line' id='line_1_134' title="bbox 790 5202 2668 5265; baseline 0.002 -9"><span class='ocrx_word' id='word_1_868' title='bbox 790 5202 1169 5260; x_wconf 76' lang='lat' dir='ltr'><strong>VARIANTES</strong></span> <span class='ocrx_word' id='word_1_869' title='bbox 1207 5204 1587 5265; x_wconf 83' lang='lat' dir='ltr'><strong>LECTIONES</strong></span> <span class='ocrx_word' id='word_1_870' title='bbox 1615 5206 1875 5264; x_wconf 85' lang='lat' dir='ltr'><strong>GODICIS</strong></span> <span class='ocrx_word' id='word_1_871' title='bbox 1913 5203 2023 5257; x_wconf 84' lang='lat' dir='ltr'><strong>MS.</strong></span> <span class='ocrx_word' id='word_1_872' title='bbox 2066 5204 2121 5258; x_wconf 91' lang='lat' dir='ltr'><strong>S.</strong></span> <span class='ocrx_word' id='word_1_873' title='bbox 2166 5203 2668 5261; x_wconf 76' lang='lat' dir='ltr'><strong>GERMANENSIS.</strong></span> 
     </span>
    </p>
   </div>
   <div class='ocr_carea' id='block_1_134' title="bbox 97 5282 507 5372">
    <p class='ocr_par' dir='ltr' id='par_1_134' title="bbox 97 5282 507 5372">
     <span class='ocr_line' id='line_1_135' title="bbox 97 5282 507 5372; baseline -0.01 -23"><span class='ocrx_word' id='word_1_874' title='bbox 97 5354 109 5372; x_wconf 36' lang='grc' dir='ltr'><em>λ</em></span> <span class='ocrx_word' id='word_1_875' title='bbox 159 5301 176 5330; x_wconf 65' lang='grc' dir='ltr'>ί</span> <span class='ocrx_word' id='word_1_876' title='bbox 214 5282 507 5349; x_wconf 59' lang='lat' dir='ltr'><strong>custodes“</strong></span> 
     </span>
    </p>
   </div>
   <div class='ocr_carea' id='block_1_135' title="bbox 1817 5297 2110 5361">
    <p class='ocr_par' dir='ltr' id='par_1_135' title="bbox 1817 5297 2110 5361">
     <span class='ocr_line' id='line_1_136' title="bbox 1817 5297 2110 5361; baseline 0 -15"><span class='ocrx_word' id='word_1_877' title='bbox 1817 5297 1863 5327; x_wconf 82' lang='grc'>⁸²</span> <span class='ocrx_word' id='word_1_878' title='bbox 1895 5298 2110 5361; x_wconf 85' lang='lat' dir='ltr'><strong>praedixi</strong></span> 
     </span>
    </p>
   </div>
   <div class='ocr_carea' id='block_1_136' title="bbox 1431 5402 2042 5459">
    <p class='ocr_par' dir='ltr' id='par_1_136' title="bbox 1431 5402 2042 5459">
     <span class='ocr_line' id='line_1_137' title="bbox 1431 5402 2042 5459; baseline -0.002 -2"><span class='ocrx_word' id='word_1_879' title='bbox 1431 5403 1793 5459; x_wconf 80' lang='lat' dir='ltr'><strong>BLANCHINI</strong></span> <span class='ocrx_word' id='word_1_880' title='bbox 1817 5402 2042 5459; x_wconf 68' lang='grc' dir='ltr'><strong>ΝΟΤιΕ.</strong></span> 
     </span>
    </p>
   </div>
   <div class='ocr_carea' id='block_1_137' title="bbox 170 5491 1670 5565">
    <p class='ocr_par' dir='ltr' id='par_1_137' title="bbox 170 5491 1670 5565">
     <span class='ocr_line' id='line_1_138' title="bbox 170 5491 1670 5565; baseline 0.001 -14"><span class='ocrx_word' id='word_1_881' title='bbox 170 5508 197 5535; x_wconf 72' lang='grc' dir='ltr'><strong>α</strong></span> <span class='ocrx_word' id='word_1_882' title='bbox 229 5494 455 5565; x_wconf 81' lang='lat' dir='ltr'><strong>Optima</strong></span> <span class='ocrx_word' id='word_1_883' title='bbox 480 5491 660 5565; x_wconf 79' lang='lat' dir='ltr'><strong>Lectio</strong></span> <span class='ocrx_word' id='word_1_884' title='bbox 688 5493 989 5565; x_wconf 79' lang='lat' dir='ltr'><strong>inuti-aque</strong></span> <span class='ocrx_word' id='word_1_885' title='bbox 1015 5495 1230 5562; x_wconf 88' lang='lat' dir='ltr'><strong>codice,</strong></span> <span class='ocrx_word' id='word_1_886' title='bbox 1277 5496 1352 5550; x_wconf 78' lang='lat' dir='ltr'><strong>utl</strong></span> <span class='ocrx_word' id='word_1_887' title='bbox 1389 5498 1670 5563; x_wconf 85' lang='lat' dir='ltr'><strong>probatum</strong></span> 
     </span>
    </p>
   </div>
   <div class='ocr_carea' id='block_1_138' title="bbox 96 5562 1671 5635">
    <p class='ocr_par' dir='ltr' id='par_1_138' title="bbox 96 5562 1671 5635">
     <span class='ocr_line' id='line_1_139' title="bbox 96 5562 1671 5635; baseline -0.003 -9"><span class='ocrx_word' id='word_1_888' title='bbox 96 5562 299 5626; x_wconf 70' lang='lat' dir='ltr'><strong>exstat</strong></span> <span class='ocrx_word' id='word_1_889' title='bbox 314 5563 459 5635; x_wconf 84' lang='lat' dir='ltr'><strong>apud</strong></span> <span class='ocrx_word' id='word_1_890' title='bbox 484 5562 748 5619; x_wconf 85' lang='lat' dir='ltr'><strong>eruditum</strong></span> <span class='ocrx_word' id='word_1_891' title='bbox 786 5564 886 5617; x_wconf 87' lang='lat' dir='ltr'><strong>Th.</strong></span> <span class='ocrx_word' id='word_1_892' title='bbox 921 5564 1321 5621; x_wconf 79' lang='lat' dir='ltr'><strong>Marescballum</strong></span> <span class='ocrx_word' id='word_1_893' title='bbox 1345 5610 1359 5633; x_wconf 86' lang='lat'><strong>,</strong></span> <span class='ocrx_word' id='word_1_894' title='bbox 1389 5562 1671 5623; x_wconf 60' lang='lat' dir='ltr'><strong>Obscrvat.</strong></span> 
     </span>
    </p>
   </div>
   <div class='ocr_carea' id='block_1_139' title="bbox 175 5683 2236 5764">
    <p class='ocr_par' dir='ltr' id='par_1_139' title="bbox 175 5685 2216 5764">
     <span class='ocr_line' id='line_1_140' title="bbox 175 5685 2216 5764; baseline -0.001 -21"><span class='ocrx_word' id='word_1_895' title='bbox 175 5692 260 5759; x_wconf 83' lang='grc' dir='ltr'><strong>(α)</strong></span> <span class='ocrx_word' id='word_1_896' title='bbox 307 5685 795 5764; x_wconf 62' lang='lat' dir='ltr'><strong>l}a_et_Gaiit.__Lat.</strong></span> <span class='ocrx_word' id='word_1_897' title='bbox 826 5697 877 5742; x_wconf 89' lang='lat' dir='ltr'><strong>et</strong></span> <span class='ocrx_word' id='word_1_898' title='bbox 902 5686 995 5743; x_wconf 87' lang='lat' dir='ltr'><strong>Gr.</strong></span> <span class='ocrx_word' id='word_1_899' title='bbox 1026 5689 1264 5764; x_wconf 52' lang='grc' dir='ltr'><strong>φήλακσες.</strong></span> <span class='ocrx_word' id='word_1_900' title='bbox 1284 5722 1349 5733; x_wconf 82' lang='grc'><strong>-</strong></span> <span class='ocrx_word' id='word_1_901' title='bbox 1382 5692 1459 5764; x_wconf 88' lang='lat' dir='ltr'><strong>(b)</strong></span> <span class='ocrx_word' id='word_1_902' title='bbox 1484 5691 1642 5748; x_wconf 87' lang='lat' dir='ltr'><strong>Addit</strong></span> <span class='ocrx_word' id='word_1_903' title='bbox 1663 5691 1905 5751; x_wconf 82' lang='lat' dir='ltr'><strong>candida,</strong></span> <span class='ocrx_word' id='word_1_904' title='bbox 1927 5687 2084 5743; x_wconf 85' lang='lat' dir='ltr'><strong>etiam</strong></span> <span class='ocrx_word' id='word_1_905' title='bbox 2109 5695 2216 5742; x_wconf 84' lang='lat' dir='ltr'><strong>tex.</strong></span> 
     </span>
    </p>
   </div>
   <div class='ocr_carea' id='block_1_140' title="bbox 1292 5683 3353 5764">
    <p class='ocr_par' dir='ltr' id='par_1_140' title="bbox 1292 5683 3353 5764">
     <span class='ocr_line' id='line_1_141' title="bbox 1292 5683 3353 5764; baseline -0 -16"><span class='ocrx_word' id='word_1_906' title='bbox 1292 5722 1349 5733; x_wconf 87' lang='lat'><strong>—-</strong></span> <span class='ocrx_word' id='word_1_907' title='bbox 1382 5692 1459 5764; x_wconf 87' lang='lat' dir='ltr'><strong>(b)</strong></span> <span class='ocrx_word' id='word_1_908' title='bbox 1484 5691 1642 5748; x_wconf 87' lang='lat' dir='ltr'><strong>Addit</strong></span> <span class='ocrx_word' id='word_1_909' title='bbox 1663 5691 1905 5751; x_wconf 82' lang='lat' dir='ltr'><strong>candida,</strong></span> <span class='ocrx_word' id='word_1_910' title='bbox 1927 5687 2084 5743; x_wconf 83' lang='lat' dir='ltr'><strong>etiam</strong></span> <span class='ocrx_word' id='word_1_911' title='bbox 2109 5695 2216 5742; x_wconf 84' lang='lat' dir='ltr'><strong>tex.</strong></span> <span class='ocrx_word' id='word_1_912' title='bbox 2242 5688 2333 5745; x_wconf 87' lang='lat' dir='ltr'><strong>Gr.</strong></span> <span class='ocrx_word' id='word_1_913' title='bbox 2362 5688 2529 5744; x_wconf 75' lang='grc' dir='ltr'><strong>λευκόν</strong></span> <span class='ocrx_word' id='word_1_914' title='bbox 2553 5683 2944 5758; x_wconf 71' lang='grc' dir='ltr'><strong>(ἴνδυμα)-((τ)</strong></span> <span class='ocrx_word' id='word_1_915' title='bbox 2965 5683 3115 5751; x_wconf 71' lang='lat' dir='ltr'><strong>Ecce,</strong></span> <span class='ocrx_word' id='word_1_916' title='bbox 3148 5693 3203 5741; x_wconf 88' lang='lat' dir='ltr'><strong>ttt</strong></span> <span class='ocrx_word' id='word_1_917' title='bbox 3233 5688 3353 5747; x_wconf 88' lang='lat' dir='ltr'><strong>cod.</strong></span> 
     </span>
    </p>
   </div>
   <div class='ocr_carea' id='block_1_141' title="bbox 104 5758 1335 5827">
    <p class='ocr_par' dir='ltr' id='par_1_141' title="bbox 104 5758 1335 5827">
     <span class='ocr_line' id='line_1_142' title="bbox 104 5758 1335 5827; baseline -0.002 -8"><span class='ocrx_word' id='word_1_918' title='bbox 104 5758 266 5819; x_wconf 86' lang='lat' dir='ltr'><strong>Cant.</strong></span> <span class='ocrx_word' id='word_1_919' title='bbox 302 5758 438 5815; x_wconf 79' lang='grc' dir='ltr'><strong>ἰδού.</strong></span> <span class='ocrx_word' id='word_1_920' title='bbox 475 5758 609 5812; x_wconf 90' lang='lat' dir='ltr'><strong>Ibid.</strong></span> <span class='ocrx_word' id='word_1_921' title='bbox 638 5759 765 5827; x_wconf 74' lang='lat' dir='ltr'><strong>dixi,</strong></span> <span class='ocrx_word' id='word_1_922' title='bbox 791 5773 907 5813; x_wconf 89' lang='lat' dir='ltr'><strong>cum</strong></span> <span class='ocrx_word' id='word_1_923' title='bbox 932 5758 1042 5814; x_wconf 59' lang='lat' dir='ltr'><strong>texi</strong></span> <span class='ocrx_word' id='word_1_924' title='bbox 1064 5760 1155 5815; x_wconf 85' lang='lat' dir='ltr'><strong>Gr.</strong></span> <span class='ocrx_word' id='word_1_925' title='bbox 1183 5758 1335 5816; x_wconf 82' lang='grc' dir='ltr'><strong>εἶπον.</strong></span> 
     </span>
    </p>
   </div>
   <div class='ocr_carea' id='block_1_142' title="bbox 1779 5494 3171 5566">
    <p class='ocr_par' dir='ltr' id='par_1_142' title="bbox 1779 5494 3171 5566">
     <span class='ocr_line' id='line_1_143' title="bbox 1779 5494 3171 5566; baseline -0.006 -11"><span class='ocrx_word' id='word_1_926' title='bbox 1779 5502 1831 5555; x_wconf 92' lang='lat' dir='ltr'><strong>in</strong></span> <span class='ocrx_word' id='word_1_927' title='bbox 1855 5498 2133 5556; x_wconf 85' lang='lat' dir='ltr'><strong>Gothicam</strong></span> <span class='ocrx_word' id='word_1_928' title='bbox 2160 5497 2410 5555; x_wconf 78' lang='lat' dir='ltr'><strong>Mattliaci</strong></span> <span class='ocrx_word' id='word_1_929' title='bbox 2444 5499 2866 5563; x_wconf 87' lang='lat' dir='ltr'><strong>translationem,</strong></span> <span class='ocrx_word' id='word_1_930' title='bbox 2898 5510 3014 5566; x_wconf 80' lang='lat' dir='ltr'><strong>pag.</strong></span> <span class='ocrx_word' id='word_1_931' title='bbox 3052 5494 3171 5549; x_wconf 76' lang='grc'><strong>411.</strong></span> 
     </span>
    </p>
   </div>
   <div class='ocr_carea' id='block_1_143' title="bbox 4517 6403 5202 6566">
    <p class='ocr_par' dir='ltr' id='par_1_143' title="bbox 4517 6403 5202 6566">
     <span class='ocr_line' id='line_1_144' title="bbox 4692 6403 5202 6460; baseline 0 0"><span class='ocrx_word' id='word_1_932' title='bbox 4692 6403 5202 6460; x_wconf 51' lang='grc'><strong>-4-...4</strong></span> 
     </span>
     <span class='ocr_line' id='line_1_145' title="bbox 4517 6525 5202 6566; baseline 0 0"><span class='ocrx_word' id='word_1_933' title='bbox 4517 6525 5202 6566; x_wconf 72' lang='lat'><strong>—</strong></span> 
     </span>
    </p>
   </div>
  </div>
