  <div class='ocr_page' id='page_1' title='image "/cluster/home/n/w/nwhite01/storage/ocr_20150623/12-13/uc1.31175013632818/186.png"; bbox 0 0 3898 6442; ppageno 0'>
   <div class='ocr_carea' id='block_1_1' title="bbox 177 363 3424 464">
    <p class='ocr_par' dir='ltr' id='par_1_1' title="bbox 177 363 3424 464">
     <span class='ocr_line' id='line_1_1' title="bbox 177 363 3424 464; baseline 0.007 -22"><span class='ocrx_word' id='word_1_1' title='bbox 177 399 278 455; x_wconf 70' lang='lat'><strong>557</strong></span> <span class='ocrx_word' id='word_1_2' title='bbox 467 379 477 389; x_wconf 90' lang='lat'><strong>&#39;</strong></span> <span class='ocrx_word' id='word_1_3' title='bbox 1163 396 1606 455; x_wconf 80' lang='lat' dir='ltr'><strong>EVANGELIUM</strong></span> <span class='ocrx_word' id='word_1_4' title='bbox 1644 363 2013 454; x_wconf 79' lang='lat' dir='ltr'><strong>SECUNDUM</strong></span> <span class='ocrx_word' id='word_1_5' title='bbox 2051 398 2433 454; x_wconf 82' lang='lat' dir='ltr'><strong>JOHANNEM.</strong></span> <span class='ocrx_word' id='word_1_6' title='bbox 3320 409 3424 464; x_wconf 81' lang='lat'><strong>558</strong></span> 
     </span>
    </p>
   </div>
   <div class='ocr_carea' id='block_1_2' title="bbox 553 510 1364 569">
    <p class='ocr_par' dir='ltr' id='par_1_2' title="bbox 553 510 1364 569">
     <span class='ocr_line' id='line_1_2' title="bbox 553 510 1364 569; baseline -0.004 -1"><span class='ocrx_word' id='word_1_7' title='bbox 553 511 786 569; x_wconf 79' lang='lat' dir='ltr'><strong>CODEX</strong></span> <span class='ocrx_word' id='word_1_8' title='bbox 827 510 1190 569; x_wconf 82' lang='lat' dir='ltr'><strong>VERCELLE</strong></span> <span class='ocrx_word' id='word_1_9' title='bbox 1200 511 1364 567; x_wconf 80' lang='lat' dir='ltr'><strong>NSlS.</strong></span> 
     </span>
    </p>
   </div>
   <div class='ocr_carea' id='block_1_3' title="bbox 996 604 1401 658">
    <p class='ocr_par' dir='ltr' id='par_1_3' title="bbox 996 604 1401 658">
     <span class='ocr_line' id='line_1_3' title="bbox 996 604 1401 658; baseline -0.002 0"><span class='ocrx_word' id='word_1_10' title='bbox 996 604 1074 658; x_wconf 88' lang='lat' dir='ltr'><strong>dit</strong></span> <span class='ocrx_word' id='word_1_11' title='bbox 1100 604 1283 658; x_wconf 83' lang='lat' dir='ltr'><strong>Jesum</strong></span> <span class='ocrx_word' id='word_1_12' title='bbox 1309 618 1401 657; x_wconf 81' lang='lat' dir='ltr'><strong>ve-</strong></span> 
     </span>
    </p>
   </div>
   <div class='ocr_carea' id='block_1_4' title="bbox 996 673 1327 728">
    <p class='ocr_par' dir='ltr' id='par_1_4' title="bbox 996 673 1327 728">
     <span class='ocr_line' id='line_1_4' title="bbox 996 673 1327 728; baseline -0.003 -1"><span class='ocrx_word' id='word_1_13' title='bbox 996 674 1233 728; x_wconf 85' lang='lat' dir='ltr'><strong>nientem</strong></span> <span class='ocrx_word' id='word_1_14' title='bbox 1260 673 1327 726; x_wconf 89' lang='lat' dir='ltr'><strong>ad</strong></span> 
     </span>
    </p>
   </div>
   <div class='ocr_carea' id='block_1_5' title="bbox 993 742 1460 807">
    <p class='ocr_par' dir='ltr' id='par_1_5' title="bbox 993 742 1460 807">
     <span class='ocr_line' id='line_1_5' title="bbox 993 742 1460 807; baseline 0.002 -11"><span class='ocrx_word' id='word_1_15' title='bbox 993 757 1073 807; x_wconf 89' lang='lat' dir='ltr'><strong>se,</strong></span> <span class='ocrx_word' id='word_1_16' title='bbox 1101 751 1156 797; x_wconf 90' lang='lat' dir='ltr'><strong>et</strong></span> <span class='ocrx_word' id='word_1_17' title='bbox 1180 743 1292 795; x_wconf 91' lang='lat' dir='ltr'><strong>ait:</strong></span> <span class='ocrx_word' id='word_1_18' title='bbox 1320 742 1460 797; x_wconf 89' lang='lat' dir='ltr'><strong>Ecce</strong></span> 
     </span>
    </p>
   </div>
   <div class='ocr_carea' id='block_1_6' title="bbox 991 811 1407 881">
    <p class='ocr_par' dir='ltr' id='par_1_6' title="bbox 991 811 1407 881">
     <span class='ocr_line' id='line_1_6' title="bbox 991 811 1407 881; baseline 0 -16"><span class='ocrx_word' id='word_1_19' title='bbox 991 826 1159 881; x_wconf 85' lang='lat' dir='ltr'><strong>agnus</strong></span> <span class='ocrx_word' id='word_1_20' title='bbox 1182 811 1300 881; x_wconf 85' lang='lat' dir='ltr'><strong>Dei,</strong></span> <span class='ocrx_word' id='word_1_21' title='bbox 1327 826 1407 866; x_wconf 62' lang='lat' dir='ltr'><strong>ec.</strong></span> 
     </span>
    </p>
   </div>
   <div class='ocr_carea' id='block_1_7' title="bbox 992 880 1340 950">
    <p class='ocr_par' dir='ltr' id='par_1_7' title="bbox 992 880 1340 950">
     <span class='ocr_line' id='line_1_7' title="bbox 992 880 1340 950; baseline -0.003 -15"><span class='ocrx_word' id='word_1_22' title='bbox 992 880 1054 935; x_wconf 80' lang='lat' dir='ltr'><strong>ce</strong></span> <span class='ocrx_word' id='word_1_23' title='bbox 1080 882 1168 950; x_wconf 88' lang='lat' dir='ltr'><strong>qui</strong></span> <span class='ocrx_word' id='word_1_24' title='bbox 1200 880 1340 934; x_wconf 90' lang='lat' dir='ltr'><strong>tollit</strong></span> 
     </span>
    </p>
   </div>
   <div class='ocr_carea' id='block_1_8' title="bbox 1033 960 1449 1006">
    <p class='ocr_par' dir='ltr' id='par_1_8' title="bbox 1033 960 1449 1006">
     <span class='ocr_line' id='line_1_8' title="bbox 1033 960 1449 1006; baseline -0.007 0"><span class='ocrx_word' id='word_1_25' title='bbox 1033 960 1272 1006; x_wconf 88' lang='lat' dir='ltr'><strong>eccatum</strong></span> <span class='ocrx_word' id='word_1_26' title='bbox 1297 965 1449 1003; x_wconf 89' lang='lat' dir='ltr'><strong>mun-</strong></span> 
     </span>
    </p>
   </div>
   <div class='ocr_carea' id='block_1_9' title="bbox 1033 1017 1557 1086">
    <p class='ocr_par' dir='ltr' id='par_1_9' title="bbox 1033 1017 1557 1086">
     <span class='ocr_line' id='line_1_9' title="bbox 1033 1017 1557 1086; baseline -0.004 -12"><span class='ocrx_word' id='word_1_27' title='bbox 1033 1019 1085 1074; x_wconf 88' lang='lat'><strong>0.</strong></span> <span class='ocrx_word' id='word_1_28' title='bbox 1126 1019 1201 1073; x_wconf 92' lang='lat' dir='ltr'><strong>di.</strong></span> <span class='ocrx_word' id='word_1_29' title='bbox 1236 1019 1331 1074; x_wconf 81' lang='lat' dir='ltr'><strong>Hic</strong></span> <span class='ocrx_word' id='word_1_30' title='bbox 1355 1027 1457 1086; x_wconf 88' lang='lat' dir='ltr'><strong>est,</strong></span> <span class='ocrx_word' id='word_1_31' title='bbox 1489 1017 1557 1072; x_wconf 88' lang='lat' dir='ltr'><strong>de</strong></span> 
     </span>
    </p>
   </div>
   <div class='ocr_carea' id='block_1_10' title="bbox 179 604 641 673">
    <p class='ocr_par' dir='ltr' id='par_1_10' title="bbox 179 604 641 673">
     <span class='ocr_line' id='line_1_10' title="bbox 179 604 641 673; baseline 0 -15"><span class='ocrx_word' id='word_1_32' title='bbox 179 604 264 667; x_wconf 87' lang='lat' dir='ltr'><strong>iis,</strong></span> <span class='ocrx_word' id='word_1_33' title='bbox 296 604 512 673; x_wconf 86' lang='lat' dir='ltr'><strong>quinos</strong></span> <span class='ocrx_word' id='word_1_34' title='bbox 541 604 641 658; x_wconf 90' lang='lat' dir='ltr'><strong>mi-</strong></span> 
     </span>
    </p>
   </div>
   <div class='ocr_carea' id='block_1_11' title="bbox 178 672 565 741">
    <p class='ocr_par' dir='ltr' id='par_1_11' title="bbox 178 672 565 741">
     <span class='ocr_line' id='line_1_11' title="bbox 178 672 565 741; baseline 0.003 -14"><span class='ocrx_word' id='word_1_35' title='bbox 178 672 410 727; x_wconf 71' lang='lat' dir='ltr'><strong>serunt?</strong></span> <span class='ocrx_word' id='word_1_36' title='bbox 438 673 565 741; x_wconf 90' lang='lat' dir='ltr'><strong>quid</strong></span> 
     </span>
    </p>
   </div>
   <div class='ocr_carea' id='block_1_12' title="bbox 176 742 756 812">
    <p class='ocr_par' dir='ltr' id='par_1_12' title="bbox 176 742 756 812">
     <span class='ocr_line' id='line_1_12' title="bbox 176 742 756 812; baseline 0 -16"><span class='ocrx_word' id='word_1_37' title='bbox 176 742 322 796; x_wconf 86' lang='lat' dir='ltr'><strong>dices</strong></span> <span class='ocrx_word' id='word_1_38' title='bbox 346 746 414 796; x_wconf 89' lang='lat' dir='ltr'><strong>de</strong></span> <span class='ocrx_word' id='word_1_39' title='bbox 441 751 493 796; x_wconf 92' lang='lat' dir='ltr'><strong>te</strong></span> <span class='ocrx_word' id='word_1_40' title='bbox 520 744 602 812; x_wconf 88' lang='lat' dir='ltr'><strong>ip-</strong></span> <span class='ocrx_word' id='word_1_41' title='bbox 750 806 756 811; x_wconf 41' lang='grc'><em>,</em></span> 
     </span>
    </p>
   </div>
   <div class='ocr_carea' id='block_1_13' title="bbox 176 812 682 877">
    <p class='ocr_par' dir='ltr' id='par_1_13' title="bbox 176 812 682 877">
     <span class='ocr_line' id='line_1_13' title="bbox 176 812 682 877; baseline 0.006 -13"><span class='ocrx_word' id='word_1_42' title='bbox 176 812 267 866; x_wconf 74' lang='lat'><strong>25.</strong></span> <span class='ocrx_word' id='word_1_43' title='bbox 308 812 412 865; x_wconf 84' lang='lat' dir='ltr'><strong>so?</strong></span> <span class='ocrx_word' id='word_1_44' title='bbox 439 812 540 877; x_wconf 86' lang='lat' dir='ltr'><strong>Qui</strong></span> <span class='ocrx_word' id='word_1_45' title='bbox 568 828 682 867; x_wconf 86' lang='lat' dir='ltr'><strong>res-</strong></span> 
     </span>
    </p>
   </div>
   <div class='ocr_carea' id='block_1_14' title="bbox 182 879 678 949">
    <p class='ocr_par' dir='ltr' id='par_1_14' title="bbox 182 879 678 949">
     <span class='ocr_line' id='line_1_14' title="bbox 182 879 678 949; baseline 0.006 -16"><span class='ocrx_word' id='word_1_46' title='bbox 182 879 365 949; x_wconf 80' lang='lat' dir='ltr'><strong>pondit</strong></span> <span class='ocrx_word' id='word_1_47' title='bbox 389 898 401 933; x_wconf 88' lang='lat'><strong>:</strong></span> <span class='ocrx_word' id='word_1_48' title='bbox 434 882 544 949; x_wconf 82' lang='lat' dir='ltr'><strong>Ego</strong></span> <span class='ocrx_word' id='word_1_49' title='bbox 577 898 678 936; x_wconf 81' lang='lat' dir='ltr'><strong>vox</strong></span> 
     </span>
    </p>
   </div>
   <div class='ocr_carea' id='block_1_15' title="bbox 179 950 538 1004">
    <p class='ocr_par' dir='ltr' id='par_1_15' title="bbox 179 950 538 1004">
     <span class='ocr_line' id='line_1_15' title="bbox 179 950 538 1004; baseline 0.003 -1"><span class='ocrx_word' id='word_1_50' title='bbox 179 950 459 1004; x_wconf 79' lang='lat' dir='ltr'><strong>clamantis</strong></span> <span class='ocrx_word' id='word_1_51' title='bbox 489 954 538 1004; x_wconf 91' lang='lat' dir='ltr'><strong>in</strong></span> 
     </span>
    </p>
   </div>
   <div class='ocr_carea' id='block_1_16' title="bbox 177 1018 607 1077">
    <p class='ocr_par' dir='ltr' id='par_1_16' title="bbox 177 1018 607 1077">
     <span class='ocr_line' id='line_1_16' title="bbox 177 1018 607 1077; baseline 0.002 -4"><span class='ocrx_word' id='word_1_52' title='bbox 177 1018 399 1077; x_wconf 75' lang='lat' dir='ltr'><strong>deserto.</strong></span> <span class='ocrx_word' id='word_1_53' title='bbox 418 1037 431 1073; x_wconf 74' lang='grc' dir='ltr'><strong>ε</strong></span> <span class='ocrx_word' id='word_1_54' title='bbox 470 1020 607 1074; x_wconf 78' lang='grc' dir='ltr'><strong>[)ἰι·ἰ⁴</strong></span> 
     </span>
    </p>
   </div>
   <div class='ocr_carea' id='block_1_17' title="bbox 177 1087 1399 1159">
    <p class='ocr_par' dir='ltr' id='par_1_17' title="bbox 177 1087 1399 1159">
     <span class='ocr_line' id='line_1_17' title="bbox 177 1087 1399 1159; baseline -0.001 -17"><span class='ocrx_word' id='word_1_55' title='bbox 177 1087 287 1159; x_wconf 87' lang='lat' dir='ltr'><strong>gite</strong></span> <span class='ocrx_word' id='word_1_56' title='bbox 314 1088 454 1159; x_wconf 78' lang='lat' dir='ltr'><strong>viam</strong></span> <span class='ocrx_word' id='word_1_57' title='bbox 476 1088 707 1158; x_wconf 89' lang='lat' dir='ltr'><strong>Domini,</strong></span> <span class='ocrx_word' id='word_1_58' title='bbox 992 1104 1100 1159; x_wconf 80' lang='lat' dir='ltr'><strong>quo</strong></span> <span class='ocrx_word' id='word_1_59' title='bbox 1119 1103 1219 1157; x_wconf 88' lang='lat' dir='ltr'><strong>ego</strong></span> <span class='ocrx_word' id='word_1_60' title='bbox 1247 1088 1399 1159; x_wconf 81' lang='lat' dir='ltr'><strong>dixi:</strong></span> 
     </span>
    </p>
   </div>
   <div class='ocr_carea' id='block_1_18' title="bbox 178 1157 1398 1213">
    <p class='ocr_par' dir='ltr' id='par_1_18' title="bbox 178 1157 1398 1213">
     <span class='ocr_line' id='line_1_18' title="bbox 178 1157 1398 1213; baseline 0.001 -2"><span class='ocrx_word' id='word_1_61' title='bbox 178 1157 317 1213; x_wconf 80' lang='lat' dir='ltr'><strong>sicut</strong></span> <span class='ocrx_word' id='word_1_62' title='bbox 346 1157 486 1212; x_wconf 84' lang='lat' dir='ltr'><strong>Dixit</strong></span> <span class='ocrx_word' id='word_1_63' title='bbox 692 1157 696 1158; x_wconf 63' lang='grc'><strong><em>⁷</em></strong></span> <span class='ocrx_word' id='word_1_64' title='bbox 993 1157 1121 1213; x_wconf 84' lang='lat' dir='ltr'><strong>Post</strong></span> <span class='ocrx_word' id='word_1_65' title='bbox 1143 1173 1231 1213; x_wconf 92' lang='lat' dir='ltr'><strong>me</strong></span> <span class='ocrx_word' id='word_1_66' title='bbox 1254 1158 1398 1213; x_wconf 86' lang='lat' dir='ltr'><strong>venit</strong></span> 
     </span>
    </p>
   </div>
   <div class='ocr_carea' id='block_1_19' title="bbox 179 1226 1338 1297">
    <p class='ocr_par' dir='ltr' id='par_1_19' title="bbox 179 1226 1338 1297">
     <span class='ocr_line' id='line_1_19' title="bbox 179 1226 1338 1297; baseline -0.001 -16"><span class='ocrx_word' id='word_1_67' title='bbox 179 1226 369 1297; x_wconf 82' lang='lat' dir='ltr'><strong>Eseias</strong></span> <span class='ocrx_word' id='word_1_68' title='bbox 399 1242 519 1297; x_wconf 81' lang='lat' dir='ltr'><strong>pro-</strong></span> <span class='ocrx_word' id='word_1_69' title='bbox 992 1227 1096 1293; x_wconf 87' lang='lat' dir='ltr'><strong>vir,</strong></span> <span class='ocrx_word' id='word_1_70' title='bbox 1124 1228 1211 1297; x_wconf 86' lang='lat' dir='ltr'><strong>qui</strong></span> <span class='ocrx_word' id='word_1_71' title='bbox 1242 1243 1338 1281; x_wconf 87' lang='lat' dir='ltr'><strong>an-</strong></span> 
     </span>
    </p>
   </div>
   <div class='ocr_carea' id='block_1_20' title="bbox 178 1296 1401 1355">
    <p class='ocr_par' dir='ltr' id='par_1_20' title="bbox 178 1296 1401 1355">
     <span class='ocr_line' id='line_1_20' title="bbox 178 1296 1401 1355; baseline -0.001 -5"><span class='ocrx_word' id='word_1_72' title='bbox 178 1296 309 1351; x_wconf 79' lang='lat' dir='ltr'><strong>feta.</strong></span> <span class='ocrx_word' id='word_1_73' title='bbox 406 1296 409 1297; x_wconf 62' lang='grc'><strong><em>⁷</em></strong></span> <span class='ocrx_word' id='word_1_74' title='bbox 996 1304 1051 1350; x_wconf 91' lang='lat' dir='ltr'><strong>te</strong></span> <span class='ocrx_word' id='word_1_75' title='bbox 1074 1311 1161 1350; x_wconf 87' lang='lat' dir='ltr'><strong>me</strong></span> <span class='ocrx_word' id='word_1_76' title='bbox 1183 1296 1401 1355; x_wconf 12' lang='lat' dir='ltr'><strong>lactus,</strong></span> 
     </span>
    </p>
   </div>
   <div class='ocr_carea' id='block_1_21' title="bbox 177 1364 1430 1435">
    <p class='ocr_par' dir='ltr' id='par_1_21' title="bbox 177 1364 1430 1435">
     <span class='ocr_line' id='line_1_21' title="bbox 177 1364 1430 1435; baseline -0.002 -14"><span class='ocrx_word' id='word_1_77' title='bbox 177 1366 271 1421; x_wconf 72' lang='grc'><strong>24.</strong></span> <span class='ocrx_word' id='word_1_78' title='bbox 312 1364 381 1419; x_wconf 85' lang='lat' dir='ltr'><strong>Et</strong></span> <span class='ocrx_word' id='word_1_79' title='bbox 403 1368 493 1435; x_wconf 90' lang='lat' dir='ltr'><strong>qui</strong></span> <span class='ocrx_word' id='word_1_80' title='bbox 522 1368 538 1398; x_wconf 79' lang='grc' dir='ltr'>ί</span> <span class='ocrx_word' id='word_1_81' title='bbox 571 1367 719 1423; x_wconf 87' lang='lat' dir='ltr'><strong>missi</strong></span> <span class='ocrx_word' id='word_1_82' title='bbox 739 1382 796 1424; x_wconf 89' lang='lat' dir='ltr'><strong>e-</strong></span> <span class='ocrx_word' id='word_1_83' title='bbox 994 1364 1157 1420; x_wconf 72' lang='lat' dir='ltr'><strong>estz‘</strong></span> <span class='ocrx_word' id='word_1_84' title='bbox 1178 1366 1430 1433; x_wconf 88' lang='lat' dir='ltr'><strong>quoniam</strong></span> 
     </span>
    </p>
   </div>
   <div class='ocr_carea' id='block_1_22' title="bbox 179 1436 1330 1490">
    <p class='ocr_par' dir='ltr' id='par_1_22' title="bbox 179 1436 1330 1490">
     <span class='ocr_line' id='line_1_22' title="bbox 179 1436 1330 1490; baseline 0.001 -1"><span class='ocrx_word' id='word_1_85' title='bbox 179 1444 301 1490; x_wconf 85' lang='lat' dir='ltr'><strong>rant</strong></span> <span class='ocrx_word' id='word_1_86' title='bbox 324 1450 391 1490; x_wconf 78' lang='lat' dir='ltr'><strong>ex</strong></span> <span class='ocrx_word' id='word_1_87' title='bbox 420 1438 555 1489; x_wconf 81' lang='lat' dir='ltr'><strong>Plia-</strong></span> <span class='ocrx_word' id='word_1_88' title='bbox 994 1436 1140 1490; x_wconf 83' lang='lat' dir='ltr'><strong>prior</strong></span> <span class='ocrx_word' id='word_1_89' title='bbox 1169 1449 1255 1489; x_wconf 91' lang='lat' dir='ltr'><strong>me</strong></span> <span class='ocrx_word' id='word_1_90' title='bbox 1277 1449 1330 1490; x_wconf 88' lang='lat' dir='ltr'><strong>e-</strong></span> 
     </span>
    </p>
   </div>
   <div class='ocr_carea' id='block_1_23' title="bbox 176 1503 1553 1574">
    <p class='ocr_par' dir='ltr' id='par_1_23' title="bbox 176 1503 1553 1574">
     <span class='ocr_line' id='line_1_23' title="bbox 176 1503 1553 1574; baseline 0.001 -14"><span class='ocrx_word' id='word_1_91' title='bbox 176 1505 271 1561; x_wconf 69' lang='lat'><strong>25.</strong></span> <span class='ocrx_word' id='word_1_92' title='bbox 311 1505 485 1559; x_wconf 86' lang='lat' dir='ltr'><strong>riseis.</strong></span> <span class='ocrx_word' id='word_1_93' title='bbox 511 1505 677 1560; x_wconf 86' lang='lat' dir='ltr'><strong>Disci-</strong></span> <span class='ocrx_word' id='word_1_94' title='bbox 994 1503 1083 1557; x_wconf 76' lang='grc'><strong>51.</strong></span> <span class='ocrx_word' id='word_1_95' title='bbox 1122 1513 1223 1574; x_wconf 83' lang='lat' dir='ltr'><strong>rat.</strong></span> <span class='ocrx_word' id='word_1_96' title='bbox 1254 1504 1320 1558; x_wconf 86' lang='lat' dir='ltr'><strong>Et</strong></span> <span class='ocrx_word' id='word_1_97' title='bbox 1345 1518 1443 1574; x_wconf 87' lang='lat' dir='ltr'><strong>ego</strong></span> <span class='ocrx_word' id='word_1_98' title='bbox 1472 1503 1553 1572; x_wconf 75' lang='lat' dir='ltr'><strong>ig-</strong></span> 
     </span>
    </p>
   </div>
   <div class='ocr_carea' id='block_1_24' title="bbox 178 1573 1246 1642">
    <p class='ocr_par' dir='ltr' id='par_1_24' title="bbox 178 1573 1246 1642">
     <span class='ocr_line' id='line_1_24' title="bbox 178 1573 1246 1642; baseline -0.002 -13"><span class='ocrx_word' id='word_1_99' title='bbox 178 1575 316 1642; x_wconf 88' lang='lat' dir='ltr'><strong>pnli,</strong></span> <span class='ocrx_word' id='word_1_100' title='bbox 340 1581 397 1636; x_wconf 86' lang='lat' dir='ltr'><strong>et</strong></span> <span class='ocrx_word' id='word_1_101' title='bbox 421 1575 613 1629; x_wconf 85' lang='lat' dir='ltr'><strong>Levvi-</strong></span> <span class='ocrx_word' id='word_1_102' title='bbox 994 1573 1246 1642; x_wconf 87' lang='lat' dir='ltr'><strong>norabam</strong></span> 
     </span>
    </p>
   </div>
   <div class='ocr_carea' id='block_1_25' title="bbox 178 1641 1410 1705">
    <p class='ocr_par' dir='ltr' id='par_1_25' title="bbox 178 1641 1410 1705">
     <span class='ocr_line' id='line_1_25' title="bbox 178 1641 1410 1705; baseline -0.002 -6"><span class='ocrx_word' id='word_1_103' title='bbox 178 1641 269 1699; x_wconf 72' lang='lat' dir='ltr'><strong>tae</strong></span> <span class='ocrx_word' id='word_1_104' title='bbox 294 1643 544 1698; x_wconf 84' lang='lat' dir='ltr'><strong>dixerunt</strong></span> <span class='ocrx_word' id='word_1_105' title='bbox 994 1641 1166 1705; x_wconf 91' lang='lat' dir='ltr'><strong>illum,</strong></span> <span class='ocrx_word' id='word_1_106' title='bbox 1189 1642 1284 1696; x_wconf 88' lang='lat' dir='ltr'><strong>sed</strong></span> <span class='ocrx_word' id='word_1_107' title='bbox 1309 1643 1331 1674; x_wconf 80' lang='grc'>⁸</span> <span class='ocrx_word' id='word_1_108' title='bbox 1352 1651 1410 1697; x_wconf 80' lang='grc' dir='ltr'><strong>ιιι</strong></span> 
     </span>
    </p>
   </div>
   <div class='ocr_carea' id='block_1_26' title="bbox 176 1711 1301 1781">
    <p class='ocr_par' dir='ltr' id='par_1_26' title="bbox 176 1711 1301 1781">
     <span class='ocr_line' id='line_1_26' title="bbox 176 1711 1301 1781; baseline -0.002 -14"><span class='ocrx_word' id='word_1_109' title='bbox 176 1713 229 1767; x_wconf 89' lang='lat' dir='ltr'><strong>ei</strong></span> <span class='ocrx_word' id='word_1_110' title='bbox 261 1730 276 1767; x_wconf 90' lang='lat'><strong>:</strong></span> <span class='ocrx_word' id='word_1_111' title='bbox 301 1712 438 1779; x_wconf 90' lang='lat' dir='ltr'><strong>Quid</strong></span> <span class='ocrx_word' id='word_1_112' title='bbox 462 1728 591 1781; x_wconf 85' lang='lat' dir='ltr'><strong>ergo</strong></span> <span class='ocrx_word' id='word_1_113' title='bbox 992 1711 1301 1781; x_wconf 80' lang='lat' dir='ltr'><strong>manifesta-</strong></span> 
     </span>
    </p>
   </div>
   <div class='ocr_carea' id='block_1_27' title="bbox 162 1780 1328 1851">
    <p class='ocr_par' dir='ltr' id='par_1_27' title="bbox 162 1780 1328 1851">
     <span class='ocr_line' id='line_1_27' title="bbox 162 1780 1328 1851; baseline -0.003 -14"><span class='ocrx_word' id='word_1_114' title='bbox 162 1782 444 1851; x_wconf 82' lang='lat' dir='ltr'><strong>-baptizas,</strong></span> <span class='ocrx_word' id='word_1_115' title='bbox 470 1780 599 1838; x_wconf 84' lang='lat' dir='ltr'><strong>situ</strong></span> <span class='ocrx_word' id='word_1_116' title='bbox 993 1790 1143 1851; x_wconf 84' lang='lat' dir='ltr'><strong>retur</strong></span> <span class='ocrx_word' id='word_1_117' title='bbox 1170 1782 1220 1851; x_wconf 90' lang='lat' dir='ltr'><strong>in</strong></span> <span class='ocrx_word' id='word_1_118' title='bbox 1240 1780 1328 1851; x_wconf 5' lang='lat' dir='ltr'><strong>gls-</strong></span> 
     </span>
    </p>
   </div>
   <div class='ocr_carea' id='block_1_28' title="bbox 178 1849 1324 1918">
    <p class='ocr_par' dir='ltr' id='par_1_28' title="bbox 178 1849 1324 1918">
     <span class='ocr_line' id='line_1_28' title="bbox 178 1849 1324 1918; baseline -0.003 -11"><span class='ocrx_word' id='word_1_119' title='bbox 178 1849 288 1907; x_wconf 77' lang='lat' dir='ltr'><strong>non</strong></span> <span class='ocrx_word' id='word_1_120' title='bbox 312 1861 395 1904; x_wconf 88' lang='lat' dir='ltr'><strong>est</strong></span> <span class='ocrx_word' id='word_1_121' title='bbox 417 1852 685 1918; x_wconf 85' lang='lat' dir='ltr'><strong>Christus,</strong></span> <span class='ocrx_word' id='word_1_122' title='bbox 776 1890 779 1891; x_wconf 48' lang='grc' dir='ltr'><em>ν</em></span> <span class='ocrx_word' id='word_1_123' title='bbox 995 1849 1189 1915; x_wconf 84' lang='lat' dir='ltr'><strong>trahel,</strong></span> <span class='ocrx_word' id='word_1_124' title='bbox 1202 1850 1324 1904; x_wconf 91' lang='lat' dir='ltr'><strong>ideo</strong></span> 
     </span>
    </p>
   </div>
   <div class='ocr_carea' id='block_1_29' title="bbox 177 1920 1345 1991">
    <p class='ocr_par' dir='ltr' id='par_1_29' title="bbox 177 1920 1345 1991">
     <span class='ocr_line' id='line_1_29' title="bbox 177 1920 1345 1991; baseline -0.008 -15"><span class='ocrx_word' id='word_1_125' title='bbox 177 1935 356 1991; x_wconf 86' lang='lat' dir='ltr'><strong>neque</strong></span> <span class='ocrx_word' id='word_1_126' title='bbox 378 1920 557 1991; x_wconf 80' lang='lat' dir='ltr'><strong>Haeii-</strong></span> <span class='ocrx_word' id='word_1_127' title='bbox 994 1920 1117 1974; x_wconf 91' lang='lat' dir='ltr'><strong>veni</strong></span> <span class='ocrx_word' id='word_1_128' title='bbox 1139 1934 1236 1991; x_wconf 84' lang='lat' dir='ltr'><strong>ego</strong></span> <span class='ocrx_word' id='word_1_129' title='bbox 1266 1920 1345 1991; x_wconf 82' lang='lat' dir='ltr'><strong>in.</strong></span> 
     </span>
    </p>
   </div>
   <div class='ocr_carea' id='block_1_30' title="bbox 175 1989 1329 2115">
    <p class='ocr_par' dir='ltr' id='par_1_30' title="bbox 175 1989 1329 2115">
     <span class='ocr_line' id='line_1_30' title="bbox 175 1989 1329 2060; baseline -0.002 -16"><span class='ocrx_word' id='word_1_130' title='bbox 175 1989 465 2060; x_wconf 66' lang='lat' dir='ltr'><strong>as,&#39;neque</strong></span> <span class='ocrx_word' id='word_1_131' title='bbox 489 1990 620 2049; x_wconf 77' lang='lat' dir='ltr'><strong>Pro-</strong></span> <span class='ocrx_word' id='word_1_132' title='bbox 995 2002 1136 2059; x_wconf 87' lang='lat' dir='ltr'><strong>aqua</strong></span> <span class='ocrx_word' id='word_1_133' title='bbox 1156 1989 1329 2057; x_wconf 82' lang='lat' dir='ltr'><strong>bapti-</strong></span> 
     </span>
     <span class='ocr_line' id='line_1_31' title="bbox 176 2059 1145 2115; baseline -0.004 0"><span class='ocrx_word' id='word_1_134' title='bbox 176 2059 310 2115; x_wconf 75' lang='lat' dir='ltr'><strong>leta.</strong></span> <span class='ocrx_word' id='word_1_135' title='bbox 996 2073 1145 2113; x_wconf 86' lang='lat' dir='ltr'><strong>zans.</strong></span> 
     </span>
    </p>
   </div>
   <div class='ocr_carea' id='block_1_31' title="bbox 172 2126 1450 2197">
    <p class='ocr_par' dir='ltr' id='par_1_31' title="bbox 172 2126 1450 2197">
     <span class='ocr_line' id='line_1_32' title="bbox 172 2126 1450 2197; baseline -0.001 -14"><span class='ocrx_word' id='word_1_136' title='bbox 172 2128 268 2184; x_wconf 72' lang='lat'><strong>26.</strong></span> <span class='ocrx_word' id='word_1_137' title='bbox 309 2129 658 2197; x_wconf 82' lang='lat' dir='ltr'><strong>Respondeas</strong></span> <span class='ocrx_word' id='word_1_138' title='bbox 994 2126 1084 2181; x_wconf 77' lang='lat'><strong>&#39;52.</strong></span> <span class='ocrx_word' id='word_1_139' title='bbox 1125 2126 1193 2181; x_wconf 83' lang='lat' dir='ltr'><strong>Et</strong></span> <span class='ocrx_word' id='word_1_140' title='bbox 1214 2128 1450 2183; x_wconf 88' lang='lat' dir='ltr'><strong>testimo—</strong></span> 
     </span>
    </p>
   </div>
   <div class='ocr_carea' id='block_1_32' title="bbox 172 2197 1283 2264">
    <p class='ocr_par' dir='ltr' id='par_1_32' title="bbox 172 2197 1283 2264">
     <span class='ocr_line' id='line_1_33' title="bbox 172 2197 1283 2264; baseline -0.003 -11"><span class='ocrx_word' id='word_1_141' title='bbox 172 2197 281 2253; x_wconf 82' lang='lat' dir='ltr'><strong>illis</strong></span> <span class='ocrx_word' id='word_1_142' title='bbox 305 2197 508 2253; x_wconf 83' lang='lat' dir='ltr'><strong>Johan—</strong></span> <span class='ocrx_word' id='word_1_143' title='bbox 990 2198 1137 2250; x_wconf 88' lang='lat' dir='ltr'><strong>nium</strong></span> <span class='ocrx_word' id='word_1_144' title='bbox 1162 2211 1283 2264; x_wconf 88' lang='lat' dir='ltr'><strong>per-</strong></span> 
     </span>
    </p>
   </div>
   <div class='ocr_carea' id='block_1_33' title="bbox 174 2264 1425 2330">
    <p class='ocr_par' dir='ltr' id='par_1_33' title="bbox 174 2264 1425 2330">
     <span class='ocr_line' id='line_1_34' title="bbox 174 2264 1425 2330; baseline -0.006 -8"><span class='ocrx_word' id='word_1_145' title='bbox 174 2281 295 2330; x_wconf 83' lang='lat' dir='ltr'><strong>nes,</strong></span> <span class='ocrx_word' id='word_1_146' title='bbox 326 2267 511 2323; x_wconf 84' lang='lat' dir='ltr'><strong>dicens</strong></span> <span class='ocrx_word' id='word_1_147' title='bbox 539 2285 556 2322; x_wconf 89' lang='lat'><strong>:</strong></span> <span class='ocrx_word' id='word_1_148' title='bbox 990 2264 1165 2319; x_wconf 85' lang='lat' dir='ltr'><strong>hibuit</strong></span> <span class='ocrx_word' id='word_1_149' title='bbox 1190 2264 1388 2320; x_wconf 81' lang='lat' dir='ltr'><strong>Johan-</strong></span> <span class='ocrx_word' id='word_1_150' title='bbox 1416 2310 1425 2315; x_wconf 76' lang='lat'><strong><em>,</em></strong></span> 
     </span>
    </p>
   </div>
   <div class='ocr_carea' id='block_1_34' title="bbox 173 2335 1369 2407">
    <p class='ocr_par' dir='ltr' id='par_1_34' title="bbox 173 2335 1369 2407">
     <span class='ocr_line' id='line_1_35' title="bbox 173 2335 1369 2407; baseline -0.003 -17"><span class='ocrx_word' id='word_1_151' title='bbox 173 2336 330 2407; x_wconf 54' lang='lat' dir='ltr'><strong>Ego}</strong></span> <span class='ocrx_word' id='word_1_152' title='bbox 357 2337 571 2405; x_wconf 75' lang='lat' dir='ltr'><strong>baptizo</strong></span> <span class='ocrx_word' id='word_1_153' title='bbox 992 2349 1107 2407; x_wconf 73' lang='lat' dir='ltr'><strong>nes,</strong></span> <span class='ocrx_word' id='word_1_154' title='bbox 1139 2335 1321 2407; x_wconf 85' lang='lat' dir='ltr'><strong>dicens</strong></span> <span class='ocrx_word' id='word_1_155' title='bbox 1354 2351 1369 2387; x_wconf 90' lang='lat'><strong>:</strong></span> 
     </span>
    </p>
   </div>
   <div class='ocr_carea' id='block_1_35' title="bbox 170 2402 1251 2473">
    <p class='ocr_par' dir='ltr' id='par_1_35' title="bbox 170 2402 1251 2473">
     <span class='ocr_line' id='line_1_36' title="bbox 170 2402 1251 2473; baseline -0.005 -14"><span class='ocrx_word' id='word_1_156' title='bbox 170 2402 269 2459; x_wconf 71' lang='lat' dir='ltr'><strong>vos</strong></span> <span class='ocrx_word' id='word_1_157' title='bbox 298 2404 353 2459; x_wconf 90' lang='lat' dir='ltr'><strong>in</strong></span> <span class='ocrx_word' id='word_1_158' title='bbox 374 2402 512 2473; x_wconf 83' lang='lat' dir='ltr'><strong>aqua</strong></span> <span class='ocrx_word' id='word_1_159' title='bbox 991 2402 1251 2473; x_wconf 81' lang='lat' dir='ltr'><strong>Quoniam</strong></span> 
     </span>
    </p>
   </div>
   <div class='ocr_carea' id='block_1_36' title="bbox 176 2471 1544 2543">
    <p class='ocr_par' dir='ltr' id='par_1_36' title="bbox 176 2471 1544 2543">
     <span class='ocr_line' id='line_1_37' title="bbox 176 2471 1544 2543; baseline -0.004 -13"><span class='ocrx_word' id='word_1_160' title='bbox 176 2475 232 2530; x_wconf 85' lang='lat' dir='ltr'><strong>in</strong></span> <span class='ocrx_word' id='word_1_161' title='bbox 260 2471 538 2543; x_wconf 78' lang='lat' dir='ltr'><strong>paeniten-</strong></span> <span class='ocrx_word' id='word_1_162' title='bbox 992 2472 1101 2526; x_wconf 89' lang='lat' dir='ltr'><strong>vidi</strong></span> <span class='ocrx_word' id='word_1_163' title='bbox 1129 2471 1384 2539; x_wconf 85' lang='lat' dir='ltr'><strong>Spiritum</strong></span> <span class='ocrx_word' id='word_1_164' title='bbox 1412 2480 1544 2526; x_wconf 85' lang='lat' dir='ltr'><strong>tani-</strong></span> 
     </span>
    </p>
   </div>
   <div class='ocr_carea' id='block_1_37' title="bbox 171 2544 1384 2609">
    <p class='ocr_par' dir='ltr' id='par_1_37' title="bbox 171 2544 1384 2609">
     <span class='ocr_line' id='line_1_38' title="bbox 171 2544 1384 2609; baseline -0.002 -11"><span class='ocrx_word' id='word_1_165' title='bbox 171 2545 304 2598; x_wconf 81' lang='lat' dir='ltr'><strong>tiam</strong></span> <span class='ocrx_word' id='word_1_166' title='bbox 330 2560 346 2599; x_wconf 89' lang='lat'><strong>:</strong></span> <span class='ocrx_word' id='word_1_167' title='bbox 378 2546 587 2599; x_wconf 90' lang='lat' dir='ltr'><strong>medius</strong></span> <span class='ocrx_word' id='word_1_168' title='bbox 991 2556 1150 2609; x_wconf 89' lang='lat' dir='ltr'><strong>quam</strong></span> <span class='ocrx_word' id='word_1_169' title='bbox 1177 2544 1384 2596; x_wconf 87' lang='lat' dir='ltr'><strong>colum-</strong></span> 
     </span>
    </p>
   </div>
   <div class='ocr_carea' id='block_1_38' title="bbox 169 2610 1362 2668">
    <p class='ocr_par' dir='ltr' id='par_1_38' title="bbox 169 2610 1362 2668">
     <span class='ocr_line' id='line_1_39' title="bbox 169 2610 1362 2668; baseline 0.001 -3"><span class='ocrx_word' id='word_1_170' title='bbox 169 2621 352 2668; x_wconf 81' lang='lat' dir='ltr'><strong>autem</strong></span> <span class='ocrx_word' id='word_1_171' title='bbox 374 2621 484 2667; x_wconf 83' lang='lat' dir='ltr'><strong>stat</strong></span> <span class='ocrx_word' id='word_1_172' title='bbox 989 2611 1112 2666; x_wconf 88' lang='lat' dir='ltr'><strong>bam</strong></span> <span class='ocrx_word' id='word_1_173' title='bbox 1137 2610 1362 2666; x_wconf 90' lang='lat' dir='ltr'><strong>descen-</strong></span> 
     </span>
    </p>
   </div>
   <div class='ocr_carea' id='block_1_39' title="bbox 170 2679 1299 2747">
    <p class='ocr_par' dir='ltr' id='par_1_39' title="bbox 170 2679 1299 2747">
     <span class='ocr_line' id='line_1_40' title="bbox 170 2679 1299 2747; baseline -0.002 -10"><span class='ocrx_word' id='word_1_174' title='bbox 170 2683 317 2739; x_wconf 77' lang='lat' dir='ltr'><strong>inter</strong></span> <span class='ocrx_word' id='word_1_175' title='bbox 344 2696 463 2747; x_wconf 79' lang='lat' dir='ltr'><strong>vos,</strong></span> <span class='ocrx_word' id='word_1_176' title='bbox 990 2681 1203 2735; x_wconf 86' lang='lat' dir='ltr'><strong>dentem</strong></span> <span class='ocrx_word' id='word_1_177' title='bbox 1231 2679 1299 2735; x_wconf 87' lang='lat' dir='ltr'><strong>de</strong></span> 
     </span>
    </p>
   </div>
   <div class='ocr_carea' id='block_1_40' title="bbox 987 2751 1420 2812">
    <p class='ocr_par' dir='ltr' id='par_1_40' title="bbox 987 2751 1420 2812">
     <span class='ocr_line' id='line_1_41' title="bbox 987 2751 1420 2812; baseline 0.002 -9"><span class='ocrx_word' id='word_1_178' title='bbox 987 2751 1157 2812; x_wconf 87' lang='lat' dir='ltr'><strong>caelo,</strong></span> <span class='ocrx_word' id='word_1_179' title='bbox 1188 2757 1242 2803; x_wconf 92' lang='lat' dir='ltr'><strong>et</strong></span> <span class='ocrx_word' id='word_1_180' title='bbox 1266 2765 1420 2804; x_wconf 86' lang='lat' dir='ltr'><strong>man-</strong></span> 
     </span>
    </p>
   </div>
   <div class='ocr_carea' id='block_1_41' title="bbox 211 2751 567 2821">
    <p class='ocr_par' dir='ltr' id='par_1_41' title="bbox 211 2751 567 2821">
     <span class='ocr_line' id='line_1_42' title="bbox 211 2751 567 2821; baseline -0.008 -14"><span class='ocrx_word' id='word_1_181' title='bbox 211 2767 334 2807; x_wconf 87' lang='lat' dir='ltr'><strong>uem</strong></span> <span class='ocrx_word' id='word_1_182' title='bbox 360 2766 456 2806; x_wconf 86' lang='lat' dir='ltr'><strong>vos</strong></span> <span class='ocrx_word' id='word_1_183' title='bbox 489 2751 567 2821; x_wconf 85' lang='lat' dir='ltr'><strong>ig-</strong></span> 
     </span>
    </p>
   </div>
   <div class='ocr_carea' id='block_1_42' title="bbox 167 2768 1339 2888">
    <p class='ocr_par' dir='ltr' id='par_1_42' title="bbox 167 2768 1339 2888">
     <span class='ocr_line' id='line_1_43' title="bbox 211 2768 1339 2821; baseline -0.004 -14"><span class='ocrx_word' id='word_1_184' title='bbox 211 2768 334 2807; x_wconf 81' lang='lat' dir='ltr'><strong>nem</strong></span> <span class='ocrx_word' id='word_1_185' title='bbox 360 2768 456 2806; x_wconf 70' lang='lat'><strong>&#39;08</strong></span> <span class='ocrx_word' id='word_1_186' title='bbox 489 2768 567 2821; x_wconf 63' lang='grc'><strong>18·-</strong></span> <span class='ocrx_word' id='word_1_187' title='bbox 987 2768 1157 2812; x_wconf 65' lang='grc' dir='ltr'><strong>οδειο,</strong></span> <span class='ocrx_word' id='word_1_188' title='bbox 1188 2768 1242 2803; x_wconf 79' lang='grc' dir='ltr'>ει</span> <span class='ocrx_word' id='word_1_189' title='bbox 1266 2768 1339 2804; x_wconf 75' lang='lat' dir='ltr'><strong>ma</strong></span> 
     </span>
     <span class='ocr_line' id='line_1_44' title="bbox 167 2768 1339 2888; baseline -0.003 -12"><span class='ocrx_word' id='word_1_190' title='bbox 167 2768 261 2876; x_wconf 62' lang='lat' dir='ltr'><strong>g7.</strong></span> <span class='ocrx_word' id='word_1_191' title='bbox 304 2822 527 2875; x_wconf 85' lang='lat' dir='ltr'><strong>noratis.</strong></span> <span class='ocrx_word' id='word_1_192' title='bbox 558 2820 659 2888; x_wconf 87' lang='lat' dir='ltr'><strong>Qui</strong></span> <span class='ocrx_word' id='word_1_193' title='bbox 986 2820 1060 2874; x_wconf 85' lang='lat' dir='ltr'><strong>sit</strong></span> <span class='ocrx_word' id='word_1_194' title='bbox 1086 2834 1246 2888; x_wconf 81' lang='lat' dir='ltr'><strong>super</strong></span> <span class='ocrx_word' id='word_1_195' title='bbox 1272 2821 1339 2873; x_wconf 88' lang='lat' dir='ltr'><strong>il-</strong></span> 
     </span>
    </p>
   </div>
   <div class='ocr_carea' id='block_1_43' title="bbox 248 2820 659 2889">
    <p class='ocr_par' dir='ltr' id='par_1_43' title="bbox 248 2820 659 2889">
     <span class='ocr_line' id='line_1_45' title="bbox 248 2820 659 2889; baseline 0 -14"><span class='ocrx_word' id='word_1_196' title='bbox 248 2862 261 2875; x_wconf 96' lang='lat'><strong>.</strong></span> <span class='ocrx_word' id='word_1_197' title='bbox 304 2820 527 2875; x_wconf 85' lang='lat' dir='ltr'><strong>noratis.</strong></span> <span class='ocrx_word' id='word_1_198' title='bbox 558 2820 659 2889; x_wconf 89' lang='lat' dir='ltr'><strong>Qui</strong></span> 
     </span>
    </p>
   </div>
   <div class='ocr_carea' id='block_1_44' title="bbox 2277 509 2995 569">
    <p class='ocr_par' dir='ltr' id='par_1_44' title="bbox 2277 509 2995 569">
     <span class='ocr_line' id='line_1_46' title="bbox 2277 509 2995 569; baseline -0.004 -1"><span class='ocrx_word' id='word_1_199' title='bbox 2277 512 2503 568; x_wconf 80' lang='lat' dir='ltr'><strong>CODEX</strong></span> <span class='ocrx_word' id='word_1_200' title='bbox 2540 509 2995 569; x_wconf 76' lang='lat' dir='ltr'><strong>VERONENSIS.</strong></span> 
     </span>
    </p>
   </div>
   <div class='ocr_carea' id='block_1_45' title="bbox 2672 604 3010 658">
    <p class='ocr_par' dir='ltr' id='par_1_45' title="bbox 2672 604 3010 658">
     <span class='ocr_line' id='line_1_47' title="bbox 2672 604 3010 658; baseline 0.003 -2"><span class='ocrx_word' id='word_1_201' title='bbox 2672 604 2907 657; x_wconf 90' lang='lat' dir='ltr'><strong>nientcm</strong></span> <span class='ocrx_word' id='word_1_202' title='bbox 2941 604 3010 658; x_wconf 91' lang='lat' dir='ltr'><strong>ad</strong></span> 
     </span>
    </p>
   </div>
   <div class='ocr_carea' id='block_1_46' title="bbox 2671 674 2973 733">
    <p class='ocr_par' dir='ltr' id='par_1_46' title="bbox 2671 674 2973 733">
     <span class='ocr_line' id='line_1_48' title="bbox 2671 674 2973 733; baseline 0.007 -7"><span class='ocrx_word' id='word_1_203' title='bbox 2671 688 2751 733; x_wconf 87' lang='lat' dir='ltr'><strong>se,</strong></span> <span class='ocrx_word' id='word_1_204' title='bbox 2780 684 2834 726; x_wconf 88' lang='lat' dir='ltr'><strong>et</strong></span> <span class='ocrx_word' id='word_1_205' title='bbox 2861 674 2973 727; x_wconf 88' lang='lat' dir='ltr'><strong>ait:</strong></span> 
     </span>
    </p>
   </div>
   <div class='ocr_carea' id='block_1_47' title="bbox 2674 742 3012 811">
    <p class='ocr_par' dir='ltr' id='par_1_47' title="bbox 2674 742 3012 811">
     <span class='ocr_line' id='line_1_49' title="bbox 2674 742 3012 811; baseline 0.012 -17"><span class='ocrx_word' id='word_1_206' title='bbox 2674 742 2814 811; x_wconf 78' lang='lat' dir='ltr'><strong>Ecce</strong></span> <span class='ocrx_word' id='word_1_207' title='bbox 2841 757 3012 811; x_wconf 83' lang='lat' dir='ltr'><strong>agnus</strong></span> 
     </span>
    </p>
   </div>
   <div class='ocr_carea' id='block_1_48' title="bbox 2672 810 2952 877">
    <p class='ocr_par' dir='ltr' id='par_1_48' title="bbox 2672 810 2952 877">
     <span class='ocr_line' id='line_1_50' title="bbox 2672 810 2952 877; baseline 0.014 -14"><span class='ocrx_word' id='word_1_208' title='bbox 2672 810 2789 877; x_wconf 88' lang='lat' dir='ltr'><strong>Dei,</strong></span> <span class='ocrx_word' id='word_1_209' title='bbox 2823 810 2952 867; x_wconf 87' lang='lat' dir='ltr'><strong>ecce</strong></span> 
     </span>
    </p>
   </div>
   <div class='ocr_carea' id='block_1_49' title="bbox 2672 882 3083 951">
    <p class='ocr_par' dir='ltr' id='par_1_49' title="bbox 2672 882 3083 951">
     <span class='ocr_line' id='line_1_51' title="bbox 2672 882 3083 951; baseline 0.017 -19"><span class='ocrx_word' id='word_1_210' title='bbox 2672 882 2758 948; x_wconf 90' lang='lat' dir='ltr'><strong>qui</strong></span> <span class='ocrx_word' id='word_1_211' title='bbox 2794 883 2931 935; x_wconf 89' lang='lat' dir='ltr'><strong>tollit</strong></span> <span class='ocrx_word' id='word_1_212' title='bbox 2958 897 3083 951; x_wconf 91' lang='lat' dir='ltr'><strong>pec-</strong></span> 
     </span>
    </p>
   </div>
   <div class='ocr_carea' id='block_1_50' title="bbox 2672 951 3100 1008">
    <p class='ocr_par' dir='ltr' id='par_1_50' title="bbox 2672 951 3100 1008">
     <span class='ocr_line' id='line_1_52' title="bbox 2672 951 3100 1008; baseline 0.016 -7"><span class='ocrx_word' id='word_1_213' title='bbox 2672 951 2848 1003; x_wconf 77' lang='lat' dir='ltr'><strong>catum</strong></span> <span class='ocrx_word' id='word_1_214' title='bbox 2891 954 3100 1008; x_wconf 90' lang='lat' dir='ltr'><strong>mundi.</strong></span> 
     </span>
    </p>
   </div>
   <div class='ocr_carea' id='block_1_51' title="bbox 2672 1018 3143 1086">
    <p class='ocr_par' dir='ltr' id='par_1_51' title="bbox 2672 1018 3143 1086">
     <span class='ocr_line' id='line_1_53' title="bbox 2672 1018 3143 1086; baseline 0.017 -14"><span class='ocrx_word' id='word_1_215' title='bbox 2672 1018 2761 1073; x_wconf 78' lang='lat'><strong>&#39;50.</strong></span> <span class='ocrx_word' id='word_1_216' title='bbox 2807 1021 2899 1073; x_wconf 93' lang='lat' dir='ltr'><strong>llic</strong></span> <span class='ocrx_word' id='word_1_217' title='bbox 2928 1030 3032 1086; x_wconf 88' lang='lat' dir='ltr'><strong>est,</strong></span> <span class='ocrx_word' id='word_1_218' title='bbox 3074 1024 3143 1080; x_wconf 88' lang='lat' dir='ltr'><strong>de</strong></span> 
     </span>
    </p>
   </div>
   <div class='ocr_carea' id='block_1_52' title="bbox 2668 1092 3014 1156">
    <p class='ocr_par' dir='ltr' id='par_1_52' title="bbox 2668 1092 3014 1156">
     <span class='ocr_line' id='line_1_54' title="bbox 2668 1092 3014 1156; baseline 0.012 -17"><span class='ocrx_word' id='word_1_219' title='bbox 2668 1102 2780 1155; x_wconf 86' lang='lat' dir='ltr'><strong>quo</strong></span> <span class='ocrx_word' id='word_1_220' title='bbox 2810 1105 2906 1156; x_wconf 77' lang='lat' dir='ltr'><strong>ego</strong></span> <span class='ocrx_word' id='word_1_221' title='bbox 2932 1092 3014 1143; x_wconf 87' lang='lat' dir='ltr'><strong>di-</strong></span> 
     </span>
    </p>
   </div>
   <div class='ocr_carea' id='block_1_53' title="bbox 2674 1158 3050 1216">
    <p class='ocr_par' dir='ltr' id='par_1_53' title="bbox 2674 1158 3050 1216">
     <span class='ocr_line' id='line_1_55' title="bbox 2674 1158 3050 1216; baseline 0.016 -7"><span class='ocrx_word' id='word_1_222' title='bbox 2674 1158 2726 1209; x_wconf 72' lang='lat' dir='ltr'><strong>xi</strong></span> <span class='ocrx_word' id='word_1_223' title='bbox 2755 1174 2769 1211; x_wconf 89' lang='lat'><strong>:</strong></span> <span class='ocrx_word' id='word_1_224' title='bbox 2812 1158 2937 1213; x_wconf 83' lang='lat' dir='ltr'><strong>Post</strong></span> <span class='ocrx_word' id='word_1_225' title='bbox 2964 1175 3050 1216; x_wconf 91' lang='lat' dir='ltr'><strong>me</strong></span> 
     </span>
    </p>
   </div>
   <div class='ocr_carea' id='block_1_54' title="bbox 1851 1224 2946 1293">
    <p class='ocr_par' dir='ltr' id='par_1_54' title="bbox 1851 1224 2946 1293">
     <span class='ocr_line' id='line_1_56' title="bbox 1851 1224 2946 1293; baseline 0.005 -18"><span class='ocrx_word' id='word_1_226' title='bbox 1851 1224 2003 1293; x_wconf 79' lang='lat' dir='ltr'><strong>mini.</strong></span> <span class='ocrx_word' id='word_1_227' title='bbox 2676 1226 2820 1280; x_wconf 86' lang='lat' dir='ltr'><strong>venit</strong></span> <span class='ocrx_word' id='word_1_228' title='bbox 2848 1229 2946 1293; x_wconf 87' lang='lat' dir='ltr'><strong>vir,</strong></span> 
     </span>
    </p>
   </div>
   <div class='ocr_carea' id='block_1_55' title="bbox 1848 1291 3095 1363">
    <p class='ocr_par' dir='ltr' id='par_1_55' title="bbox 1848 1291 3095 1363">
     <span class='ocr_line' id='line_1_57' title="bbox 1848 1291 3095 1363; baseline 0.011 -19"><span class='ocrx_word' id='word_1_229' title='bbox 1848 1291 1939 1363; x_wconf 67' lang='grc'><strong>24.</strong></span> <span class='ocrx_word' id='word_1_230' title='bbox 1984 1294 2049 1346; x_wconf 89' lang='lat' dir='ltr'><strong>Et</strong></span> <span class='ocrx_word' id='word_1_231' title='bbox 2075 1295 2166 1363; x_wconf 89' lang='lat' dir='ltr'><strong>qui</strong></span> <span class='ocrx_word' id='word_1_232' title='bbox 2204 1298 2353 1352; x_wconf 84' lang='lat' dir='ltr'><strong>missi</strong></span> <span class='ocrx_word' id='word_1_233' title='bbox 2673 1298 2759 1363; x_wconf 86' lang='lat' dir='ltr'><strong>qui</strong></span> <span class='ocrx_word' id='word_1_234' title='bbox 2792 1291 3032 1353; x_wconf 78' lang='lat' dir='ltr'><strong>anteme</strong></span> <span class='ocrx_word' id='word_1_235' title='bbox 3092 1340 3095 1341; x_wconf 49' lang='grc' dir='ltr'><em>ν</em></span> 
     </span>
    </p>
   </div>
   <div class='ocr_carea' id='block_1_56' title="bbox 1849 1360 3160 1439">
    <p class='ocr_par' dir='ltr' id='par_1_56' title="bbox 1849 1360 3160 1439">
     <span class='ocr_line' id='line_1_58' title="bbox 1849 1360 3160 1439; baseline 0.005 -25"><span class='ocrx_word' id='word_1_236' title='bbox 1849 1360 2154 1439; x_wconf 63' lang='lat' dir='ltr'><strong>[nerantex</strong></span> <span class='ocrx_word' id='word_1_237' title='bbox 2170 1434 2215 1439; x_wconf 93' lang='lat'>__</span> <span class='ocrx_word' id='word_1_238' title='bbox 2675 1360 2843 1439; x_wconf 74' lang='lat' dir='ltr'><strong>factus</strong></span> <span class='ocrx_word' id='word_1_239' title='bbox 2869 1376 2953 1421; x_wconf 90' lang='lat' dir='ltr'><strong>est</strong></span> <span class='ocrx_word' id='word_1_240' title='bbox 2981 1385 2995 1420; x_wconf 88' lang='lat'><strong><em>:</em></strong></span> <span class='ocrx_word' id='word_1_241' title='bbox 3026 1386 3160 1439; x_wconf 80' lang='lat' dir='ltr'><strong>quo.</strong></span> 
     </span>
    </p>
   </div>
   <div class='ocr_carea' id='block_1_57' title="bbox 1850 1430 3081 1495">
    <p class='ocr_par' dir='ltr' id='par_1_57' title="bbox 1850 1430 3081 1495">
     <span class='ocr_line' id='line_1_59' title="bbox 1850 1430 3081 1495; baseline 0.009 -12"><span class='ocrx_word' id='word_1_242' title='bbox 1850 1430 2135 1487; x_wconf 88' lang='lat' dir='ltr'><strong>Farisaeis.</strong></span> <span class='ocrx_word' id='word_1_243' title='bbox 2170 1434 2240 1490; x_wconf 94' lang='lat' dir='ltr'><strong>Ut</strong></span> <span class='ocrx_word' id='word_1_244' title='bbox 2674 1434 2811 1487; x_wconf 87' lang='lat' dir='ltr'><strong>niam</strong></span> <span class='ocrx_word' id='word_1_245' title='bbox 2840 1449 2963 1491; x_wconf 84' lang='lat' dir='ltr'><strong>ante</strong></span> <span class='ocrx_word' id='word_1_246' title='bbox 2994 1430 3081 1495; x_wconf 72' lang='lat' dir='ltr'><strong>me</strong></span> 
     </span>
    </p>
   </div>
   <div class='ocr_carea' id='block_1_58' title="bbox 2674 1502 3177 1583">
    <p class='ocr_par' dir='ltr' id='par_1_58' title="bbox 2674 1502 3177 1583">
     <span class='ocr_line' id='line_1_60' title="bbox 2674 1502 3177 1583; baseline 0.016 -28"><span class='ocrx_word' id='word_1_247' title='bbox 2674 1502 2762 1582; x_wconf 49' lang='lat' dir='ltr'><strong>Idl.</strong></span> <span class='ocrx_word' id='word_1_248' title='bbox 2802 1516 2935 1583; x_wconf 78' lang='lat' dir='ltr'><strong>erat.</strong></span> <span class='ocrx_word' id='word_1_249' title='bbox 2979 1508 3047 1563; x_wconf 87' lang='lat' dir='ltr'><strong>Et</strong></span> <span class='ocrx_word' id='word_1_250' title='bbox 3075 1526 3177 1583; x_wconf 85' lang='lat' dir='ltr'><strong>ego</strong></span> 
     </span>
    </p>
   </div>
   <div class='ocr_carea' id='block_1_59' title="bbox 1853 602 2210 672">
    <p class='ocr_par' dir='ltr' id='par_1_59' title="bbox 1853 602 2210 672">
     <span class='ocr_line' id='line_1_61' title="bbox 1853 602 2210 672; baseline 0.008 -19"><span class='ocrx_word' id='word_1_251' title='bbox 1853 615 1969 672; x_wconf 83' lang='lat' dir='ltr'><strong>mus</strong></span> <span class='ocrx_word' id='word_1_252' title='bbox 1997 602 2095 665; x_wconf 88' lang='lat' dir='ltr'><strong>his,</strong></span> <span class='ocrx_word' id='word_1_253' title='bbox 2122 604 2210 672; x_wconf 89' lang='lat' dir='ltr'><strong>qni</strong></span> 
     </span>
    </p>
   </div>
   <div class='ocr_carea' id='block_1_60' title="bbox 1851 671 2269 727">
    <p class='ocr_par' dir='ltr' id='par_1_60' title="bbox 1851 671 2269 727">
     <span class='ocr_line' id='line_1_62' title="bbox 1851 671 2269 727; baseline 0.005 -5"><span class='ocrx_word' id='word_1_254' title='bbox 1851 671 2111 724; x_wconf 74' lang='lat' dir='ltr'><strong>miserunt</strong></span> <span class='ocrx_word' id='word_1_255' title='bbox 2135 671 2269 727; x_wconf 82' lang='lat' dir='ltr'><strong>nos?</strong></span> 
     </span>
    </p>
   </div>
   <div class='ocr_carea' id='block_1_61' title="bbox 1890 740 2139 794">
    <p class='ocr_par' dir='ltr' id='par_1_61' title="bbox 1890 740 2139 794">
     <span class='ocr_line' id='line_1_63' title="bbox 1890 740 2139 794; baseline 0.012 -3"><span class='ocrx_word' id='word_1_256' title='bbox 1890 740 1975 791; x_wconf 88' lang='lat' dir='ltr'><strong>uid</strong></span> <span class='ocrx_word' id='word_1_257' title='bbox 2005 740 2139 794; x_wconf 86' lang='lat' dir='ltr'><strong>dicis</strong></span> 
     </span>
    </p>
   </div>
   <div class='ocr_carea' id='block_1_62' title="bbox 1887 809 2178 875">
    <p class='ocr_par' dir='ltr' id='par_1_62' title="bbox 1887 809 2178 875">
     <span class='ocr_line' id='line_1_64' title="bbox 1887 809 2178 875; baseline 0.01 -14"><span class='ocrx_word' id='word_1_258' title='bbox 1887 824 1917 861; x_wconf 94' lang='lat' dir='ltr'><strong>e</strong></span> <span class='ocrx_word' id='word_1_259' title='bbox 1948 817 2000 862; x_wconf 92' lang='lat' dir='ltr'><strong>te</strong></span> <span class='ocrx_word' id='word_1_260' title='bbox 2026 809 2178 875; x_wconf 85' lang='lat' dir='ltr'><strong>ipso?</strong></span> 
     </span>
    </p>
   </div>
   <div class='ocr_carea' id='block_1_63' title="bbox 1848 876 2320 944">
    <p class='ocr_par' dir='ltr' id='par_1_63' title="bbox 1848 876 2320 944">
     <span class='ocr_line' id='line_1_65' title="bbox 1848 876 2320 944; baseline 0.017 -16"><span class='ocrx_word' id='word_1_261' title='bbox 1848 876 1937 932; x_wconf 75' lang='grc'><strong>25.</strong></span> <span class='ocrx_word' id='word_1_262' title='bbox 1977 877 2180 944; x_wconf 86' lang='lat' dir='ltr'><strong>Quibus</strong></span> <span class='ocrx_word' id='word_1_263' title='bbox 2209 882 2285 936; x_wconf 81' lang='lat' dir='ltr'><strong>ait</strong></span> <span class='ocrx_word' id='word_1_264' title='bbox 2307 901 2320 936; x_wconf 90' lang='lat'>:</span> 
     </span>
    </p>
   </div>
   <div class='ocr_carea' id='block_1_64' title="bbox 1850 945 2228 1015">
    <p class='ocr_par' dir='ltr' id='par_1_64' title="bbox 1850 945 2228 1015">
     <span class='ocr_line' id='line_1_66' title="bbox 1850 945 2228 1015; baseline 0.003 -16"><span class='ocrx_word' id='word_1_265' title='bbox 1850 945 1963 1015; x_wconf 83' lang='lat' dir='ltr'><strong>Ego</strong></span> <span class='ocrx_word' id='word_1_266' title='bbox 1992 962 2091 1002; x_wconf 82' lang='lat' dir='ltr'><strong>vox</strong></span> <span class='ocrx_word' id='word_1_267' title='bbox 2119 950 2228 1002; x_wconf 79' lang='lat' dir='ltr'><strong>cln-</strong></span> 
     </span>
    </p>
   </div>
   <div class='ocr_carea' id='block_1_65' title="bbox 1851 1017 2241 1074">
    <p class='ocr_par' dir='ltr' id='par_1_65' title="bbox 1851 1017 2241 1074">
     <span class='ocr_line' id='line_1_67' title="bbox 1851 1017 2241 1074; baseline 0.021 -8"><span class='ocrx_word' id='word_1_268' title='bbox 1851 1017 2043 1070; x_wconf 86' lang='lat' dir='ltr'><strong>mantis</strong></span> <span class='ocrx_word' id='word_1_269' title='bbox 2073 1018 2125 1071; x_wconf 91' lang='lat' dir='ltr'><strong>in</strong></span> <span class='ocrx_word' id='word_1_270' title='bbox 2149 1019 2241 1074; x_wconf 87' lang='lat' dir='ltr'><strong>de-</strong></span> 
     </span>
    </p>
   </div>
   <div class='ocr_carea' id='block_1_66' title="bbox 1850 1089 2285 1159">
    <p class='ocr_par' dir='ltr' id='par_1_66' title="bbox 1850 1089 2285 1159">
     <span class='ocr_line' id='line_1_68' title="bbox 1850 1089 2285 1159; baseline 0.021 -23"><span class='ocrx_word' id='word_1_271' title='bbox 1850 1092 1996 1159; x_wconf 81' lang='lat' dir='ltr'><strong>serto</strong></span> <span class='ocrx_word' id='word_1_272' title='bbox 2018 1103 2045 1159; x_wconf 90' lang='lat'><strong>:_</strong></span> <span class='ocrx_word' id='word_1_273' title='bbox 2066 1089 2285 1159; x_wconf 85' lang='lat' dir='ltr'><strong>Dirigite</strong></span> 
     </span>
    </p>
   </div>
   <div class='ocr_carea' id='block_1_67' title="bbox 1848 1155 2121 1221">
    <p class='ocr_par' dir='ltr' id='par_1_67' title="bbox 1848 1155 2121 1221">
     <span class='ocr_line' id='line_1_69' title="bbox 1848 1155 2121 1221; baseline 0.015 -15"><span class='ocrx_word' id='word_1_274' title='bbox 1848 1155 1987 1221; x_wconf 82' lang='lat' dir='ltr'><strong>viam</strong></span> <span class='ocrx_word' id='word_1_275' title='bbox 2015 1155 2121 1210; x_wconf 91' lang='lat' dir='ltr'><strong>Do-</strong></span> 
     </span>
    </p>
   </div>
   <div class='ocr_carea' id='block_1_68' title="bbox 1850 1500 2261 1579">
    <p class='ocr_par' dir='ltr' id='par_1_68' title="bbox 1850 1500 2261 1579">
     <span class='ocr_line' id='line_1_70' title="bbox 1850 1500 2261 1579; baseline 0.012 -26"><span class='ocrx_word' id='word_1_276' title='bbox 1850 1500 2261 1579; x_wconf 67' lang='lat' dir='ltr'><strong>interrogarent.</strong></span> 
     </span>
    </p>
   </div>
   <div class='ocr_carea' id='block_1_69' title="bbox 1849 1570 2981 1640">
    <p class='ocr_par' dir='ltr' id='par_1_69' title="bbox 1849 1570 2981 1640">
     <span class='ocr_line' id='line_1_71' title="bbox 1849 1570 2981 1640; baseline 0.007 -18"><span class='ocrx_word' id='word_1_277' title='bbox 1849 1583 1990 1640; x_wconf 80' lang='lat' dir='ltr'><strong>eum,</strong></span> <span class='ocrx_word' id='word_1_278' title='bbox 2016 1570 2260 1627; x_wconf 84' lang='lat' dir='ltr'><strong>dixerunt</strong></span> <span class='ocrx_word' id='word_1_279' title='bbox 2529 1601 2533 1605; x_wconf 91' lang='lat'><em>-</em></span> <span class='ocrx_word' id='word_1_280' title='bbox 2675 1572 2981 1640; x_wconf 82' lang='lat' dir='ltr'><strong>ignorabam</strong></span> 
     </span>
    </p>
   </div>
   <div class='ocr_carea' id='block_1_70' title="bbox 1850 1638 3026 1714">
    <p class='ocr_par' dir='ltr' id='par_1_70' title="bbox 1850 1638 3026 1714">
     <span class='ocr_line' id='line_1_72' title="bbox 1850 1638 3026 1714; baseline 0.011 -25"><span class='ocrx_word' id='word_1_281' title='bbox 1850 1638 1939 1714; x_wconf 55' lang='grc'><strong>25.</strong></span> <span class='ocrx_word' id='word_1_282' title='bbox 1981 1640 2030 1714; x_wconf 80' lang='lat' dir='ltr'><strong>ei</strong></span> <span class='ocrx_word' id='word_1_283' title='bbox 2056 1655 2069 1690; x_wconf 88' lang='lat'><strong><em>:</em></strong></span> <span class='ocrx_word' id='word_1_284' title='bbox 2099 1643 2237 1714; x_wconf 89' lang='lat' dir='ltr'><strong>Quid</strong></span> <span class='ocrx_word' id='word_1_285' title='bbox 2266 1658 2395 1714; x_wconf 80' lang='lat' dir='ltr'><strong>ergo</strong></span> <span class='ocrx_word' id='word_1_286' title='bbox 2675 1638 2819 1706; x_wconf 79' lang='lat' dir='ltr'><strong>eum,</strong></span> <span class='ocrx_word' id='word_1_287' title='bbox 2846 1647 2940 1699; x_wconf 84' lang='lat' dir='ltr'><strong>sed</strong></span> <span class='ocrx_word' id='word_1_288' title='bbox 2969 1656 3026 1702; x_wconf 89' lang='lat' dir='ltr'><strong>ut</strong></span> 
     </span>
    </p>
   </div>
   <div class='ocr_carea' id='block_1_71' title="bbox 1851 1707 3103 1777">
    <p class='ocr_par' dir='ltr' id='par_1_71' title="bbox 1851 1707 3103 1777">
     <span class='ocr_line' id='line_1_73' title="bbox 1851 1707 3103 1777; baseline 0.011 -16"><span class='ocrx_word' id='word_1_289' title='bbox 1851 1707 2105 1776; x_wconf 85' lang='lat' dir='ltr'><strong>baptizas,</strong></span> <span class='ocrx_word' id='word_1_290' title='bbox 2136 1712 2178 1763; x_wconf 91' lang='lat' dir='ltr'><strong>si</strong></span> <span class='ocrx_word' id='word_1_291' title='bbox 2328 1707 2354 1714; x_wconf 72' lang='lat'>&#39;</span> <span class='ocrx_word' id='word_1_292' title='bbox 2677 1714 3103 1777; x_wconf 79' lang='lat' dir='ltr'><strong>manifestaretur</strong></span> 
     </span>
    </p>
   </div>
   <div class='ocr_carea' id='block_1_72' title="bbox 1853 1779 2939 1846">
    <p class='ocr_par' dir='ltr' id='par_1_72' title="bbox 1853 1779 2939 1846">
     <span class='ocr_line' id='line_1_74' title="bbox 1853 1779 2939 1846; baseline 0.016 -17"><span class='ocrx_word' id='word_1_293' title='bbox 1853 1786 1909 1830; x_wconf 94' lang='lat' dir='ltr'><strong>tu</strong></span> <span class='ocrx_word' id='word_1_294' title='bbox 1936 1794 2041 1832; x_wconf 89' lang='lat' dir='ltr'><strong>non</strong></span> <span class='ocrx_word' id='word_1_295' title='bbox 2062 1793 2121 1833; x_wconf 87' lang='lat' dir='ltr'><strong>es</strong></span> <span class='ocrx_word' id='word_1_296' title='bbox 2145 1779 2300 1836; x_wconf 87' lang='lat' dir='ltr'><strong>Chri-</strong></span> <span class='ocrx_word' id='word_1_297' title='bbox 2677 1780 2939 1846; x_wconf 73' lang='lat' dir='ltr'><strong>lSlraheli.</strong></span> 
     </span>
    </p>
   </div>
   <div class='ocr_carea' id='block_1_73' title="bbox 1852 1849 2277 1912">
    <p class='ocr_par' dir='ltr' id='par_1_73' title="bbox 1852 1849 2277 1912">
     <span class='ocr_line' id='line_1_75' title="bbox 1852 1849 2277 1912; baseline 0.019 -14"><span class='ocrx_word' id='word_1_298' title='bbox 1852 1856 1985 1912; x_wconf 87' lang='lat' dir='ltr'><strong>stus,</strong></span> <span class='ocrx_word' id='word_1_299' title='bbox 2011 1863 2109 1902; x_wconf 91' lang='lat' dir='ltr'><strong>nec</strong></span> <span class='ocrx_word' id='word_1_300' title='bbox 2132 1849 2277 1907; x_wconf 86' lang='lat' dir='ltr'><strong>Heli-</strong></span> 
     </span>
    </p>
   </div>
   <div class='ocr_carea' id='block_1_74' title="bbox 2680 1855 3024 1920">
    <p class='ocr_par' dir='ltr' id='par_1_74' title="bbox 2680 1855 3024 1920">
     <span class='ocr_line' id='line_1_76' title="bbox 2680 1855 3024 1920; baseline 0.026 -18"><span class='ocrx_word' id='word_1_301' title='bbox 2680 1863 2898 1920; x_wconf 87' lang='lat' dir='ltr'><strong>proptcr</strong></span> <span class='ocrx_word' id='word_1_302' title='bbox 2921 1855 3024 1912; x_wconf 86' lang='lat' dir='ltr'><strong>hoc</strong></span> 
     </span>
    </p>
   </div>
   <div class='ocr_carea' id='block_1_75' title="bbox 1851 1919 2289 1976">
    <p class='ocr_par' dir='ltr' id='par_1_75' title="bbox 1851 1919 2289 1976">
     <span class='ocr_line' id='line_1_77' title="bbox 1851 1919 2289 1976; baseline 0.011 -8"><span class='ocrx_word' id='word_1_303' title='bbox 1851 1930 1931 1975; x_wconf 88' lang='lat' dir='ltr'><strong>as.</strong></span> <span class='ocrx_word' id='word_1_304' title='bbox 1954 1933 2127 1976; x_wconf 86' lang='lat' dir='ltr'><strong>neque</strong></span> <span class='ocrx_word' id='word_1_305' title='bbox 2156 1919 2289 1976; x_wconf 61' lang='lat' dir='ltr'><strong>Pro.</strong></span> 
     </span>
    </p>
   </div>
   <div class='ocr_carea' id='block_1_76' title="bbox 2679 1927 3010 1989">
    <p class='ocr_par' dir='ltr' id='par_1_76' title="bbox 2679 1927 3010 1989">
     <span class='ocr_line' id='line_1_78' title="bbox 2679 1927 3010 1989; baseline 0.018 -16"><span class='ocrx_word' id='word_1_306' title='bbox 2679 1934 2777 1989; x_wconf 85' lang='lat' dir='ltr'><strong>ego</strong></span> <span class='ocrx_word' id='word_1_307' title='bbox 2812 1927 2929 1977; x_wconf 78' lang='lat' dir='ltr'><strong>veni</strong></span> <span class='ocrx_word' id='word_1_308' title='bbox 2960 1929 3010 1980; x_wconf 90' lang='lat' dir='ltr'><strong>in</strong></span> 
     </span>
    </p>
   </div>
   <div class='ocr_carea' id='block_1_77' title="bbox 1850 1986 3014 2064">
    <p class='ocr_par' dir='ltr' id='par_1_77' title="bbox 1850 1986 3014 2064">
     <span class='ocr_line' id='line_1_79' title="bbox 1850 1986 3014 2064; baseline 0.009 -25"><span class='ocrx_word' id='word_1_309' title='bbox 1850 1986 2018 2064; x_wconf 52' lang='lat' dir='ltr'><strong>pineta</strong></span> <span class='ocrx_word' id='word_1_310' title='bbox 2033 1986 2057 2041; x_wconf 65' lang='grc' dir='ltr'>ἲ</span> <span class='ocrx_word' id='word_1_311' title='bbox 2218 2059 2249 2064; x_wconf 84' lang='lat'><strong>__</strong></span> <span class='ocrx_word' id='word_1_312' title='bbox 2336 2062 2344 2064; x_wconf 87' lang='lat'>_</span> <span class='ocrx_word' id='word_1_313' title='bbox 2677 1986 2811 2057; x_wconf 67' lang='lat' dir='ltr'><strong>aqua</strong></span> <span class='ocrx_word' id='word_1_314' title='bbox 2840 1992 3014 2064; x_wconf 84' lang='lat' dir='ltr'><strong>bapti-</strong></span> 
     </span>
    </p>
   </div>
   <div class='ocr_carea' id='block_1_78' title="bbox 1849 2053 2825 2135">
    <p class='ocr_par' dir='ltr' id='par_1_78' title="bbox 1849 2053 2825 2135">
     <span class='ocr_line' id='line_1_80' title="bbox 1849 2053 2825 2135; baseline 0.012 -28"><span class='ocrx_word' id='word_1_315' title='bbox 1849 2053 1940 2135; x_wconf 40' lang='grc' dir='ltr'><strong>ξδ’.</strong></span> <span class='ocrx_word' id='word_1_316' title='bbox 1984 2056 2275 2135; x_wconf 79' lang='lat' dir='ltr'><strong>Respondit</strong></span> <span class='ocrx_word' id='word_1_317' title='bbox 2299 2062 2378 2117; x_wconf 88' lang='lat' dir='ltr'><strong>eis</strong></span> <span class='ocrx_word' id='word_1_318' title='bbox 2458 2085 2461 2087; x_wconf 88' lang='grc'>·</span> <span class='ocrx_word' id='word_1_319' title='bbox 2678 2053 2825 2135; x_wconf 53' lang='grc' dir='ltr'><strong>ἐξέπιε.</strong></span> 
     </span>
    </p>
   </div>
   <div class='ocr_carea' id='block_1_79' title="bbox 1849 2121 3219 2202">
    <p class='ocr_par' dir='ltr' id='par_1_79' title="bbox 1849 2121 3219 2202">
     <span class='ocr_line' id='line_1_81' title="bbox 1849 2121 3219 2202; baseline 0.026 -36"><span class='ocrx_word' id='word_1_320' title='bbox 1849 2121 2141 2202; x_wconf 54' lang='lat' dir='ltr'><strong>Johannf&#39;s‘,</strong></span> <span class='ocrx_word' id='word_1_321' title='bbox 2163 2129 2245 2183; x_wconf 73' lang='lat' dir='ltr'><strong>di-</strong></span> <span class='ocrx_word' id='word_1_322' title='bbox 2678 2128 2767 2182; x_wconf 72' lang='lat'><strong>32.</strong></span> <span class='ocrx_word' id='word_1_323' title='bbox 2797 2130 2875 2202; x_wconf 82' lang='lat' dir='ltr'><strong>_Et</strong></span> <span class='ocrx_word' id='word_1_324' title='bbox 2906 2137 3219 2202; x_wconf 79' lang='lat' dir='ltr'><strong>testiﬁcatus</strong></span> 
     </span>
    </p>
   </div>
   <div class='ocr_carea' id='block_1_80' title="bbox 1850 2196 3080 2275">
    <p class='ocr_par' dir='ltr' id='par_1_80' title="bbox 1850 2196 3080 2275">
     <span class='ocr_line' id='line_1_82' title="bbox 1850 2196 3080 2275; baseline 0.017 -35"><span class='ocrx_word' id='word_1_325' title='bbox 1850 2207 1977 2275; x_wconf 58' lang='lat' dir='ltr'><strong>cenq</strong></span> <span class='ocrx_word' id='word_1_326' title='bbox 2000 2210 2015 2247; x_wconf 86' lang='lat'><strong>:</strong></span> <span class='ocrx_word' id='word_1_327' title='bbox 2046 2196 2158 2275; x_wconf 65' lang='lat' dir='ltr'><strong>Ego</strong></span> <span class='ocrx_word' id='word_1_328' title='bbox 2678 2210 2760 2275; x_wconf 63' lang='lat' dir='ltr'><strong>est</strong></span> <span class='ocrx_word' id='word_1_329' title='bbox 2787 2198 3080 2275; x_wconf 82' lang='lat' dir='ltr'><strong>Johannes,</strong></span> 
     </span>
    </p>
   </div>
   <div class='ocr_carea' id='block_1_81' title="bbox 1848 2264 2182 2330">
    <p class='ocr_par' dir='ltr' id='par_1_81' title="bbox 1848 2264 2182 2330">
     <span class='ocr_line' id='line_1_83' title="bbox 1848 2264 2182 2330; baseline 0.018 -15"><span class='ocrx_word' id='word_1_330' title='bbox 1848 2264 2062 2330; x_wconf 81' lang='lat' dir='ltr'><strong>quidem</strong></span> <span class='ocrx_word' id='word_1_331' title='bbox 2088 2264 2182 2321; x_wconf 81' lang='lat' dir='ltr'><strong>ba-</strong></span> 
     </span>
    </p>
   </div>
   <div class='ocr_carea' id='block_1_82' title="bbox 1850 2332 2197 2399">
    <p class='ocr_par' dir='ltr' id='par_1_82' title="bbox 1850 2332 2197 2399">
     <span class='ocr_line' id='line_1_84' title="bbox 1850 2332 2197 2399; baseline 0.014 -15"><span class='ocrx_word' id='word_1_332' title='bbox 1850 2332 1993 2399; x_wconf 86' lang='lat' dir='ltr'><strong>ptizo</strong></span> <span class='ocrx_word' id='word_1_333' title='bbox 2021 2349 2115 2389; x_wconf 90' lang='lat' dir='ltr'><strong>vos</strong></span> <span class='ocrx_word' id='word_1_334' title='bbox 2142 2337 2197 2389; x_wconf 90' lang='lat' dir='ltr'><strong>in</strong></span> 
     </span>
    </p>
   </div>
   <div class='ocr_carea' id='block_1_83' title="bbox 1847 2413 2195 2472">
    <p class='ocr_par' dir='ltr' id='par_1_83' title="bbox 1847 2413 2195 2472">
     <span class='ocr_line' id='line_1_85' title="bbox 1847 2413 2195 2472; baseline 0.017 -19"><span class='ocrx_word' id='word_1_335' title='bbox 1847 2413 2037 2471; x_wconf 84' lang='lat' dir='ltr'><strong>aquam</strong></span> <span class='ocrx_word' id='word_1_336' title='bbox 2067 2418 2195 2472; x_wconf 85' lang='lat' dir='ltr'><strong>poe-</strong></span> 
     </span>
    </p>
   </div>
   <div class='ocr_carea' id='block_1_84' title="bbox 1848 2471 2281 2531">
    <p class='ocr_par' dir='ltr' id='par_1_84' title="bbox 1848 2471 2281 2531">
     <span class='ocr_line' id='line_1_86' title="bbox 1848 2471 2281 2531; baseline 0.012 -8"><span class='ocrx_word' id='word_1_337' title='bbox 1848 2471 2098 2526; x_wconf 80' lang='lat' dir='ltr'><strong>nitentiae</strong></span> <span class='ocrx_word' id='word_1_338' title='bbox 2127 2493 2140 2527; x_wconf 93' lang='lat'><strong>:</strong></span> <span class='ocrx_word' id='word_1_339' title='bbox 2168 2489 2281 2531; x_wconf 83' lang='lat' dir='ltr'><strong>me-</strong></span> 
     </span>
    </p>
   </div>
   <div class='ocr_carea' id='block_1_85' title="bbox 1846 2540 2168 2596">
    <p class='ocr_par' dir='ltr' id='par_1_85' title="bbox 1846 2540 2168 2596">
     <span class='ocr_line' id='line_1_87' title="bbox 1846 2540 2168 2596; baseline 0.019 -6"><span class='ocrx_word' id='word_1_340' title='bbox 1846 2540 1967 2593; x_wconf 88' lang='lat' dir='ltr'><strong>dius</strong></span> <span class='ocrx_word' id='word_1_341' title='bbox 1989 2550 2168 2596; x_wconf 86' lang='lat' dir='ltr'><strong>autem</strong></span> 
     </span>
    </p>
   </div>
   <div class='ocr_carea' id='block_1_86' title="bbox 2676 2266 3079 2340">
    <p class='ocr_par' dir='ltr' id='par_1_86' title="bbox 2676 2266 3079 2340">
     <span class='ocr_line' id='line_1_88' title="bbox 2676 2266 3079 2340; baseline 0.005 -23"><span class='ocrx_word' id='word_1_342' title='bbox 2676 2266 2861 2340; x_wconf 84' lang='lat' dir='ltr'><strong>dicens</strong></span> <span class='ocrx_word' id='word_1_343' title='bbox 2887 2288 2900 2323; x_wconf 87' lang='lat'><strong><em>:</em></strong></span> <span class='ocrx_word' id='word_1_344' title='bbox 2931 2266 3079 2340; x_wconf 67' lang='grc' dir='ltr'><strong>ρυολ</strong></span> 
     </span>
    </p>
   </div>
   <div class='ocr_carea' id='block_1_87' title="bbox 2678 2337 2952 2395">
    <p class='ocr_par' dir='ltr' id='par_1_87' title="bbox 2678 2337 2952 2395">
     <span class='ocr_line' id='line_1_89' title="bbox 2678 2337 2952 2395; baseline 0.036 -9"><span class='ocrx_word' id='word_1_345' title='bbox 2678 2337 2818 2390; x_wconf 84' lang='lat' dir='ltr'><strong>niam</strong></span> <span class='ocrx_word' id='word_1_346' title='bbox 2848 2341 2952 2395; x_wconf 87' lang='lat' dir='ltr'><strong>vidi</strong></span> 
     </span>
    </p>
   </div>
   <div class='ocr_carea' id='block_1_88' title="bbox 2676 2403 3123 2475">
    <p class='ocr_par' dir='ltr' id='par_1_88' title="bbox 2676 2403 3123 2475">
     <span class='ocr_line' id='line_1_90' title="bbox 2676 2403 3123 2475; baseline 0.022 -16"><span class='ocrx_word' id='word_1_347' title='bbox 2676 2403 2933 2474; x_wconf 85' lang='lat' dir='ltr'><strong>Spiritum</strong></span> <span class='ocrx_word' id='word_1_348' title='bbox 2980 2415 3123 2475; x_wconf 79' lang='lat' dir='ltr'><strong>sicut,</strong></span> 
     </span>
    </p>
   </div>
   <div class='ocr_carea' id='block_1_89' title="bbox 2675 2478 3099 2543">
    <p class='ocr_par' dir='ltr' id='par_1_89' title="bbox 2675 2478 3099 2543">
     <span class='ocr_line' id='line_1_91' title="bbox 2675 2478 3099 2543; baseline 0.019 -15"><span class='ocrx_word' id='word_1_349' title='bbox 2675 2478 2974 2536; x_wconf 86' lang='lat' dir='ltr'><strong>columbam</strong></span> <span class='ocrx_word' id='word_1_350' title='bbox 3004 2486 3099 2543; x_wconf 79' lang='lat' dir='ltr'><strong>de.</strong></span> 
     </span>
    </p>
   </div>
   <div class='ocr_carea' id='block_1_90' title="bbox 2672 2549 3020 2609">
    <p class='ocr_par' dir='ltr' id='par_1_90' title="bbox 2672 2549 3020 2609">
     <span class='ocr_line' id='line_1_92' title="bbox 2672 2549 3020 2609; baseline 0.032 -11"><span class='ocrx_word' id='word_1_351' title='bbox 2672 2549 3020 2609; x_wconf 84' lang='lat' dir='ltr'><strong>scendentem</strong></span> 
     </span>
    </p>
   </div>
   <div class='ocr_carea' id='block_1_91' title="bbox 1845 2615 3030 2685">
    <p class='ocr_par' dir='ltr' id='par_1_91' title="bbox 1845 2615 3030 2685">
     <span class='ocr_line' id='line_1_93' title="bbox 1845 2615 3030 2685; baseline 0.013 -23"><span class='ocrx_word' id='word_1_352' title='bbox 1845 2618 2082 2665; x_wconf 89' lang='lat' dir='ltr'><strong>vestrum</strong></span> <span class='ocrx_word' id='word_1_353' title='bbox 2112 2622 2237 2681; x_wconf 86' lang='lat' dir='ltr'><strong>stat,</strong></span> <span class='ocrx_word' id='word_1_354' title='bbox 2675 2615 2742 2668; x_wconf 89' lang='lat' dir='ltr'><strong>de</strong></span> <span class='ocrx_word' id='word_1_355' title='bbox 2760 2620 2945 2685; x_wconf 78' lang='lat' dir='ltr'><strong>‘caelo,</strong></span> <span class='ocrx_word' id='word_1_356' title='bbox 2976 2634 3030 2679; x_wconf 90' lang='lat' dir='ltr'><strong>et</strong></span> 
     </span>
    </p>
   </div>
   <div class='ocr_carea' id='block_1_92' title="bbox 1846 2693 2982 2747">
    <p class='ocr_par' dir='ltr' id='par_1_92' title="bbox 1846 2693 2982 2747">
     <span class='ocr_line' id='line_1_94' title="bbox 1846 2693 2982 2747; baseline 0.012 -17"><span class='ocrx_word' id='word_1_357' title='bbox 1846 2693 2003 2747; x_wconf 87' lang='lat' dir='ltr'><strong>quem</strong></span> <span class='ocrx_word' id='word_1_358' title='bbox 2031 2696 2125 2735; x_wconf 78' lang='lat' dir='ltr'><strong>V08</strong></span> <span class='ocrx_word' id='word_1_359' title='bbox 2674 2698 2982 2744; x_wconf 87' lang='lat' dir='ltr'><strong>manentem</strong></span> 
     </span>
    </p>
   </div>
   <div class='ocr_carea' id='block_1_93' title="bbox 1846 2747 3003 2821">
    <p class='ocr_par' dir='ltr' id='par_1_93' title="bbox 1846 2747 3003 2821">
     <span class='ocr_line' id='line_1_95' title="bbox 1846 2747 3003 2821; baseline 0.012 -21"><span class='ocrx_word' id='word_1_360' title='bbox 1846 2747 2124 2821; x_wconf 71' lang='lat' dir='ltr'><strong>ignoratis.</strong></span> <span class='ocrx_word' id='word_1_361' title='bbox 2672 2768 2833 2821; x_wconf 79' lang='lat' dir='ltr'><strong>super</strong></span> <span class='ocrx_word' id='word_1_362' title='bbox 2858 2774 3003 2813; x_wconf 88' lang='lat' dir='ltr'><strong>cum.</strong></span> 
     </span>
    </p>
   </div>
   <div class='ocr_carea' id='block_1_94' title="bbox 1844 2817 3175 2904">
    <p class='ocr_par' dir='ltr' id='par_1_94' title="bbox 1844 2817 3175 2904">
     <span class='ocr_line' id='line_1_96' title="bbox 1844 2817 3175 2904; baseline 0.018 -34"><span class='ocrx_word' id='word_1_363' title='bbox 1844 2817 2094 2904; x_wconf 43' lang='lat' dir='ltr'><strong>27.‘lpse</strong></span> <span class='ocrx_word' id='word_1_364' title='bbox 2118 2825 2339 2904; x_wconf 32' lang='grc' dir='ltr'><strong>θείη-(ιιιί</strong></span> <span class='ocrx_word' id='word_1_365' title='bbox 2484 2868 2487 2871; x_wconf 56' lang='grc' dir='ltr'><strong>ς</strong></span> <span class='ocrx_word' id='word_1_366' title='bbox 2672 2817 2761 2904; x_wconf 49' lang='lat'><strong>&#39;55:.</strong></span> <span class='ocrx_word' id='word_1_367' title='bbox 2804 2825 2867 2881; x_wconf 89' lang='lat' dir='ltr'><strong>Et</strong></span> <span class='ocrx_word' id='word_1_368' title='bbox 2897 2844 2997 2899; x_wconf 87' lang='lat' dir='ltr'><strong>ego</strong></span> <span class='ocrx_word' id='word_1_369' title='bbox 3027 2832 3175 2904; x_wconf 86' lang='lat' dir='ltr'><strong>igno-</strong></span> 
     </span>
    </p>
   </div>
   <div class='ocr_carea' id='block_1_95' title="bbox 167 2900 532 2960">
    <p class='ocr_par' dir='ltr' id='par_1_95' title="bbox 167 2900 532 2960">
     <span class='ocr_line' id='line_1_97' title="bbox 167 2900 532 2960; baseline -0.011 -13"><span class='ocrx_word' id='word_1_370' title='bbox 167 2900 293 2960; x_wconf 89' lang='lat' dir='ltr'><strong>post</strong></span> <span class='ocrx_word' id='word_1_371' title='bbox 326 2905 413 2945; x_wconf 91' lang='lat' dir='ltr'><strong>me</strong></span> <span class='ocrx_word' id='word_1_372' title='bbox 440 2905 532 2944; x_wconf 86' lang='lat' dir='ltr'><strong>ve-</strong></span> 
     </span>
    </p>
   </div>
   <div class='ocr_carea' id='block_1_96' title="bbox 167 2961 540 3022">
    <p class='ocr_par' dir='ltr' id='par_1_96' title="bbox 167 2961 540 3022">
     <span class='ocr_line' id='line_1_98' title="bbox 167 2961 540 3022; baseline 0.003 -8"><span class='ocrx_word' id='word_1_373' title='bbox 167 2961 272 3022; x_wconf 81' lang='lat' dir='ltr'><strong>nit.</strong></span> <span class='ocrx_word' id='word_1_374' title='bbox 301 2970 427 3015; x_wconf 88' lang='lat' dir='ltr'><strong>ante</strong></span> <span class='ocrx_word' id='word_1_375' title='bbox 451 2975 540 3015; x_wconf 90' lang='lat' dir='ltr'><strong>me</strong></span> 
     </span>
    </p>
   </div>
   <div class='ocr_carea' id='block_1_97' title="bbox 165 3031 617 3085">
    <p class='ocr_par' dir='ltr' id='par_1_97' title="bbox 165 3031 617 3085">
     <span class='ocr_line' id='line_1_99' title="bbox 165 3031 617 3085; baseline 0.007 -3"><span class='ocrx_word' id='word_1_376' title='bbox 165 3031 343 3084; x_wconf 76' lang='lat' dir='ltr'><strong>factus</strong></span> <span class='ocrx_word' id='word_1_377' title='bbox 369 3039 452 3083; x_wconf 88' lang='lat' dir='ltr'><strong>est</strong></span> <span class='ocrx_word' id='word_1_378' title='bbox 483 3047 498 3081; x_wconf 89' lang='lat'><strong>:</strong></span> <span class='ocrx_word' id='word_1_379' title='bbox 523 3044 617 3085; x_wconf 88' lang='lat' dir='ltr'><strong>cu-</strong></span> 
     </span>
    </p>
   </div>
   <div class='ocr_carea' id='block_1_98' title="bbox 162 3098 536 3169">
    <p class='ocr_par' dir='ltr' id='par_1_98' title="bbox 162 3098 536 3169">
     <span class='ocr_line' id='line_1_100' title="bbox 162 3098 536 3169; baseline 0 -16"><span class='ocrx_word' id='word_1_380' title='bbox 162 3098 256 3169; x_wconf 85' lang='lat' dir='ltr'><strong>jus</strong></span> <span class='ocrx_word' id='word_1_381' title='bbox 281 3113 536 3169; x_wconf 15' lang='lat' dir='ltr'><strong>nonisum</strong></span> 
     </span>
    </p>
   </div>
   <div class='ocr_carea' id='block_1_99' title="bbox 165 3168 541 3238">
    <p class='ocr_par' dir='ltr' id='par_1_99' title="bbox 165 3168 541 3238">
     <span class='ocr_line' id='line_1_101' title="bbox 165 3168 541 3238; baseline 0 -15"><span class='ocrx_word' id='word_1_382' title='bbox 165 3168 364 3238; x_wconf 86' lang='lat' dir='ltr'><strong>dignus</strong></span> <span class='ocrx_word' id='word_1_383' title='bbox 392 3168 413 3199; x_wconf 84' lang='grc'><strong>⁸</strong></span> <span class='ocrx_word' id='word_1_384' title='bbox 440 3184 541 3238; x_wconf 87' lang='lat' dir='ltr'><strong>ego</strong></span> 
     </span>
    </p>
   </div>
   <div class='ocr_carea' id='block_1_100' title="bbox 166 3252 581 3295">
    <p class='ocr_par' dir='ltr' id='par_1_100' title="bbox 166 3252 581 3295">
     <span class='ocr_line' id='line_1_102' title="bbox 166 3252 581 3295; baseline 0.007 -3"><span class='ocrx_word' id='word_1_385' title='bbox 166 3252 384 3293; x_wconf 65' lang='lat' dir='ltr'><strong>sonvere</strong></span> <span class='ocrx_word' id='word_1_386' title='bbox 412 3252 531 3293; x_wconf 74' lang='grc'><strong>001⁸·-</strong></span> <span class='ocrx_word' id='word_1_387' title='bbox 578 3294 581 3295; x_wconf 66' lang='lat'>,</span> 
     </span>
    </p>
   </div>
   <div class='ocr_carea' id='block_1_101' title="bbox 166 3307 496 3379">
    <p class='ocr_par' dir='ltr' id='par_1_101' title="bbox 166 3307 496 3379">
     <span class='ocr_line' id='line_1_103' title="bbox 166 3307 496 3379; baseline -0.009 -17"><span class='ocrx_word' id='word_1_388' title='bbox 166 3308 362 3379; x_wconf 83' lang='lat' dir='ltr'><strong>rigiam</strong></span> <span class='ocrx_word' id='word_1_389' title='bbox 387 3307 496 3379; x_wconf 85' lang='lat' dir='ltr'><strong>cal-</strong></span> 
     </span>
    </p>
   </div>
   <div class='ocr_carea' id='block_1_102' title="bbox 164 3378 504 3433">
    <p class='ocr_par' dir='ltr' id='par_1_102' title="bbox 164 3378 504 3433">
     <span class='ocr_line' id='line_1_104' title="bbox 164 3378 504 3433; baseline 0 -2"><span class='ocrx_word' id='word_1_390' title='bbox 164 3378 421 3433; x_wconf 80' lang='lat' dir='ltr'><strong>ciamenti</strong></span> <span class='ocrx_word' id='word_1_391' title='bbox 446 3391 504 3432; x_wconf 87' lang='lat' dir='ltr'><strong>e—</strong></span> 
     </span>
    </p>
   </div>
   <div class='ocr_carea' id='block_1_103' title="bbox 162 3445 278 3513">
    <p class='ocr_par' dir='ltr' id='par_1_103' title="bbox 162 3445 278 3513">
     <span class='ocr_line' id='line_1_105' title="bbox 162 3445 278 3513; baseline 0.017 -14"><span class='ocrx_word' id='word_1_392' title='bbox 162 3445 278 3513; x_wconf 84' lang='lat' dir='ltr'><strong>jus.</strong></span> 
     </span>
    </p>
   </div>
   <div class='ocr_carea' id='block_1_104' title="bbox 165 3514 649 3571">
    <p class='ocr_par' dir='ltr' id='par_1_104' title="bbox 165 3514 649 3571">
     <span class='ocr_line' id='line_1_106' title="bbox 165 3514 649 3571; baseline 0 -2"><span class='ocrx_word' id='word_1_393' title='bbox 165 3515 259 3569; x_wconf 77' lang='lat'><strong>28.</strong></span> <span class='ocrx_word' id='word_1_394' title='bbox 300 3514 447 3571; x_wconf 79' lang='lat' dir='ltr'><strong>Haec</strong></span> <span class='ocrx_word' id='word_1_395' title='bbox 472 3523 649 3570; x_wconf 86' lang='lat' dir='ltr'><strong>autem</strong></span> 
     </span>
    </p>
   </div>
   <div class='ocr_carea' id='block_1_105' title="bbox 164 3593 469 3664">
    <p class='ocr_par' dir='ltr' id='par_1_105' title="bbox 164 3593 469 3664">
     <span class='ocr_line' id='line_1_107' title="bbox 164 3593 469 3664; baseline 0 0"><span class='ocrx_word' id='word_1_396' title='bbox 164 3593 315 3664; x_wconf 57' lang='lat' dir='ltr'><strong>sese</strong></span> <span class='ocrx_word' id='word_1_397' title='bbox 335 3594 469 3664; x_wconf 56' lang='lat' dir='ltr'><strong>sunt.</strong></span> 
     </span>
    </p>
   </div>
   <div class='ocr_carea' id='block_1_106' title="bbox 167 3652 507 3706">
    <p class='ocr_par' dir='ltr' id='par_1_106' title="bbox 167 3652 507 3706">
     <span class='ocr_line' id='line_1_108' title="bbox 167 3652 507 3706; baseline -0.003 0"><span class='ocrx_word' id='word_1_398' title='bbox 167 3652 225 3706; x_wconf 88' lang='lat' dir='ltr'><strong>in</strong></span> <span class='ocrx_word' id='word_1_399' title='bbox 254 3652 507 3706; x_wconf 85' lang='lat' dir='ltr'><strong>Bethani-</strong></span> 
     </span>
    </p>
   </div>
   <div class='ocr_carea' id='block_1_107' title="bbox 987 2889 1470 2959">
    <p class='ocr_par' dir='ltr' id='par_1_107' title="bbox 987 2889 1470 2959">
     <span class='ocr_line' id='line_1_109' title="bbox 987 2889 1470 2959; baseline -0.002 -14"><span class='ocrx_word' id='word_1_400' title='bbox 987 2890 1077 2945; x_wconf 77' lang='grc'><strong>55.</strong></span> <span class='ocrx_word' id='word_1_401' title='bbox 1119 2889 1252 2959; x_wconf 89' lang='lat' dir='ltr'><strong>lum.</strong></span> <span class='ocrx_word' id='word_1_402' title='bbox 1281 2889 1348 2944; x_wconf 86' lang='lat' dir='ltr'><strong>Et</strong></span> <span class='ocrx_word' id='word_1_403' title='bbox 1369 2904 1470 2959; x_wconf 87' lang='lat' dir='ltr'><strong>ego</strong></span> 
     </span>
    </p>
   </div>
   <div class='ocr_carea' id='block_1_108' title="bbox 988 2958 1299 3013">
    <p class='ocr_par' dir='ltr' id='par_1_108' title="bbox 988 2958 1299 3013">
     <span class='ocr_line' id='line_1_110' title="bbox 988 2958 1299 3013; baseline 0.003 -1"><span class='ocrx_word' id='word_1_404' title='bbox 988 2958 1299 3013; x_wconf 65' lang='lat' dir='ltr'><strong>ignorabam</strong></span> 
     </span>
    </p>
   </div>
   <div class='ocr_carea' id='block_1_109' title="bbox 990 3027 1417 3097">
    <p class='ocr_par' dir='ltr' id='par_1_109' title="bbox 990 3027 1417 3097">
     <span class='ocr_line' id='line_1_111' title="bbox 990 3027 1417 3097; baseline 0 -15"><span class='ocrx_word' id='word_1_405' title='bbox 990 3027 1138 3083; x_wconf 87' lang='lat' dir='ltr'><strong>illum</strong></span> <span class='ocrx_word' id='word_1_406' title='bbox 1169 3045 1182 3080; x_wconf 93' lang='lat'>:</span> <span class='ocrx_word' id='word_1_407' title='bbox 1212 3027 1305 3082; x_wconf 88' lang='lat' dir='ltr'><strong>sed</strong></span> <span class='ocrx_word' id='word_1_408' title='bbox 1327 3028 1417 3097; x_wconf 91' lang='lat' dir='ltr'><strong>qui</strong></span> 
     </span>
    </p>
   </div>
   <div class='ocr_carea' id='block_1_110' title="bbox 987 3098 1405 3166">
    <p class='ocr_par' dir='ltr' id='par_1_110' title="bbox 987 3098 1405 3166">
     <span class='ocr_line' id='line_1_112' title="bbox 987 3098 1405 3166; baseline 0 -15"><span class='ocrx_word' id='word_1_409' title='bbox 987 3112 1074 3152; x_wconf 90' lang='lat' dir='ltr'><strong>me</strong></span> <span class='ocrx_word' id='word_1_410' title='bbox 1103 3098 1248 3151; x_wconf 88' lang='lat' dir='ltr'><strong>misit</strong></span> <span class='ocrx_word' id='word_1_411' title='bbox 1274 3099 1375 3166; x_wconf 84' lang='lat' dir='ltr'><strong>bap</strong></span> <span class='ocrx_word' id='word_1_412' title='bbox 1389 3125 1405 3136; x_wconf 89' lang='lat'><strong>-</strong></span> 
     </span>
    </p>
   </div>
   <div class='ocr_carea' id='block_1_111' title="bbox 990 3168 1317 3235">
    <p class='ocr_par' dir='ltr' id='par_1_111' title="bbox 990 3168 1317 3235">
     <span class='ocr_line' id='line_1_113' title="bbox 990 3168 1317 3235; baseline -0.003 -14"><span class='ocrx_word' id='word_1_413' title='bbox 990 3168 1152 3221; x_wconf 85' lang='lat' dir='ltr'><strong>tizare</strong></span> <span class='ocrx_word' id='word_1_414' title='bbox 1174 3168 1229 3235; x_wconf 87' lang='lat' dir='ltr'><strong>in</strong></span> <span class='ocrx_word' id='word_1_415' title='bbox 1258 3182 1317 3220; x_wconf 91' lang='lat' dir='ltr'><strong>a-</strong></span> 
     </span>
    </p>
   </div>
   <div class='ocr_carea' id='block_1_112' title="bbox 986 3236 1349 3306">
    <p class='ocr_par' dir='ltr' id='par_1_112' title="bbox 986 3236 1349 3306">
     <span class='ocr_line' id='line_1_114' title="bbox 986 3236 1349 3306; baseline 0 -17"><span class='ocrx_word' id='word_1_416' title='bbox 986 3252 1112 3306; x_wconf 85' lang='lat' dir='ltr'><strong>qua.</strong></span> <span class='ocrx_word' id='word_1_417' title='bbox 1137 3236 1349 3291; x_wconf 63' lang='lat' dir='ltr'><strong>illc-mi-</strong></span> 
     </span>
    </p>
   </div>
   <div class='ocr_carea' id='block_1_113' title="bbox 988 3305 1450 3375">
    <p class='ocr_par' dir='ltr' id='par_1_113' title="bbox 988 3305 1450 3375">
     <span class='ocr_line' id='line_1_115' title="bbox 988 3305 1450 3375; baseline 0 -16"><span class='ocrx_word' id='word_1_418' title='bbox 988 3305 1042 3359; x_wconf 80' lang='lat' dir='ltr'><strong>lii</strong></span> <span class='ocrx_word' id='word_1_419' title='bbox 1068 3306 1198 3365; x_wconf 82' lang='lat' dir='ltr'><strong>dixit</strong></span> <span class='ocrx_word' id='word_1_420' title='bbox 1226 3322 1239 3358; x_wconf 94' lang='lat'><strong>:</strong></span> <span class='ocrx_word' id='word_1_421' title='bbox 1266 3306 1450 3375; x_wconf 27' lang='lat' dir='ltr'><strong>Super.</strong></span> 
     </span>
    </p>
   </div>
   <div class='ocr_carea' id='block_1_114' title="bbox 987 3375 1317 3442">
    <p class='ocr_par' dir='ltr' id='par_1_114' title="bbox 987 3375 1317 3442">
     <span class='ocr_line' id='line_1_116' title="bbox 987 3375 1317 3442; baseline 0 -14"><span class='ocrx_word' id='word_1_422' title='bbox 987 3390 1145 3442; x_wconf 87' lang='lat' dir='ltr'><strong>quem</strong></span> <span class='ocrx_word' id='word_1_423' title='bbox 1174 3375 1317 3429; x_wconf 81' lang='lat' dir='ltr'><strong>vide-</strong></span> 
     </span>
    </p>
   </div>
   <div class='ocr_carea' id='block_1_115' title="bbox 988 3444 1486 3510">
    <p class='ocr_par' dir='ltr' id='par_1_115' title="bbox 988 3444 1486 3510">
     <span class='ocr_line' id='line_1_117' title="bbox 988 3444 1486 3510; baseline 0.004 -13"><span class='ocrx_word' id='word_1_424' title='bbox 988 3446 1063 3498; x_wconf 88' lang='lat' dir='ltr'><strong>ris</strong></span> <span class='ocrx_word' id='word_1_425' title='bbox 1086 3444 1342 3510; x_wconf 88' lang='lat' dir='ltr'><strong>Spiritum</strong></span> <span class='ocrx_word' id='word_1_426' title='bbox 1363 3444 1486 3499; x_wconf 80' lang='lat' dir='ltr'><strong>des-</strong></span> 
     </span>
    </p>
   </div>
   <div class='ocr_carea' id='block_1_116' title="bbox 986 3514 1335 3577">
    <p class='ocr_par' dir='ltr' id='par_1_116' title="bbox 986 3514 1335 3577">
     <span class='ocr_line' id='line_1_118' title="bbox 986 3514 1335 3577; baseline 0 -11"><span class='ocrx_word' id='word_1_427' title='bbox 986 3514 1301 3567; x_wconf 90' lang='lat' dir='ltr'><strong>cendentem</strong></span> <span class='ocrx_word' id='word_1_428' title='bbox 1319 3552 1335 3577; x_wconf 89' lang='lat'><strong>,</strong></span> 
     </span>
    </p>
   </div>
   <div class='ocr_carea' id='block_1_117' title="bbox 986 3590 1291 3635">
    <p class='ocr_par' dir='ltr' id='par_1_117' title="bbox 986 3590 1291 3635">
     <span class='ocr_line' id='line_1_119' title="bbox 986 3590 1291 3635; baseline -0.007 0"><span class='ocrx_word' id='word_1_429' title='bbox 986 3590 1041 3635; x_wconf 91' lang='lat' dir='ltr'><strong>et</strong></span> <span class='ocrx_word' id='word_1_430' title='bbox 1066 3596 1291 3635; x_wconf 87' lang='lat' dir='ltr'><strong>manen—</strong></span> 
     </span>
    </p>
   </div>
   <div class='ocr_carea' id='block_1_118' title="bbox 987 3649 1314 3715">
    <p class='ocr_par' dir='ltr' id='par_1_118' title="bbox 987 3649 1314 3715">
     <span class='ocr_line' id='line_1_120' title="bbox 987 3649 1314 3715; baseline 0.003 -13"><span class='ocrx_word' id='word_1_431' title='bbox 987 3658 1093 3703; x_wconf 88' lang='lat' dir='ltr'><strong>tem</strong></span> <span class='ocrx_word' id='word_1_432' title='bbox 1121 3649 1174 3703; x_wconf 91' lang='lat' dir='ltr'><strong>in</strong></span> <span class='ocrx_word' id='word_1_433' title='bbox 1200 3649 1314 3715; x_wconf 90' lang='lat' dir='ltr'><strong>illo,</strong></span> 
     </span>
    </p>
   </div>
   <div class='ocr_carea' id='block_1_119' title="bbox 1847 2893 2293 2953">
    <p class='ocr_par' dir='ltr' id='par_1_119' title="bbox 1847 2893 2293 2953">
     <span class='ocr_line' id='line_1_121' title="bbox 1847 2893 2293 2953; baseline 0.02 -14"><span class='ocrx_word' id='word_1_434' title='bbox 1847 2896 1967 2953; x_wconf 89' lang='lat' dir='ltr'><strong>post</strong></span> <span class='ocrx_word' id='word_1_435' title='bbox 1995 2904 2080 2943; x_wconf 91' lang='lat' dir='ltr'><strong>me</strong></span> <span class='ocrx_word' id='word_1_436' title='bbox 2110 2893 2253 2946; x_wconf 87' lang='lat' dir='ltr'><strong>venit</strong></span> <span class='ocrx_word' id='word_1_437' title='bbox 2279 2910 2293 2949; x_wconf 88' lang='lat'><strong>:</strong></span> 
     </span>
    </p>
   </div>
   <div class='ocr_carea' id='block_1_120' title="bbox 1844 2957 2125 3026">
    <p class='ocr_par' dir='ltr' id='par_1_120' title="bbox 1844 2957 2125 3026">
     <span class='ocr_line' id='line_1_122' title="bbox 1844 2957 2125 3026; baseline 0.018 -18"><span class='ocrx_word' id='word_1_438' title='bbox 1844 2957 1997 3024; x_wconf 89' lang='lat' dir='ltr'><strong>cujus</strong></span> <span class='ocrx_word' id='word_1_439' title='bbox 2025 2973 2125 3026; x_wconf 78' lang='lat' dir='ltr'><strong>ego</strong></span> 
     </span>
    </p>
   </div>
   <div class='ocr_carea' id='block_1_121' title="bbox 1846 3029 2205 3083">
    <p class='ocr_par' dir='ltr' id='par_1_121' title="bbox 1846 3029 2205 3083">
     <span class='ocr_line' id='line_1_123' title="bbox 1846 3029 2205 3083; baseline 0.019 -6"><span class='ocrx_word' id='word_1_440' title='bbox 1846 3041 1951 3079; x_wconf 90' lang='lat' dir='ltr'><strong>non</strong></span> <span class='ocrx_word' id='word_1_441' title='bbox 1980 3042 2096 3081; x_wconf 88' lang='lat' dir='ltr'><strong>sum</strong></span> <span class='ocrx_word' id='word_1_442' title='bbox 2123 3029 2205 3083; x_wconf 90' lang='lat' dir='ltr'><strong>di-</strong></span> 
     </span>
    </p>
   </div>
   <div class='ocr_carea' id='block_1_122' title="bbox 1844 3099 2222 3178">
    <p class='ocr_par' dir='ltr' id='par_1_122' title="bbox 1844 3099 2222 3178">
     <span class='ocr_line' id='line_1_124' title="bbox 1844 3099 2222 3178; baseline 0.026 -32"><span class='ocrx_word' id='word_1_443' title='bbox 1844 3110 1983 3178; x_wconf 76' lang='lat' dir='ltr'><strong>gnus</strong></span> <span class='ocrx_word' id='word_1_444' title='bbox 2011 3099 2222 3178; x_wconf 77' lang='lat' dir='ltr'><strong>solvere</strong></span> 
     </span>
    </p>
   </div>
   <div class='ocr_carea' id='block_1_123' title="bbox 1844 3169 2127 3236">
    <p class='ocr_par' dir='ltr' id='par_1_123' title="bbox 1844 3169 2127 3236">
     <span class='ocr_line' id='line_1_125' title="bbox 1844 3169 2127 3236; baseline 0.014 -19"><span class='ocrx_word' id='word_1_445' title='bbox 1844 3169 2127 3236; x_wconf 81' lang='lat' dir='ltr'><strong>corrigiam</strong></span> 
     </span>
    </p>
   </div>
   <div class='ocr_carea' id='block_1_124' title="bbox 1844 3235 2180 3293">
    <p class='ocr_par' dir='ltr' id='par_1_124' title="bbox 1844 3235 2180 3293">
     <span class='ocr_line' id='line_1_126' title="bbox 1844 3235 2180 3293; baseline 0.018 -6"><span class='ocrx_word' id='word_1_446' title='bbox 1844 3235 2180 3293; x_wconf 83' lang='lat' dir='ltr'><strong>calciamenti</strong></span> 
     </span>
    </p>
   </div>
   <div class='ocr_carea' id='block_1_125' title="bbox 1846 3305 1983 3371">
    <p class='ocr_par' dir='ltr' id='par_1_125' title="bbox 1846 3305 1983 3371">
     <span class='ocr_line' id='line_1_127' title="bbox 1846 3305 1983 3371; baseline 0.022 -14"><span class='ocrx_word' id='word_1_447' title='bbox 1846 3305 1983 3371; x_wconf 88' lang='lat' dir='ltr'><strong>ejus.</strong></span> 
     </span>
    </p>
   </div>
   <div class='ocr_carea' id='block_1_126' title="bbox 1842 3373 2291 3434">
    <p class='ocr_par' dir='ltr' id='par_1_126' title="bbox 1842 3373 2291 3434">
     <span class='ocr_line' id='line_1_128' title="bbox 1842 3373 2291 3434; baseline 0.02 -9"><span class='ocrx_word' id='word_1_448' title='bbox 1842 3373 1934 3429; x_wconf 71' lang='grc'><strong>28.</strong></span> <span class='ocrx_word' id='word_1_449' title='bbox 1978 3376 2120 3431; x_wconf 82' lang='lat' dir='ltr'><strong>Haec</strong></span> <span class='ocrx_word' id='word_1_450' title='bbox 2150 3376 2291 3434; x_wconf 79' lang='lat' dir='ltr'><strong>facta</strong></span> 
     </span>
    </p>
   </div>
   <div class='ocr_carea' id='block_1_127' title="bbox 1845 3446 2179 3501">
    <p class='ocr_par' dir='ltr' id='par_1_127' title="bbox 1845 3446 2179 3501">
     <span class='ocr_line' id='line_1_129' title="bbox 1845 3446 2179 3501; baseline 0.015 -4"><span class='ocrx_word' id='word_1_451' title='bbox 1845 3454 1969 3497; x_wconf 92' lang='lat' dir='ltr'><strong>sunt</strong></span> <span class='ocrx_word' id='word_1_452' title='bbox 1996 3447 2048 3499; x_wconf 92' lang='lat' dir='ltr'><strong>in</strong></span> <span class='ocrx_word' id='word_1_453' title='bbox 2082 3446 2179 3501; x_wconf 86' lang='lat' dir='ltr'><strong>Be-</strong></span> 
     </span>
    </p>
   </div>
   <div class='ocr_carea' id='block_1_128' title="bbox 1845 3514 2202 3572">
    <p class='ocr_par' dir='ltr' id='par_1_128' title="bbox 1845 3514 2202 3572">
     <span class='ocr_line' id='line_1_130' title="bbox 1845 3514 2202 3572; baseline 0.022 -9"><span class='ocrx_word' id='word_1_454' title='bbox 1845 3514 2025 3566; x_wconf 84' lang='lat' dir='ltr'><strong>thania</strong></span> <span class='ocrx_word' id='word_1_455' title='bbox 2056 3525 2202 3572; x_wconf 86' lang='lat' dir='ltr'><strong>trans</strong></span> 
     </span>
    </p>
   </div>
   <div class='ocr_carea' id='block_1_129' title="bbox 2675 2894 3049 2957">
    <p class='ocr_par' dir='ltr' id='par_1_129' title="bbox 2675 2894 3049 2957">
     <span class='ocr_line' id='line_1_131' title="bbox 2675 2894 3049 2957; baseline 0.027 -10"><span class='ocrx_word' id='word_1_456' title='bbox 2675 2894 2855 2949; x_wconf 90' lang='lat' dir='ltr'><strong>rabam</strong></span> <span class='ocrx_word' id='word_1_457' title='bbox 2885 2894 3006 2955; x_wconf 79' lang='lat' dir='ltr'><strong>eum</strong></span> <span class='ocrx_word' id='word_1_458' title='bbox 3035 2894 3049 2957; x_wconf 78' lang='grc' dir='ltr'><em>ἐ</em></span> 
     </span>
    </p>
   </div>
   <div class='ocr_carea' id='block_1_130' title="bbox 2674 2967 3059 3035">
    <p class='ocr_par' dir='ltr' id='par_1_130' title="bbox 2674 2967 3059 3035">
     <span class='ocr_line' id='line_1_132' title="bbox 2674 2967 3059 3035; baseline 0.026 -18"><span class='ocrx_word' id='word_1_459' title='bbox 2674 2967 2766 3018; x_wconf 90' lang='lat' dir='ltr'><strong>sed</strong></span> <span class='ocrx_word' id='word_1_460' title='bbox 2795 2968 2884 3035; x_wconf 91' lang='lat' dir='ltr'><strong>qui</strong></span> <span class='ocrx_word' id='word_1_461' title='bbox 2914 2972 3059 3027; x_wconf 88' lang='lat' dir='ltr'><strong>misit</strong></span> 
     </span>
    </p>
   </div>
   <div class='ocr_carea' id='block_1_131' title="bbox 2674 3036 3025 3116">
    <p class='ocr_par' dir='ltr' id='par_1_131' title="bbox 2674 3036 3025 3116">
     <span class='ocr_line' id='line_1_133' title="bbox 2674 3036 3025 3116; baseline 0.011 -28"><span class='ocrx_word' id='word_1_462' title='bbox 2674 3049 2771 3116; x_wconf 43' lang='lat' dir='ltr'><strong>me.</strong></span> <span class='ocrx_word' id='word_1_463' title='bbox 2792 3036 3025 3105; x_wconf 84' lang='lat' dir='ltr'><strong>baptiza-</strong></span> 
     </span>
    </p>
   </div>
   <div class='ocr_carea' id='block_1_132' title="bbox 2674 3118 2991 3175">
    <p class='ocr_par' dir='ltr' id='par_1_132' title="bbox 2674 3118 2991 3175">
     <span class='ocr_line' id='line_1_134' title="bbox 2674 3118 2991 3175; baseline 0.019 -19"><span class='ocrx_word' id='word_1_464' title='bbox 2674 3118 2732 3156; x_wconf 88' lang='lat' dir='ltr'><strong>re</strong></span> <span class='ocrx_word' id='word_1_465' title='bbox 2759 3122 2810 3159; x_wconf 84' lang='lat' dir='ltr'><strong>in</strong></span> <span class='ocrx_word' id='word_1_466' title='bbox 2836 3122 2991 3175; x_wconf 80' lang='lat' dir='ltr'><strong>aqua.</strong></span> 
     </span>
    </p>
   </div>
   <div class='ocr_carea' id='block_1_133' title="bbox 2673 3174 2950 3232">
    <p class='ocr_par' dir='ltr' id='par_1_133' title="bbox 2673 3174 2950 3232">
     <span class='ocr_line' id='line_1_135' title="bbox 2673 3174 2950 3232; baseline 0.022 -6"><span class='ocrx_word' id='word_1_467' title='bbox 2673 3174 2787 3232; x_wconf 83' lang='lat' dir='ltr'><strong>ipse</strong></span> <span class='ocrx_word' id='word_1_468' title='bbox 2819 3174 2950 3232; x_wconf 85' lang='lat' dir='ltr'><strong>milii</strong></span> 
     </span>
    </p>
   </div>
   <div class='ocr_carea' id='block_1_134' title="bbox 2712 3244 3045 3313">
    <p class='ocr_par' dir='ltr' id='par_1_134' title="bbox 2712 3244 3045 3313">
     <span class='ocr_line' id='line_1_136' title="bbox 2712 3244 3045 3313; baseline 0.015 -17"><span class='ocrx_word' id='word_1_469' title='bbox 2712 3244 2806 3299; x_wconf 85' lang='lat' dir='ltr'><strong>ixit</strong></span> <span class='ocrx_word' id='word_1_470' title='bbox 2832 3264 2845 3298; x_wconf 90' lang='lat'><strong>:</strong></span> <span class='ocrx_word' id='word_1_471' title='bbox 2872 3248 3045 3313; x_wconf 85' lang='lat' dir='ltr'><strong>Super</strong></span> 
     </span>
    </p>
   </div>
   <div class='ocr_carea' id='block_1_135' title="bbox 2672 3319 3065 3375">
    <p class='ocr_par' dir='ltr' id='par_1_135' title="bbox 2672 3319 3065 3375">
     <span class='ocr_line' id='line_1_137' title="bbox 2672 3319 3065 3375; baseline 0.023 -9"><span class='ocrx_word' id='word_1_472' title='bbox 2672 3328 2828 3375; x_wconf 86' lang='lat' dir='ltr'><strong>quem</strong></span> <span class='ocrx_word' id='word_1_473' title='bbox 2865 3319 3065 3375; x_wconf 88' lang='lat' dir='ltr'><strong>videris</strong></span> 
     </span>
    </p>
   </div>
   <div class='ocr_carea' id='block_1_136' title="bbox 2670 3382 3068 3452">
    <p class='ocr_par' dir='ltr' id='par_1_136' title="bbox 2670 3382 3068 3452">
     <span class='ocr_line' id='line_1_138' title="bbox 2670 3382 3068 3452; baseline 0.015 -15"><span class='ocrx_word' id='word_1_474' title='bbox 2670 3382 2924 3452; x_wconf 85' lang='lat' dir='ltr'><strong>Spiritum</strong></span> <span class='ocrx_word' id='word_1_475' title='bbox 2966 3388 3068 3443; x_wconf 90' lang='lat' dir='ltr'><strong>Do-</strong></span> 
     </span>
    </p>
   </div>
   <div class='ocr_carea' id='block_1_137' title="bbox 2672 3456 3057 3513">
    <p class='ocr_par' dir='ltr' id='par_1_137' title="bbox 2672 3456 3057 3513">
     <span class='ocr_line' id='line_1_139' title="bbox 2672 3456 3057 3513; baseline 0.026 -10"><span class='ocrx_word' id='word_1_476' title='bbox 2672 3456 2800 3505; x_wconf 90' lang='lat' dir='ltr'><strong>mini</strong></span> <span class='ocrx_word' id='word_1_477' title='bbox 2832 3458 3057 3513; x_wconf 80' lang='lat' dir='ltr'><strong>descen-</strong></span> 
     </span>
    </p>
   </div>
   <div class='ocr_carea' id='block_1_138' title="bbox 2674 3521 2994 3588">
    <p class='ocr_par' dir='ltr' id='par_1_138' title="bbox 2674 3521 2994 3588">
     <span class='ocr_line' id='line_1_140' title="bbox 2674 3521 2994 3588; baseline 0.025 -15"><span class='ocrx_word' id='word_1_478' title='bbox 2674 3521 2908 3588; x_wconf 88' lang='lat' dir='ltr'><strong>dentem,</strong></span> <span class='ocrx_word' id='word_1_479' title='bbox 2940 3536 2994 3581; x_wconf 92' lang='lat' dir='ltr'><strong>et</strong></span> 
     </span>
    </p>
   </div>
   <div class='ocr_carea' id='block_1_139' title="bbox 167 3718 1315 3788">
    <p class='ocr_par' dir='ltr' id='par_1_139' title="bbox 167 3718 1315 3788">
     <span class='ocr_line' id='line_1_141' title="bbox 167 3718 1315 3788; baseline 0 -15"><span class='ocrx_word' id='word_1_480' title='bbox 167 3736 196 3773; x_wconf 90' lang='lat' dir='ltr'><strong>a</strong></span> <span class='ocrx_word' id='word_1_481' title='bbox 232 3732 381 3775; x_wconf 84' lang='lat' dir='ltr'><strong>trans</strong></span> <span class='ocrx_word' id='word_1_482' title='bbox 403 3720 520 3774; x_wconf 75' lang='lat' dir='ltr'><strong>.lor-</strong></span> <span class='ocrx_word' id='word_1_483' title='bbox 988 3718 1073 3788; x_wconf 84' lang='lat' dir='ltr'><strong>iiic</strong></span> <span class='ocrx_word' id='word_1_484' title='bbox 1092 3729 1195 3781; x_wconf 88' lang='lat' dir='ltr'><strong>est,</strong></span> <span class='ocrx_word' id='word_1_485' title='bbox 1224 3719 1315 3788; x_wconf 92' lang='lat' dir='ltr'><strong>qui</strong></span> 
     </span>
    </p>
   </div>
   <div class='ocr_carea' id='block_1_140' title="bbox 166 3785 1291 3855">
    <p class='ocr_par' dir='ltr' id='par_1_140' title="bbox 166 3785 1291 3855">
     <span class='ocr_line' id='line_1_142' title="bbox 166 3785 1291 3855; baseline -0.002 -12"><span class='ocrx_word' id='word_1_486' title='bbox 166 3789 368 3853; x_wconf 86' lang='lat' dir='ltr'><strong>danen,</strong></span> <span class='ocrx_word' id='word_1_487' title='bbox 396 3788 487 3844; x_wconf 88' lang='lat' dir='ltr'><strong>ubi</strong></span> <span class='ocrx_word' id='word_1_488' title='bbox 984 3785 1216 3855; x_wconf 83' lang='lat' dir='ltr'><strong>baptizat</strong></span> <span class='ocrx_word' id='word_1_489' title='bbox 1240 3785 1291 3841; x_wconf 80' lang='lat' dir='ltr'><strong>in</strong></span> 
     </span>
    </p>
   </div>
   <div class='ocr_carea' id='block_1_141' title="bbox 166 3857 1425 3926">
    <p class='ocr_par' dir='ltr' id='par_1_141' title="bbox 166 3857 1425 3926">
     <span class='ocr_line' id='line_1_143' title="bbox 166 3857 1425 3926; baseline -0.001 -14"><span class='ocrx_word' id='word_1_490' title='bbox 166 3868 286 3913; x_wconf 88' lang='lat' dir='ltr'><strong>erat</strong></span> <span class='ocrx_word' id='word_1_491' title='bbox 308 3858 509 3912; x_wconf 78' lang='lat' dir='ltr'><strong>Johan-</strong></span> <span class='ocrx_word' id='word_1_492' title='bbox 986 3857 1188 3926; x_wconf 87' lang='lat' dir='ltr'><strong>Spiritu</strong></span> <span class='ocrx_word' id='word_1_493' title='bbox 1218 3866 1425 3912; x_wconf 88' lang='lat' dir='ltr'><strong>sancto.</strong></span> 
     </span>
    </p>
   </div>
   <div class='ocr_carea' id='block_1_142' title="bbox 169 3926 1483 3997">
    <p class='ocr_par' dir='ltr' id='par_1_142' title="bbox 169 3926 1483 3997">
     <span class='ocr_line' id='line_1_144' title="bbox 169 3926 1483 3997; baseline 0 -16"><span class='ocrx_word' id='word_1_494' title='bbox 169 3942 267 3982; x_wconf 89' lang='lat' dir='ltr'><strong>nes</strong></span> <span class='ocrx_word' id='word_1_495' title='bbox 292 3928 469 3997; x_wconf 84' lang='lat' dir='ltr'><strong>bapti-</strong></span> <span class='ocrx_word' id='word_1_496' title='bbox 985 3927 1071 3981; x_wconf 79' lang='grc'><strong>54.</strong></span> <span class='ocrx_word' id='word_1_497' title='bbox 1116 3927 1182 3980; x_wconf 87' lang='grc' dir='ltr'>Ει</span> <span class='ocrx_word' id='word_1_498' title='bbox 1203 3941 1302 3997; x_wconf 87' lang='lat' dir='ltr'><strong>ego</strong></span> <span class='ocrx_word' id='word_1_499' title='bbox 1331 3926 1437 3982; x_wconf 88' lang='lat' dir='ltr'><strong>vidi</strong></span> <span class='ocrx_word' id='word_1_500' title='bbox 1470 3943 1483 3981; x_wconf 91' lang='lat'><strong>:</strong></span> 
     </span>
    </p>
   </div>
   <div class='ocr_carea' id='block_1_143' title="bbox 166 3999 1302 4053">
    <p class='ocr_par' dir='ltr' id='par_1_143' title="bbox 166 3999 1302 4053">
     <span class='ocr_line' id='line_1_145' title="bbox 166 3999 1302 4053; baseline -0.002 -2"><span class='ocrx_word' id='word_1_501' title='bbox 166 4014 320 4053; x_wconf 84' lang='lat' dir='ltr'><strong>zans.</strong></span> <span class='ocrx_word' id='word_1_502' title='bbox 984 4008 1039 4050; x_wconf 87' lang='lat' dir='ltr'><strong>et</strong></span> <span class='ocrx_word' id='word_1_503' title='bbox 1062 3999 1302 4050; x_wconf 87' lang='lat' dir='ltr'><strong>testimo-</strong></span> 
     </span>
    </p>
   </div>
   <div class='ocr_carea' id='block_1_144' title="bbox 164 4066 1339 4137">
    <p class='ocr_par' dir='ltr' id='par_1_144' title="bbox 164 4066 1339 4137">
     <span class='ocr_line' id='line_1_146' title="bbox 164 4066 1339 4137; baseline -0.002 -15"><span class='ocrx_word' id='word_1_504' title='bbox 164 4068 259 4123; x_wconf 75' lang='lat'><strong>29.</strong></span> <span class='ocrx_word' id='word_1_505' title='bbox 299 4067 478 4122; x_wconf 74' lang='lat' dir='ltr'><strong>Altera</strong></span> <span class='ocrx_word' id='word_1_506' title='bbox 506 4066 593 4122; x_wconf 91' lang='lat' dir='ltr'><strong>die</strong></span> <span class='ocrx_word' id='word_1_507' title='bbox 613 4066 691 4121; x_wconf 89' lang='lat' dir='ltr'><strong>vi-</strong></span> <span class='ocrx_word' id='word_1_508' title='bbox 985 4066 1129 4121; x_wconf 90' lang='lat' dir='ltr'><strong>nium</strong></span> <span class='ocrx_word' id='word_1_509' title='bbox 1163 4069 1339 4137; x_wconf 83' lang='lat' dir='ltr'><strong>perhi—</strong></span> 
     </span>
    </p>
   </div>
   <div class='ocr_carea' id='block_1_145' title="bbox 1843 3580 2978 3661">
    <p class='ocr_par' dir='ltr' id='par_1_145' title="bbox 1843 3580 2978 3661">
     <span class='ocr_line' id='line_1_147' title="bbox 1843 3580 2978 3661; baseline 0.014 -28"><span class='ocrx_word' id='word_1_510' title='bbox 1843 3580 2133 3661; x_wconf 67' lang='lat' dir='ltr'><strong>Jordanen,</strong></span> <span class='ocrx_word' id='word_1_511' title='bbox 2676 3580 2978 3649; x_wconf 80' lang='lat' dir='ltr'><strong>manentem</strong></span> 
     </span>
    </p>
   </div>
   <div class='ocr_carea' id='block_1_146' title="bbox 1841 3650 3046 3733">
    <p class='ocr_par' dir='ltr' id='par_1_146' title="bbox 1841 3650 3046 3733">
     <span class='ocr_line' id='line_1_148' title="bbox 1841 3650 3046 3733; baseline 0.017 -32"><span class='ocrx_word' id='word_1_512' title='bbox 1841 3650 1931 3733; x_wconf 70' lang='lat' dir='ltr'><strong>ubi</strong></span> <span class='ocrx_word' id='word_1_513' title='bbox 1962 3654 2192 3733; x_wconf 70' lang='lat' dir='ltr'><strong>eratlo-</strong></span> <span class='ocrx_word' id='word_1_514' title='bbox 2673 3662 2725 3713; x_wconf 91' lang='lat' dir='ltr'><strong>in</strong></span> <span class='ocrx_word' id='word_1_515' title='bbox 2753 3677 2894 3728; x_wconf 92' lang='lat' dir='ltr'><strong>eum,</strong></span> <span class='ocrx_word' id='word_1_516' title='bbox 2932 3668 3046 3733; x_wconf 89' lang='lat' dir='ltr'><strong>ipse</strong></span> 
     </span>
    </p>
   </div>
   <div class='ocr_carea' id='block_1_147' title="bbox 1844 3718 3019 3800">
    <p class='ocr_par' dir='ltr' id='par_1_147' title="bbox 1844 3718 3019 3800">
     <span class='ocr_line' id='line_1_149' title="bbox 1844 3718 3019 3800; baseline 0.015 -29"><span class='ocrx_word' id='word_1_517' title='bbox 1844 3718 2049 3800; x_wconf 75' lang='lat' dir='ltr'><strong>hannes</strong></span> <span class='ocrx_word' id='word_1_518' title='bbox 2073 3723 2164 3778; x_wconf 82' lang='lat' dir='ltr'><strong>ba-</strong></span> <span class='ocrx_word' id='word_1_519' title='bbox 2670 3739 2770 3791; x_wconf 86' lang='lat' dir='ltr'><strong>est,</strong></span> <span class='ocrx_word' id='word_1_520' title='bbox 2800 3718 2894 3798; x_wconf 83' lang='lat' dir='ltr'><strong>qui</strong></span> <span class='ocrx_word' id='word_1_521' title='bbox 2923 3718 3019 3789; x_wconf 59' lang='lat' dir='ltr'><strong>ba-</strong></span> 
     </span>
    </p>
   </div>
   <div class='ocr_carea' id='block_1_148' title="bbox 1883 3798 3072 3873">
    <p class='ocr_par' dir='ltr' id='par_1_148' title="bbox 1883 3798 3072 3873">
     <span class='ocr_line' id='line_1_150' title="bbox 1883 3798 3072 3873; baseline 0.015 -30"><span class='ocrx_word' id='word_1_522' title='bbox 1883 3798 2093 3873; x_wconf 34' lang='lat' dir='ltr'><strong>‘t‘iza&#39;nsr</strong></span> <span class='ocrx_word' id='word_1_523' title='bbox 2674 3802 2833 3873; x_wconf 80' lang='lat' dir='ltr'><strong>ptizat</strong></span> <span class='ocrx_word' id='word_1_524' title='bbox 2864 3803 2917 3856; x_wconf 90' lang='lat' dir='ltr'><strong>in</strong></span> <span class='ocrx_word' id='word_1_525' title='bbox 2950 3805 3072 3873; x_wconf 88' lang='lat' dir='ltr'><strong>Spi-</strong></span> 
     </span>
    </p>
   </div>
   <div class='ocr_carea' id='block_1_149' title="bbox 1882 3862 3014 3928">
    <p class='ocr_par' dir='ltr' id='par_1_149' title="bbox 1882 3862 3014 3928">
     <span class='ocr_line' id='line_1_151' title="bbox 1882 3862 3014 3928; baseline 0.012 -16"><span class='ocrx_word' id='word_1_526' title='bbox 1882 3862 1931 3912; x_wconf 87' lang='lat'><strong>9.</strong></span> <span class='ocrx_word' id='word_1_527' title='bbox 1974 3862 2193 3918; x_wconf 88' lang='lat' dir='ltr'><strong>Postera</strong></span> <span class='ocrx_word' id='word_1_528' title='bbox 2216 3874 2397 3921; x_wconf 86' lang='lat' dir='ltr'><strong>autem</strong></span> <span class='ocrx_word' id='word_1_529' title='bbox 2670 3862 2776 3923; x_wconf 77' lang='lat' dir='ltr'><strong>ritu</strong></span> <span class='ocrx_word' id='word_1_530' title='bbox 2806 3862 3014 3928; x_wconf 67' lang='lat' dir='ltr'><strong>sancto&#39;.</strong></span> 
     </span>
    </p>
   </div>
   <div class='ocr_carea' id='block_1_150' title="bbox 1842 3928 2996 4011">
    <p class='ocr_par' dir='ltr' id='par_1_150' title="bbox 1842 3928 2996 4011">
     <span class='ocr_line' id='line_1_152' title="bbox 1842 3928 2996 4011; baseline 0.013 -29"><span class='ocrx_word' id='word_1_531' title='bbox 1842 3928 1929 4011; x_wconf 70' lang='lat' dir='ltr'><strong>die</strong></span> <span class='ocrx_word' id='word_1_532' title='bbox 1950 3932 2080 3985; x_wconf 89' lang='lat' dir='ltr'><strong>vidit</strong></span> <span class='ocrx_word' id='word_1_533' title='bbox 2669 3938 2771 4011; x_wconf 61' lang='grc' dir='ltr'><strong>ὅτι.</strong></span> <span class='ocrx_word' id='word_1_534' title='bbox 2801 3941 2872 3994; x_wconf 87' lang='grc' dir='ltr'>Ει</span> <span class='ocrx_word' id='word_1_535' title='bbox 2898 3958 2996 4011; x_wconf 86' lang='lat' dir='ltr'><strong>ego</strong></span> 
     </span>
    </p>
   </div>
   <div class='ocr_carea' id='block_1_151' title="bbox 1842 3996 2817 4063">
    <p class='ocr_par' dir='ltr' id='par_1_151' title="bbox 1842 3996 2817 4063">
     <span class='ocr_line' id='line_1_153' title="bbox 1842 3996 2817 4063; baseline 0.009 -10"><span class='ocrx_word' id='word_1_536' title='bbox 1842 3996 2116 4057; x_wconf 71' lang='lat' dir='ltr'><strong>Iohannes</strong></span> <span class='ocrx_word' id='word_1_537' title='bbox 2670 4009 2773 4061; x_wconf 84' lang='lat' dir='ltr'><strong>vidi</strong></span> <span class='ocrx_word' id='word_1_538' title='bbox 2803 4027 2817 4063; x_wconf 88' lang='lat'><strong>:</strong></span> 
     </span>
    </p>
   </div>
   <div class='ocr_carea' id='block_1_152' title="bbox 1840 4066 3320 4154">
    <p class='ocr_par' dir='ltr' id='par_1_152' title="bbox 1840 4066 3320 4154">
     <span class='ocr_line' id='line_1_154' title="bbox 1840 4066 3320 4154; baseline 0.015 -33"><span class='ocrx_word' id='word_1_539' title='bbox 1840 4066 2020 4123; x_wconf 77' lang='lat' dir='ltr'><strong>Jesum</strong></span> <span class='ocrx_word' id='word_1_540' title='bbox 2054 4088 2143 4127; x_wconf 81' lang='lat' dir='ltr'><strong>ve-</strong></span> <span class='ocrx_word' id='word_1_541' title='bbox 2667 4086 2722 4131; x_wconf 84' lang='lat' dir='ltr'><strong>et</strong></span> <span class='ocrx_word' id='word_1_542' title='bbox 2748 4080 3106 4136; x_wconf 85' lang='lat' dir='ltr'><strong>testimonium</strong></span> <span class='ocrx_word' id='word_1_543' title='bbox 3138 4066 3320 4154; x_wconf 83' lang='lat' dir='ltr'><strong>perhi-</strong></span> 
     </span>
    </p>
   </div>
   <div class='ocr_carea' id='block_1_153' title="bbox 1469 4179 2129 4238">
    <p class='ocr_par' dir='ltr' id='par_1_153' title="bbox 1469 4179 2129 4238">
     <span class='ocr_line' id='line_1_155' title="bbox 1469 4179 2129 4238; baseline 0.002 -4"><span class='ocrx_word' id='word_1_544' title='bbox 1469 4180 1696 4234; x_wconf 78' lang='lat' dir='ltr'><strong>CODEX</strong></span> <span class='ocrx_word' id='word_1_545' title='bbox 1736 4179 2129 4238; x_wconf 81' lang='lat' dir='ltr'><strong>BRIXIANUS.</strong></span> 
     </span>
    </p>
   </div>
   <div class='ocr_carea' id='block_1_154' title="bbox 166 4294 1749 4362">
    <p class='ocr_par' dir='ltr' id='par_1_154' title="bbox 166 4294 1749 4362">
     <span class='ocr_line' id='line_1_156' title="bbox 166 4294 1749 4362; baseline -0.003 -11"><span class='ocrx_word' id='word_1_546' title='bbox 166 4312 288 4351; x_wconf 86' lang='lat' dir='ltr'><strong>mus</strong></span> <span class='ocrx_word' id='word_1_547' title='bbox 314 4295 400 4350; x_wconf 86' lang='lat' dir='ltr'><strong>bis</strong></span> <span class='ocrx_word' id='word_1_548' title='bbox 423 4296 512 4362; x_wconf 91' lang='lat' dir='ltr'><strong>qui</strong></span> <span class='ocrx_word' id='word_1_549' title='bbox 542 4296 802 4350; x_wconf 85' lang='lat' dir='ltr'><strong>miserunt</strong></span> <span class='ocrx_word' id='word_1_550' title='bbox 820 4309 939 4349; x_wconf 93' lang='lat' dir='ltr'><strong>nos.</strong></span> <span class='ocrx_word' id='word_1_551' title='bbox 970 4294 1092 4362; x_wconf 91' lang='lat' dir='ltr'><strong>quid</strong></span> <span class='ocrx_word' id='word_1_552' title='bbox 1111 4294 1245 4346; x_wconf 92' lang='lat' dir='ltr'><strong>dicis</strong></span> <span class='ocrx_word' id='word_1_553' title='bbox 1274 4294 1339 4346; x_wconf 92' lang='lat' dir='ltr'><strong>de</strong></span> <span class='ocrx_word' id='word_1_554' title='bbox 1366 4303 1417 4347; x_wconf 90' lang='lat' dir='ltr'><strong>te</strong></span> <span class='ocrx_word' id='word_1_555' title='bbox 1449 4294 1587 4360; x_wconf 86' lang='lat' dir='ltr'><strong>ipso.</strong></span> <span class='ocrx_word' id='word_1_556' title='bbox 1643 4294 1749 4347; x_wconf 80' lang='lat' dir='ltr'><strong>Re-</strong></span> 
     </span>
    </p>
   </div>
   <div class='ocr_carea' id='block_1_155' title="bbox 175 4312 1748 4435">
    <p class='ocr_par' dir='ltr' id='par_1_155' title="bbox 175 4312 1748 4435">
     <span class='ocr_line' id='line_1_157' title="bbox 175 4312 1748 4362; baseline -0.003 -11"><span class='ocrx_word' id='word_1_557' title='bbox 175 4312 288 4351; x_wconf 85' lang='lat' dir='ltr'><strong>mus</strong></span> <span class='ocrx_word' id='word_1_558' title='bbox 316 4312 400 4350; x_wconf 85' lang='lat' dir='ltr'><strong>nts</strong></span> <span class='ocrx_word' id='word_1_559' title='bbox 462 4312 512 4348; x_wconf 86' lang='lat' dir='ltr'><strong>ut</strong></span> <span class='ocrx_word' id='word_1_560' title='bbox 542 4312 802 4350; x_wconf 77' lang='lat' dir='ltr'><strong>miserunt</strong></span> <span class='ocrx_word' id='word_1_561' title='bbox 820 4312 939 4349; x_wconf 91' lang='lat' dir='ltr'><strong>nos.</strong></span> <span class='ocrx_word' id='word_1_562' title='bbox 970 4312 1092 4362; x_wconf 84' lang='lat' dir='ltr'><strong>quin</strong></span> <span class='ocrx_word' id='word_1_563' title='bbox 1111 4312 1245 4346; x_wconf 83' lang='lat' dir='ltr'><strong>(llClS</strong></span> <span class='ocrx_word' id='word_1_564' title='bbox 1274 4312 1339 4346; x_wconf 88' lang='lat' dir='ltr'><strong>oe</strong></span> <span class='ocrx_word' id='word_1_565' title='bbox 1366 4312 1417 4347; x_wconf 84' lang='lat' dir='ltr'><strong>te</strong></span> <span class='ocrx_word' id='word_1_566' title='bbox 1449 4312 1587 4360; x_wconf 83' lang='lat' dir='ltr'><strong>ipso.</strong></span> <span class='ocrx_word' id='word_1_567' title='bbox 1644 4312 1748 4347; x_wconf 81' lang='lat' dir='ltr'><strong>ue-</strong></span> 
     </span>
     <span class='ocr_line' id='line_1_158' title="bbox 175 4312 1748 4435; baseline -0.003 -15"><span class='ocrx_word' id='word_1_568' title='bbox 175 4312 554 4435; x_wconf 42' lang='lat' dir='ltr'><strong>sponditfizlgo</strong></span> <span class='ocrx_word' id='word_1_569' title='bbox 580 4380 680 4435; x_wconf 60' lang='lat' dir='ltr'><strong>vos</strong></span> <span class='ocrx_word' id='word_1_570' title='bbox 722 4365 1001 4435; x_wconf 83' lang='lat' dir='ltr'><strong>clamantis</strong></span> <span class='ocrx_word' id='word_1_571' title='bbox 1041 4364 1357 4435; x_wconf 82' lang='lat' dir='ltr'><strong>in_deser_to.</strong></span> <span class='ocrx_word' id='word_1_572' title='bbox 1404 4365 1748 4435; x_wconf 74' lang='lat' dir='ltr'><strong>parateviam</strong></span> 
     </span>
    </p>
   </div>
   <div class='ocr_carea' id='block_1_156' title="bbox 170 4430 1749 4497">
    <p class='ocr_par' dir='ltr' id='par_1_156' title="bbox 170 4430 1749 4497">
     <span class='ocr_line' id='line_1_159' title="bbox 170 4430 1749 4497; baseline -0.003 -7"><span class='ocrx_word' id='word_1_573' title='bbox 170 4430 405 4490; x_wconf 76' lang='lat' dir='ltr'><strong>Domini.</strong></span> <span class='ocrx_word' id='word_1_574' title='bbox 435 4430 571 4488; x_wconf 79' lang='lat' dir='ltr'><strong>sicut</strong></span> <span class='ocrx_word' id='word_1_575' title='bbox 616 4434 749 4487; x_wconf 77' lang='lat' dir='ltr'><strong>dixit</strong></span> <span class='ocrx_word' id='word_1_576' title='bbox 788 4434 971 4485; x_wconf 79' lang='lat' dir='ltr'><strong>Esaias</strong></span> <span class='ocrx_word' id='word_1_577' title='bbox 1001 4430 1224 4497; x_wconf 80' lang='lat' dir='ltr'><strong>profeta.</strong></span> <span class='ocrx_word' id='word_1_578' title='bbox 1255 4431 1322 4483; x_wconf 86' lang='lat' dir='ltr'><strong>Et</strong></span> <span class='ocrx_word' id='word_1_579' title='bbox 1347 4434 1432 4497; x_wconf 90' lang='lat' dir='ltr'><strong>qui</strong></span> <span class='ocrx_word' id='word_1_580' title='bbox 1464 4433 1608 4484; x_wconf 86' lang='lat' dir='ltr'><strong>missi</strong></span> <span class='ocrx_word' id='word_1_581' title='bbox 1638 4433 1749 4485; x_wconf 82' lang='lat' dir='ltr'><strong>lue-</strong></span> 
     </span>
    </p>
   </div>
   <div class='ocr_carea' id='block_1_157' title="bbox 166 4501 1747 4567">
    <p class='ocr_par' dir='ltr' id='par_1_157' title="bbox 166 4501 1747 4567">
     <span class='ocr_line' id='line_1_160' title="bbox 166 4501 1747 4567; baseline -0.002 -8"><span class='ocrx_word' id='word_1_582' title='bbox 166 4514 291 4559; x_wconf 83' lang='lat' dir='ltr'><strong>rant</strong></span> <span class='ocrx_word' id='word_1_583' title='bbox 319 4514 559 4560; x_wconf 80' lang='lat' dir='ltr'><strong>erantex</strong></span> <span class='ocrx_word' id='word_1_584' title='bbox 595 4504 913 4556; x_wconf 67' lang='lat' dir='ltr'><strong>Pharisaeis.</strong></span> <span class='ocrx_word' id='word_1_585' title='bbox 958 4501 1021 4553; x_wconf 87' lang='lat' dir='ltr'><strong>Et</strong></span> <span class='ocrx_word' id='word_1_586' title='bbox 1050 4502 1514 4567; x_wconf 75' lang='lat' dir='ltr'><strong>interrogaverunt</strong></span> <span class='ocrx_word' id='word_1_587' title='bbox 1543 4518 1662 4554; x_wconf 87' lang='lat' dir='ltr'><strong>cum</strong></span> <span class='ocrx_word' id='word_1_588' title='bbox 1694 4512 1747 4556; x_wconf 90' lang='lat' dir='ltr'><strong>et</strong></span> 
     </span>
    </p>
   </div>
   <div class='ocr_carea' id='block_1_158' title="bbox 167 4570 1742 4640">
    <p class='ocr_par' dir='ltr' id='par_1_158' title="bbox 167 4570 1742 4640">
     <span class='ocr_line' id='line_1_161' title="bbox 167 4570 1742 4640; baseline -0.004 -11"><span class='ocrx_word' id='word_1_589' title='bbox 167 4574 423 4629; x_wconf 80' lang='lat' dir='ltr'><strong>dixerunt</strong></span> <span class='ocrx_word' id='word_1_590' title='bbox 447 4576 516 4628; x_wconf 90' lang='lat' dir='ltr'><strong>ei.</strong></span> <span class='ocrx_word' id='word_1_591' title='bbox 538 4573 673 4640; x_wconf 87' lang='lat' dir='ltr'><strong>Quid</strong></span> <span class='ocrx_word' id='word_1_592' title='bbox 696 4587 822 4640; x_wconf 87' lang='lat' dir='ltr'><strong>ergo</strong></span> <span class='ocrx_word' id='word_1_593' title='bbox 845 4571 1097 4636; x_wconf 77' lang='lat' dir='ltr'><strong>biptizas.</strong></span> <span class='ocrx_word' id='word_1_594' title='bbox 1123 4572 1164 4623; x_wconf 89' lang='lat' dir='ltr'><strong>si</strong></span> <span class='ocrx_word' id='word_1_595' title='bbox 1188 4582 1243 4623; x_wconf 88' lang='lat' dir='ltr'><strong>tu</strong></span> <span class='ocrx_word' id='word_1_596' title='bbox 1269 4587 1369 4623; x_wconf 87' lang='lat' dir='ltr'><strong>non</strong></span> <span class='ocrx_word' id='word_1_597' title='bbox 1394 4586 1451 4624; x_wconf 82' lang='lat' dir='ltr'><strong>es</strong></span> <span class='ocrx_word' id='word_1_598' title='bbox 1476 4570 1742 4625; x_wconf 66' lang='lat' dir='ltr'><strong>Christus.</strong></span> 
     </span>
    </p>
   </div>
   <div class='ocr_carea' id='block_1_159' title="bbox 168 4640 1745 4712">
    <p class='ocr_par' dir='ltr' id='par_1_159' title="bbox 168 4640 1745 4712">
     <span class='ocr_line' id='line_1_162' title="bbox 168 4640 1745 4712; baseline -0.001 -16"><span class='ocrx_word' id='word_1_599' title='bbox 168 4658 348 4712; x_wconf 86' lang='lat' dir='ltr'><strong>neque</strong></span> <span class='ocrx_word' id='word_1_600' title='bbox 374 4645 570 4698; x_wconf 88' lang='lat' dir='ltr'><strong>Helias.</strong></span> <span class='ocrx_word' id='word_1_601' title='bbox 604 4657 772 4711; x_wconf 88' lang='lat' dir='ltr'><strong>neque</strong></span> <span class='ocrx_word' id='word_1_602' title='bbox 803 4641 1088 4710; x_wconf 78' lang='lat' dir='ltr'><strong>Propheta.</strong></span> <span class='ocrx_word' id='word_1_603' title='bbox 1119 4643 1394 4707; x_wconf 55' lang='lat' dir='ltr'><strong>respondit</strong></span> <span class='ocrx_word' id='word_1_604' title='bbox 1429 4640 1506 4693; x_wconf 86' lang='lat' dir='ltr'><strong>eis</strong></span> <span class='ocrx_word' id='word_1_605' title='bbox 1545 4643 1745 4695; x_wconf 77' lang='lat' dir='ltr'><strong>Johan—</strong></span> 
     </span>
    </p>
   </div>
   <div class='ocr_carea' id='block_1_160' title="bbox 168 4713 1745 4780">
    <p class='ocr_par' dir='ltr' id='par_1_160' title="bbox 168 4713 1745 4780">
     <span class='ocr_line' id='line_1_163' title="bbox 168 4713 1745 4780; baseline 0 -15"><span class='ocrx_word' id='word_1_606' title='bbox 168 4727 269 4766; x_wconf 87' lang='lat' dir='ltr'><strong>nes</strong></span> <span class='ocrx_word' id='word_1_607' title='bbox 291 4714 497 4767; x_wconf 76' lang='lat' dir='ltr'><strong>dicens.</strong></span> <span class='ocrx_word' id='word_1_608' title='bbox 530 4728 628 4780; x_wconf 85' lang='lat' dir='ltr'><strong>ego</strong></span> <span class='ocrx_word' id='word_1_609' title='bbox 665 4714 873 4779; x_wconf 88' lang='lat' dir='ltr'><strong>baptizo</strong></span> <span class='ocrx_word' id='word_1_610' title='bbox 904 4714 953 4763; x_wconf 92' lang='lat' dir='ltr'><strong>in</strong></span> <span class='ocrx_word' id='word_1_611' title='bbox 979 4726 1134 4778; x_wconf 83' lang='lat' dir='ltr'><strong>aqua.</strong></span> <span class='ocrx_word' id='word_1_612' title='bbox 1174 4713 1377 4764; x_wconf 74' lang='lat' dir='ltr'><strong>medius</strong></span> <span class='ocrx_word' id='word_1_613' title='bbox 1409 4723 1585 4764; x_wconf 74' lang='lat' dir='ltr'><strong>autem</strong></span> <span class='ocrx_word' id='word_1_614' title='bbox 1630 4728 1745 4765; x_wconf 85' lang='lat' dir='ltr'><strong>ves-</strong></span> 
     </span>
    </p>
   </div>
   <div class='ocr_carea' id='block_1_161' title="bbox 172 4780 1745 4849">
    <p class='ocr_par' dir='ltr' id='par_1_161' title="bbox 172 4780 1745 4849">
     <span class='ocr_line' id='line_1_164' title="bbox 172 4780 1745 4849; baseline 0.003 -17"><span class='ocrx_word' id='word_1_615' title='bbox 172 4792 314 4834; x_wconf 90' lang='lat' dir='ltr'><strong>trum</strong></span> <span class='ocrx_word' id='word_1_616' title='bbox 360 4792 484 4834; x_wconf 85' lang='lat' dir='ltr'><strong>stat.</strong></span> <span class='ocrx_word' id='word_1_617' title='bbox 523 4797 680 4849; x_wconf 89' lang='lat' dir='ltr'><strong>quem</strong></span> <span class='ocrx_word' id='word_1_618' title='bbox 715 4797 804 4834; x_wconf 73' lang='lat' dir='ltr'><strong>vos</strong></span> <span class='ocrx_word' id='word_1_619' title='bbox 837 4782 1075 4834; x_wconf 74' lang='lat' dir='ltr'><strong>nescitis.</strong></span> <span class='ocrx_word' id='word_1_620' title='bbox 1116 4782 1227 4848; x_wconf 83' lang='lat' dir='ltr'><strong>ipse</strong></span> <span class='ocrx_word' id='word_1_621' title='bbox 1268 4791 1349 4833; x_wconf 91' lang='lat' dir='ltr'><strong>est</strong></span> <span class='ocrx_word' id='word_1_622' title='bbox 1390 4780 1479 4848; x_wconf 85' lang='lat' dir='ltr'><strong>qui</strong></span> <span class='ocrx_word' id='word_1_623' title='bbox 1509 4791 1624 4849; x_wconf 70' lang='lat' dir='ltr'><strong>post</strong></span> <span class='ocrx_word' id='word_1_624' title='bbox 1662 4798 1745 4837; x_wconf 90' lang='lat' dir='ltr'><strong>me</strong></span> 
     </span>
    </p>
   </div>
   <div class='ocr_carea' id='block_1_162' title="bbox 169 4851 1745 4919">
    <p class='ocr_par' dir='ltr' id='par_1_162' title="bbox 169 4851 1745 4919">
     <span class='ocr_line' id='line_1_165' title="bbox 169 4851 1745 4919; baseline 0.002 -17"><span class='ocrx_word' id='word_1_625' title='bbox 169 4851 341 4903; x_wconf 83' lang='lat' dir='ltr'><strong>venit.</strong></span> <span class='ocrx_word' id='word_1_626' title='bbox 373 4852 463 4916; x_wconf 89' lang='lat' dir='ltr'><strong>qui</strong></span> <span class='ocrx_word' id='word_1_627' title='bbox 486 4860 607 4904; x_wconf 87' lang='lat' dir='ltr'><strong>ante</strong></span> <span class='ocrx_word' id='word_1_628' title='bbox 640 4867 723 4904; x_wconf 83' lang='lat' dir='ltr'><strong>ine</strong></span> <span class='ocrx_word' id='word_1_629' title='bbox 748 4853 914 4904; x_wconf 81' lang='lat' dir='ltr'><strong>factus</strong></span> <span class='ocrx_word' id='word_1_630' title='bbox 942 4862 1046 4905; x_wconf 91' lang='lat' dir='ltr'><strong>est.</strong></span> <span class='ocrx_word' id='word_1_631' title='bbox 1078 4856 1228 4917; x_wconf 65' lang='lat' dir='ltr'><strong>cuius</strong></span> <span class='ocrx_word' id='word_1_632' title='bbox 1254 4866 1353 4919; x_wconf 85' lang='lat' dir='ltr'><strong>ego</strong></span> <span class='ocrx_word' id='word_1_633' title='bbox 1384 4868 1486 4903; x_wconf 84' lang='lat' dir='ltr'><strong>non</strong></span> <span class='ocrx_word' id='word_1_634' title='bbox 1516 4868 1632 4905; x_wconf 88' lang='lat' dir='ltr'><strong>sum</strong></span> <span class='ocrx_word' id='word_1_635' title='bbox 1664 4852 1745 4905; x_wconf 89' lang='lat' dir='ltr'><strong>di—</strong></span> 
     </span>
    </p>
   </div>
   <div class='ocr_carea' id='block_1_163' title="bbox 170 4919 1746 4989">
    <p class='ocr_par' dir='ltr' id='par_1_163' title="bbox 170 4919 1746 4989">
     <span class='ocr_line' id='line_1_166' title="bbox 170 4919 1746 4989; baseline 0.002 -17"><span class='ocrx_word' id='word_1_636' title='bbox 170 4934 307 4988; x_wconf 85' lang='lat' dir='ltr'><strong>gnus</strong></span> <span class='ocrx_word' id='word_1_637' title='bbox 326 4922 537 4975; x_wconf 80' lang='lat' dir='ltr'><strong>solvere</strong></span> <span class='ocrx_word' id='word_1_638' title='bbox 557 4922 836 4989; x_wconf 83' lang='lat' dir='ltr'><strong>corrigiam</strong></span> <span class='ocrx_word' id='word_1_639' title='bbox 859 4922 1191 4974; x_wconf 90' lang='lat' dir='ltr'><strong>calciamenti</strong></span> <span class='ocrx_word' id='word_1_640' title='bbox 1221 4921 1359 4989; x_wconf 71' lang='lat' dir='ltr'><strong>ejus.</strong></span> <span class='ocrx_word' id='word_1_641' title='bbox 1395 4919 1524 4974; x_wconf 86' lang='lat' dir='ltr'><strong>haec</strong></span> <span class='ocrx_word' id='word_1_642' title='bbox 1555 4925 1602 4973; x_wconf 87' lang='lat' dir='ltr'><strong>in</strong></span> <span class='ocrx_word' id='word_1_643' title='bbox 1648 4922 1746 4975; x_wconf 85' lang='lat' dir='ltr'><strong>Be-</strong></span> 
     </span>
    </p>
   </div>
   <div class='ocr_carea' id='block_1_164' title="bbox 172 4989 1744 5046">
    <p class='ocr_par' dir='ltr' id='par_1_164' title="bbox 172 4989 1744 5046">
     <span class='ocr_line' id='line_1_167' title="bbox 172 4989 1744 5046; baseline 0.003 -5"><span class='ocrx_word' id='word_1_644' title='bbox 172 4990 353 5041; x_wconf 84' lang='lat' dir='ltr'><strong>thania</strong></span> <span class='ocrx_word' id='word_1_645' title='bbox 386 4991 518 5042; x_wconf 77' lang='lat' dir='ltr'><strong>facta</strong></span> <span class='ocrx_word' id='word_1_646' title='bbox 549 5000 670 5043; x_wconf 88' lang='lat' dir='ltr'><strong>sunt</strong></span> <span class='ocrx_word' id='word_1_647' title='bbox 701 5002 847 5043; x_wconf 89' lang='lat' dir='ltr'><strong>trans</strong></span> <span class='ocrx_word' id='word_1_648' title='bbox 870 4989 1177 5043; x_wconf 81' lang='lat' dir='ltr'><strong>Jordanem.</strong></span> <span class='ocrx_word' id='word_1_649' title='bbox 1207 4990 1296 5042; x_wconf 88' lang='lat' dir='ltr'><strong>ubi</strong></span> <span class='ocrx_word' id='word_1_650' title='bbox 1328 5002 1444 5042; x_wconf 85' lang='lat' dir='ltr'><strong>erat</strong></span> <span class='ocrx_word' id='word_1_651' title='bbox 1472 4990 1744 5046; x_wconf 79' lang='lat' dir='ltr'><strong>Jolianues</strong></span> 
     </span>
    </p>
   </div>
   <div class='ocr_carea' id='block_1_165' title="bbox 170 5058 1746 5127">
    <p class='ocr_par' dir='ltr' id='par_1_165' title="bbox 170 5058 1746 5127">
     <span class='ocr_line' id='line_1_168' title="bbox 170 5058 1746 5127; baseline 0.002 -15"><span class='ocrx_word' id='word_1_652' title='bbox 170 5058 469 5127; x_wconf 82' lang='lat' dir='ltr'><strong>baptizans.</strong></span> <span class='ocrx_word' id='word_1_653' title='bbox 507 5060 674 5113; x_wconf 88' lang='lat' dir='ltr'><strong>altera</strong></span> <span class='ocrx_word' id='word_1_654' title='bbox 710 5060 798 5114; x_wconf 89' lang='lat' dir='ltr'><strong>die</strong></span> <span class='ocrx_word' id='word_1_655' title='bbox 832 5060 963 5112; x_wconf 87' lang='lat' dir='ltr'><strong>vidit</strong></span> <span class='ocrx_word' id='word_1_656' title='bbox 1004 5058 1297 5113; x_wconf 82' lang='lat' dir='ltr'><strong>Johannes.</strong></span> <span class='ocrx_word' id='word_1_657' title='bbox 1326 5059 1504 5115; x_wconf 85' lang='lat' dir='ltr'><strong>Jesum</strong></span> <span class='ocrx_word' id='word_1_658' title='bbox 1529 5062 1746 5115; x_wconf 89' lang='lat' dir='ltr'><strong>venien-</strong></span> 
     </span>
    </p>
   </div>
   <div class='ocr_carea' id='block_1_166' title="bbox 1854 4298 3421 4384">
    <p class='ocr_par' dir='ltr' id='par_1_166' title="bbox 1854 4298 3421 4384">
     <span class='ocr_line' id='line_1_169' title="bbox 1854 4298 3421 4384; baseline 0.019 -37"><span class='ocrx_word' id='word_1_659' title='bbox 1854 4303 1961 4384; x_wconf 69' lang='lat' dir='ltr'><strong>tem</strong></span> <span class='ocrx_word' id='word_1_660' title='bbox 2011 4298 2177 4384; x_wconf 37' lang='lat' dir='ltr'><strong>adse.</strong></span> <span class='ocrx_word' id='word_1_661' title='bbox 2204 4300 2365 4384; x_wconf 62' lang='lat' dir='ltr'><strong>etnait</strong></span> <span class='ocrx_word' id='word_1_662' title='bbox 2392 4300 2531 4384; x_wconf 75' lang='lat' dir='ltr'><strong>Ecce</strong></span> <span class='ocrx_word' id='word_1_663' title='bbox 2573 4318 2739 4372; x_wconf 84' lang='lat' dir='ltr'><strong>agnus</strong></span> <span class='ocrx_word' id='word_1_664' title='bbox 2790 4306 2883 4384; x_wconf 76' lang='lat' dir='ltr'><strong>Dei</strong></span> <span class='ocrx_word' id='word_1_665' title='bbox 2922 4310 3035 4384; x_wconf 24' lang='lat' dir='ltr'><strong>qui‘</strong></span> <span class='ocrx_word' id='word_1_666' title='bbox 3063 4314 3201 4367; x_wconf 88' lang='lat' dir='ltr'><strong>tollit</strong></span> <span class='ocrx_word' id='word_1_667' title='bbox 3234 4333 3421 4384; x_wconf 57' lang='lat' dir='ltr'><strong>pecca-</strong></span> 
     </span>
    </p>
   </div>
   <div class='ocr_carea' id='block_1_167' title="bbox 1856 4368 3421 4444">
    <p class='ocr_par' dir='ltr' id='par_1_167' title="bbox 1856 4368 3421 4444">
     <span class='ocr_line' id='line_1_170' title="bbox 1856 4368 3421 4444; baseline 0.02 -31"><span class='ocrx_word' id='word_1_668' title='bbox 1856 4373 1963 4443; x_wconf 82' lang='lat' dir='ltr'><strong>tum</strong></span> <span class='ocrx_word' id='word_1_669' title='bbox 1998 4370 2201 4444; x_wconf 84' lang='lat' dir='ltr'><strong>mundi.</strong></span> <span class='ocrx_word' id='word_1_670' title='bbox 2247 4368 2341 4423; x_wconf 84' lang='lat' dir='ltr'><strong>Hic</strong></span> <span class='ocrx_word' id='word_1_671' title='bbox 2370 4384 2452 4423; x_wconf 80' lang='lat' dir='ltr'><strong>est</strong></span> <span class='ocrx_word' id='word_1_672' title='bbox 2480 4372 2547 4427; x_wconf 88' lang='lat' dir='ltr'><strong>de</strong></span> <span class='ocrx_word' id='word_1_673' title='bbox 2574 4368 2677 4443; x_wconf 65' lang='lat' dir='ltr'><strong>quo</strong></span> <span class='ocrx_word' id='word_1_674' title='bbox 2706 4390 2805 4442; x_wconf 80' lang='lat' dir='ltr'><strong>ego</strong></span> <span class='ocrx_word' id='word_1_675' title='bbox 2831 4368 2962 4431; x_wconf 53' lang='lat' dir='ltr'><strong>dixi&#39;.</strong></span> <span class='ocrx_word' id='word_1_676' title='bbox 3011 4380 3139 4437; x_wconf 85' lang='lat' dir='ltr'><strong>Post</strong></span> <span class='ocrx_word' id='word_1_677' title='bbox 3167 4368 3250 4440; x_wconf 74' lang='lat' dir='ltr'><strong>me</strong></span> <span class='ocrx_word' id='word_1_678' title='bbox 3278 4368 3421 4444; x_wconf 62' lang='lat' dir='ltr'><strong>venit</strong></span> 
     </span>
    </p>
   </div>
   <div class='ocr_carea' id='block_1_168' title="bbox 1857 4440 3421 4517">
    <p class='ocr_par' dir='ltr' id='par_1_168' title="bbox 1857 4440 3421 4517">
     <span class='ocr_line' id='line_1_171' title="bbox 1857 4440 3421 4517; baseline 0.019 -33"><span class='ocrx_word' id='word_1_679' title='bbox 1857 4440 1957 4485; x_wconf 91' lang='lat' dir='ltr'><strong>vir.</strong></span> <span class='ocrx_word' id='word_1_680' title='bbox 1996 4440 2081 4502; x_wconf 91' lang='lat' dir='ltr'><strong>qui</strong></span> <span class='ocrx_word' id='word_1_681' title='bbox 2109 4449 2232 4517; x_wconf 76' lang='lat' dir='ltr'><strong>ante</strong></span> <span class='ocrx_word' id='word_1_682' title='bbox 2261 4456 2345 4492; x_wconf 84' lang='lat' dir='ltr'><strong>ine.</strong></span> <span class='ocrx_word' id='word_1_683' title='bbox 2372 4445 2544 4496; x_wconf 87' lang='lat' dir='ltr'><strong>lactus</strong></span> <span class='ocrx_word' id='word_1_684' title='bbox 2567 4440 2679 4517; x_wconf 72' lang='lat' dir='ltr'><strong>est.</strong></span> <span class='ocrx_word' id='word_1_685' title='bbox 2727 4440 2853 4513; x_wconf 46' lang='lat' dir='ltr'><strong>quia</strong></span> <span class='ocrx_word' id='word_1_686' title='bbox 2882 4452 3027 4516; x_wconf 87' lang='lat' dir='ltr'><strong>prior</strong></span> <span class='ocrx_word' id='word_1_687' title='bbox 3062 4468 3145 4507; x_wconf 88' lang='lat' dir='ltr'><strong>Ine</strong></span> <span class='ocrx_word' id='word_1_688' title='bbox 3173 4440 3421 4514; x_wconf 17' lang='lat' dir='ltr'><strong>eratibit</strong></span> 
     </span>
    </p>
   </div>
   <div class='ocr_carea' id='block_1_169' title="bbox 1853 4510 3385 4580">
    <p class='ocr_par' dir='ltr' id='par_1_169' title="bbox 1853 4510 3385 4580">
     <span class='ocr_line' id='line_1_172' title="bbox 1853 4510 3385 4580; baseline 0.016 -25"><span class='ocrx_word' id='word_1_689' title='bbox 1853 4519 1951 4571; x_wconf 84' lang='lat' dir='ltr'><strong>ego</strong></span> <span class='ocrx_word' id='word_1_690' title='bbox 1978 4510 2279 4561; x_wconf 54' lang='lat' dir='ltr'><strong>nesciebam</strong></span> <span class='ocrx_word' id='word_1_691' title='bbox 2308 4527 2452 4564; x_wconf 81' lang='lat' dir='ltr'><strong>enin.</strong></span> <span class='ocrx_word' id='word_1_692' title='bbox 2484 4515 2576 4566; x_wconf 84' lang='lat' dir='ltr'><strong>sed</strong></span> <span class='ocrx_word' id='word_1_693' title='bbox 2615 4524 2671 4567; x_wconf 89' lang='lat' dir='ltr'><strong>ut</strong></span> <span class='ocrx_word' id='word_1_694' title='bbox 2710 4510 3141 4574; x_wconf 76' lang='lat' dir='ltr'><strong>manifestaretur</strong></span> <span class='ocrx_word' id='word_1_695' title='bbox 3172 4510 3385 4580; x_wconf 65' lang='lat' dir='ltr'><strong>lsralieli</strong></span> 
     </span>
    </p>
   </div>
   <div class='ocr_carea' id='block_1_170' title="bbox 1855 4582 3392 4654">
    <p class='ocr_par' dir='ltr' id='par_1_170' title="bbox 1855 4582 3392 4654">
     <span class='ocr_line' id='line_1_173' title="bbox 1855 4582 3392 4654; baseline 0.018 -34"><span class='ocrx_word' id='word_1_696' title='bbox 1855 4585 2135 4654; x_wconf 61' lang='lat' dir='ltr'><strong>propterea</strong></span> <span class='ocrx_word' id='word_1_697' title='bbox 2159 4582 2298 4654; x_wconf 86' lang='lat' dir='ltr'><strong>__veni</strong></span> <span class='ocrx_word' id='word_1_698' title='bbox 2326 4598 2448 4654; x_wconf 86' lang='lat' dir='ltr'><strong>_ego</strong></span> <span class='ocrx_word' id='word_1_699' title='bbox 2487 4585 2536 4635; x_wconf 93' lang='lat' dir='ltr'><strong>in</strong></span> <span class='ocrx_word' id='word_1_700' title='bbox 2575 4600 2709 4653; x_wconf 84' lang='lat' dir='ltr'><strong>aqua</strong></span> <span class='ocrx_word' id='word_1_701' title='bbox 2747 4587 3036 4654; x_wconf 74' lang='lat' dir='ltr'><strong>baptizans.</strong></span> <span class='ocrx_word' id='word_1_702' title='bbox 3084 4594 3145 4645; x_wconf 74' lang='lat' dir='ltr'><strong>Et</strong></span> <span class='ocrx_word' id='word_1_703' title='bbox 3178 4597 3392 4649; x_wconf 84' lang='lat' dir='ltr'><strong>testiuio</strong></span> 
     </span>
    </p>
   </div>
   <div class='ocr_carea' id='block_1_171' title="bbox 1850 4649 3409 4729">
    <p class='ocr_par' dir='ltr' id='par_1_171' title="bbox 1850 4649 3409 4729">
     <span class='ocr_line' id='line_1_174' title="bbox 1850 4649 3409 4729; baseline 0.015 -34"><span class='ocrx_word' id='word_1_704' title='bbox 1850 4649 1997 4729; x_wconf 70' lang='lat' dir='ltr'><strong>nium</strong></span> <span class='ocrx_word' id='word_1_705' title='bbox 2024 4649 2288 4729; x_wconf 71' lang='lat' dir='ltr'><strong>perhibuit</strong></span> <span class='ocrx_word' id='word_1_706' title='bbox 2317 4650 2587 4729; x_wconf 27' lang='lat' dir='ltr'><strong>Jolla‘nne—i</strong></span> <span class='ocrx_word' id='word_1_707' title='bbox 2617 4649 2827 4729; x_wconf 39' lang='lat' dir='ltr'><strong>dicens.-</strong></span> <span class='ocrx_word' id='word_1_708' title='bbox 2854 4662 2993 4729; x_wconf 79' lang='lat' dir='ltr'><strong>Quia</strong></span> <span class='ocrx_word' id='word_1_709' title='bbox 3024 4660 3126 4713; x_wconf 70' lang='lat' dir='ltr'><strong>\il“</strong></span> <span class='ocrx_word' id='word_1_710' title='bbox 3155 4662 3409 4729; x_wconf 83' lang='lat' dir='ltr'><strong>Spiritum</strong></span> 
     </span>
    </p>
   </div>
   <div class='ocr_carea' id='block_1_172' title="bbox 1848 4715 3417 4789">
    <p class='ocr_par' dir='ltr' id='par_1_172' title="bbox 1848 4715 3417 4789">
     <span class='ocr_line' id='line_1_175' title="bbox 1848 4715 3417 4789; baseline 0.013 -22"><span class='ocrx_word' id='word_1_711' title='bbox 1848 4715 2282 4772; x_wconf 72' lang='lat' dir='ltr'><strong>descendentem.</strong></span> <span class='ocrx_word' id='word_1_712' title='bbox 2314 4726 2462 4789; x_wconf 80' lang='lat' dir='ltr'><strong>quasi</strong></span> <span class='ocrx_word' id='word_1_713' title='bbox 2504 4726 2803 4778; x_wconf 84' lang='lat' dir='ltr'><strong>columbam</strong></span> <span class='ocrx_word' id='word_1_714' title='bbox 2832 4715 2903 4779; x_wconf 64' lang='lat' dir='ltr'><strong>de</strong></span> <span class='ocrx_word' id='word_1_715' title='bbox 2923 4730 3090 4781; x_wconf 81' lang='lat' dir='ltr'><strong>caelo.</strong></span> <span class='ocrx_word' id='word_1_716' title='bbox 3133 4715 3417 4789; x_wconf 43' lang='lat' dir='ltr'><strong>et‘mansit</strong></span> 
     </span>
    </p>
   </div>
   <div class='ocr_carea' id='block_1_173' title="bbox 1848 4789 3416 4867">
    <p class='ocr_par' dir='ltr' id='par_1_173' title="bbox 1848 4789 3416 4867">
     <span class='ocr_line' id='line_1_176' title="bbox 1848 4789 3416 4867; baseline 0.014 -30"><span class='ocrx_word' id='word_1_717' title='bbox 1848 4799 2010 4867; x_wconf 60' lang='lat' dir='ltr'><strong>sulier</strong></span> <span class='ocrx_word' id='word_1_718' title='bbox 2036 4802 2174 4867; x_wconf 73' lang='lat' dir='ltr'><strong>eum.</strong></span> <span class='ocrx_word' id='word_1_719' title='bbox 2223 4789 2287 4867; x_wconf 77' lang='lat' dir='ltr'><strong>Et</strong></span> <span class='ocrx_word' id='word_1_720' title='bbox 2330 4808 2428 4861; x_wconf 87' lang='lat' dir='ltr'><strong>ego</strong></span> <span class='ocrx_word' id='word_1_721' title='bbox 2473 4794 2960 4867; x_wconf 80' lang='lat' dir='ltr'><strong>tiesciebam_euin.</strong></span> <span class='ocrx_word' id='word_1_722' title='bbox 3007 4799 3098 4850; x_wconf 88' lang='lat' dir='ltr'><strong>sed</strong></span> <span class='ocrx_word' id='word_1_723' title='bbox 3141 4801 3229 4867; x_wconf 86' lang='lat' dir='ltr'><strong>qui</strong></span> <span class='ocrx_word' id='word_1_724' title='bbox 3271 4806 3416 4859; x_wconf 84' lang='lat' dir='ltr'><strong>misit</strong></span> 
     </span>
    </p>
   </div>
   <div class='ocr_carea' id='block_1_174' title="bbox 1846 4858 3410 4939">
    <p class='ocr_par' dir='ltr' id='par_1_174' title="bbox 1846 4858 3410 4939">
     <span class='ocr_line' id='line_1_177' title="bbox 1846 4858 3410 4939; baseline 0.014 -33"><span class='ocrx_word' id='word_1_725' title='bbox 1846 4870 1932 4939; x_wconf 69' lang='lat' dir='ltr'><strong>ine</strong></span> <span class='ocrx_word' id='word_1_726' title='bbox 1977 4858 2243 4939; x_wconf 57' lang='lat' dir='ltr'><strong>baptizare</strong></span> <span class='ocrx_word' id='word_1_727' title='bbox 2272 4860 2320 4911; x_wconf 89' lang='lat' dir='ltr'><strong>in</strong></span> <span class='ocrx_word' id='word_1_728' title='bbox 2350 4858 2483 4939; x_wconf 73' lang='lat' dir='ltr'><strong>aqua</strong></span> <span class='ocrx_word' id='word_1_729' title='bbox 2516 4869 2629 4939; x_wconf 79' lang='lat' dir='ltr'><strong>ipse</strong></span> <span class='ocrx_word' id='word_1_730' title='bbox 2669 4864 2799 4915; x_wconf 84' lang='lat' dir='ltr'><strong>milii</strong></span> <span class='ocrx_word' id='word_1_731' title='bbox 2838 4866 2989 4918; x_wconf 80' lang='lat' dir='ltr'><strong>dixit.</strong></span> <span class='ocrx_word' id='word_1_732' title='bbox 3035 4858 3209 4935; x_wconf 59' lang='lat' dir='ltr'><strong>Sopor</strong></span> <span class='ocrx_word' id='word_1_733' title='bbox 3250 4858 3410 4939; x_wconf 87' lang='lat' dir='ltr'><strong>quem</strong></span> 
     </span>
    </p>
   </div>
   <div class='ocr_carea' id='block_1_175' title="bbox 1849 4925 3416 5012">
    <p class='ocr_par' dir='ltr' id='par_1_175' title="bbox 1849 4925 3416 5012">
     <span class='ocr_line' id='line_1_178' title="bbox 1849 4925 3416 5012; baseline 0.015 -38"><span class='ocrx_word' id='word_1_734' title='bbox 1849 4925 2044 5012; x_wconf 71' lang='lat' dir='ltr'><strong>videris</strong></span> <span class='ocrx_word' id='word_1_735' title='bbox 2073 4926 2332 5008; x_wconf 81' lang='lat' dir='ltr'><strong>Spiritum</strong></span> <span class='ocrx_word' id='word_1_736' title='bbox 2358 4925 2870 5012; x_wconf 36' lang='lat' dir='ltr'><strong>desceiidentet’n..et</strong></span> <span class='ocrx_word' id='word_1_737' title='bbox 2900 4925 3223 4993; x_wconf 72' lang='lat' dir='ltr'><strong>manentem.</strong></span> <span class='ocrx_word' id='word_1_738' title='bbox 3254 4925 3416 5012; x_wconf 73' lang='lat' dir='ltr'><strong>super</strong></span> 
     </span>
    </p>
   </div>
   <div class='ocr_carea' id='block_1_176' title="bbox 1846 4996 3416 5082">
    <p class='ocr_par' dir='ltr' id='par_1_176' title="bbox 1846 4996 3416 5082">
     <span class='ocr_line' id='line_1_179' title="bbox 1846 4996 3416 5082; baseline 0.017 -38"><span class='ocrx_word' id='word_1_739' title='bbox 1846 5008 1988 5082; x_wconf 62' lang='lat' dir='ltr'><strong>eum.</strong></span> <span class='ocrx_word' id='word_1_740' title='bbox 2020 4996 2104 5082; x_wconf 66' lang='lat' dir='ltr'><strong>llic</strong></span> <span class='ocrx_word' id='word_1_741' title='bbox 2132 4999 2335 5082; x_wconf 35' lang='lat' dir='ltr'><strong>est-qui</strong></span> <span class='ocrx_word' id='word_1_742' title='bbox 2376 5000 2605 5078; x_wconf 36' lang='lat' dir='ltr'><strong>l‘inptizat</strong></span> <span class='ocrx_word' id='word_1_743' title='bbox 2642 5002 2694 5082; x_wconf 76' lang='lat' dir='ltr'><strong>in</strong></span> <span class='ocrx_word' id='word_1_744' title='bbox 2721 5002 2924 5071; x_wconf 85' lang='lat' dir='ltr'><strong>Spiritu</strong></span> <span class='ocrx_word' id='word_1_745' title='bbox 2968 5018 3177 5063; x_wconf 88' lang='lat' dir='ltr'><strong>sancto.</strong></span> <span class='ocrx_word' id='word_1_746' title='bbox 3223 5013 3289 5065; x_wconf 78' lang='lat' dir='ltr'><strong>Et</strong></span> <span class='ocrx_word' id='word_1_747' title='bbox 3315 4996 3416 5082; x_wconf 69' lang='lat' dir='ltr'><strong>ego</strong></span> 
     </span>
    </p>
   </div>
   <div class='ocr_carea' id='block_1_177' title="bbox 1844 5065 2725 5140">
    <p class='ocr_par' dir='ltr' id='par_1_177' title="bbox 1844 5065 2725 5140">
     <span class='ocr_line' id='line_1_180' title="bbox 1844 5065 2725 5140; baseline 0.015 -27"><span class='ocrx_word' id='word_1_748' title='bbox 1844 5065 1970 5115; x_wconf 89' lang='lat' dir='ltr'><strong>vidi.</strong></span> <span class='ocrx_word' id='word_1_749' title='bbox 2024 5074 2077 5115; x_wconf 82' lang='lat' dir='ltr'><strong>et</strong></span> <span class='ocrx_word' id='word_1_750' title='bbox 2131 5065 2491 5122; x_wconf 84' lang='lat' dir='ltr'><strong>testimonium</strong></span> <span class='ocrx_word' id='word_1_751' title='bbox 2544 5070 2725 5140; x_wconf 89' lang='lat' dir='ltr'><strong>perbi-</strong></span> 
     </span>
    </p>
   </div>
   <div class='ocr_carea' id='block_1_178' title="bbox 1409 5140 2134 5209">
    <p class='ocr_par' dir='ltr' id='par_1_178' title="bbox 1409 5140 2134 5209">
     <span class='ocr_line' id='line_1_181' title="bbox 1409 5140 2134 5209; baseline 0 -1"><span class='ocrx_word' id='word_1_752' title='bbox 1409 5153 1640 5208; x_wconf 79' lang='lat' dir='ltr'><strong>CODEX</strong></span> <span class='ocrx_word' id='word_1_753' title='bbox 1676 5140 2134 5209; x_wconf 72' lang='lat' dir='ltr'><strong>CURBEIENSIS.</strong></span> 
     </span>
    </p>
   </div>
   <div class='ocr_carea' id='block_1_179' title="bbox 236 5230 1111 5323">
    <p class='ocr_par' dir='ltr' id='par_1_179' title="bbox 236 5230 1111 5323">
     <span class='ocr_line' id='line_1_182' title="bbox 236 5230 1111 5323; baseline -0.001 -17"><span class='ocrx_word' id='word_1_754' title='bbox 236 5230 338 5307; x_wconf 50' lang='lat'><strong>36.</strong></span> <span class='ocrx_word' id='word_1_755' title='bbox 372 5251 578 5306; x_wconf 87' lang='lat' dir='ltr'><strong>medius</strong></span> <span class='ocrx_word' id='word_1_756' title='bbox 605 5251 627 5282; x_wconf 77' lang='grc'>⁸</span> <span class='ocrx_word' id='word_1_757' title='bbox 654 5258 885 5305; x_wconf 80' lang='lat' dir='ltr'><strong>vestrum</strong></span> <span class='ocrx_word' id='word_1_758' title='bbox 917 5259 1041 5307; x_wconf 87' lang='lat' dir='ltr'><strong>stat.</strong></span> <span class='ocrx_word' id='word_1_759' title='bbox 1074 5255 1111 5323; x_wconf 70' lang='grc' dir='ltr'><strong>-ί-</strong></span> 
     </span>
    </p>
   </div>
   <div class='ocr_carea' id='block_1_180' title="bbox 1921 5253 3032 5343">
    <p class='ocr_par' dir='ltr' id='par_1_180' title="bbox 1921 5253 3032 5343">
     <span class='ocr_line' id='line_1_183' title="bbox 1921 5253 3032 5343; baseline 0.022 -39"><span class='ocrx_word' id='word_1_760' title='bbox 1921 5253 2007 5305; x_wconf 79' lang='lat'><strong>31.</strong></span> <span class='ocrx_word' id='word_1_761' title='bbox 2049 5264 2105 5307; x_wconf 90' lang='lat' dir='ltr'><strong>ut</strong></span> <span class='ocrx_word' id='word_1_762' title='bbox 2132 5259 2538 5317; x_wconf 78' lang='lat' dir='ltr'><strong>manifestetur&quot;</strong></span> <span class='ocrx_word' id='word_1_763' title='bbox 2570 5266 2708 5335; x_wconf 86' lang='lat' dir='ltr'><strong>plebi</strong></span> <span class='ocrx_word' id='word_1_764' title='bbox 2743 5269 2964 5327; x_wconf 79' lang='lat' dir='ltr'><strong>lsrabel.</strong></span> <span class='ocrx_word' id='word_1_765' title='bbox 2995 5275 3032 5343; x_wconf 52' lang='grc' dir='ltr'><strong>οἵ</strong></span> 
     </span>
    </p>
   </div>
   <div class='ocr_carea' id='block_1_181' title="bbox 1378 5343 2833 5404">
    <p class='ocr_par' dir='ltr' id='par_1_181' title="bbox 1378 5343 2833 5404">
     <span class='ocr_line' id='line_1_184' title="bbox 1378 5343 2833 5404; baseline 0.001 -3"><span class='ocrx_word' id='word_1_766' title='bbox 1378 5343 1767 5401; x_wconf 75' lang='lat' dir='ltr'><strong>VARIANTES</strong></span> <span class='ocrx_word' id='word_1_767' title='bbox 1802 5343 2196 5404; x_wconf 73' lang='lat' dir='ltr'><strong>LECTIONES.</strong></span> <span class='ocrx_word' id='word_1_768' title='bbox 2832 5364 2833 5369; x_wconf 84' lang='lat'>‘</span> 
     </span>
    </p>
   </div>
   <div class='ocr_carea' id='block_1_182' title="bbox 240 5454 1751 5521">
    <p class='ocr_par' dir='ltr' id='par_1_182' title="bbox 240 5454 1751 5521">
     <span class='ocr_line' id='line_1_185' title="bbox 240 5454 1751 5521; baseline -0.001 -14"><span class='ocrx_word' id='word_1_769' title='bbox 240 5461 256 5492; x_wconf 76' lang='grc'>³</span> <span class='ocrx_word' id='word_1_770' title='bbox 294 5459 403 5508; x_wconf 76' lang='lat' dir='ltr'><strong>Gut.</strong></span> <span class='ocrx_word' id='word_1_771' title='bbox 429 5462 481 5505; x_wconf 90' lang='lat' dir='ltr'><strong>et</strong></span> <span class='ocrx_word' id='word_1_772' title='bbox 504 5457 619 5521; x_wconf 67' lang='lat' dir='ltr'><strong>Mm.</strong></span> <span class='ocrx_word' id='word_1_773' title='bbox 647 5454 730 5521; x_wconf 85' lang='lat' dir='ltr'><strong>Et_</strong></span> <span class='ocrx_word' id='word_1_774' title='bbox 728 5458 813 5518; x_wconf 89' lang='lat' dir='ltr'><strong>qui</strong></span> <span class='ocrx_word' id='word_1_775' title='bbox 834 5465 1083 5521; x_wconf 16' lang='lat' dir='ltr'><strong>venerant,</strong></span> <span class='ocrx_word' id='word_1_776' title='bbox 1098 5472 1161 5509; x_wconf 81' lang='lat' dir='ltr'><strong>ex</strong></span> <span class='ocrx_word' id='word_1_777' title='bbox 1186 5461 1459 5510; x_wconf 81' lang='lat' dir='ltr'><strong>Pharisaeis</strong></span> <span class='ocrx_word' id='word_1_778' title='bbox 1483 5463 1751 5521; x_wconf 80' lang='lat' dir='ltr'><strong>interroga-</strong></span> 
     </span>
    </p>
   </div>
   <div class='ocr_carea' id='block_1_183' title="bbox 176 5516 1750 5584">
    <p class='ocr_par' dir='ltr' id='par_1_183' title="bbox 176 5516 1750 5584">
     <span class='ocr_line' id='line_1_186' title="bbox 176 5516 1750 5584; baseline -0.001 -12"><span class='ocrx_word' id='word_1_779' title='bbox 176 5528 387 5584; x_wconf 86' lang='lat' dir='ltr'><strong>verunt_._</strong></span> <span class='ocrx_word' id='word_1_780' title='bbox 430 5519 649 5584; x_wconf 68' lang='lat' dir='ltr'><strong>Vulgata.</strong></span> <span class='ocrx_word' id='word_1_781' title='bbox 696 5516 759 5566; x_wconf 70' lang='lat' dir='ltr'><strong>Et</strong></span> <span class='ocrx_word' id='word_1_782' title='bbox 784 5523 875 5580; x_wconf 80' lang='lat' dir='ltr'><strong>qut</strong></span> <span class='ocrx_word' id='word_1_783' title='bbox 902 5521 1033 5567; x_wconf 81' lang='lat' dir='ltr'><strong>missi</strong></span> <span class='ocrx_word' id='word_1_784' title='bbox 1065 5520 1258 5571; x_wconf 70' lang='lat' dir='ltr'><strong>fuerant</strong></span> <span class='ocrx_word' id='word_1_785' title='bbox 1280 5562 1294 5584; x_wconf 93' lang='lat'><strong>,</strong></span> <span class='ocrx_word' id='word_1_786' title='bbox 1320 5528 1545 5572; x_wconf 78' lang='lat' dir='ltr'><strong>erantex</strong></span> <span class='ocrx_word' id='word_1_787' title='bbox 1580 5516 1750 5570; x_wconf 64' lang='lat' dir='ltr'><strong>Pba&#39;ri-</strong></span> 
     </span>
    </p>
   </div>
   <div class='ocr_carea' id='block_1_184' title="bbox 173 5581 873 5639">
    <p class='ocr_par' dir='ltr' id='par_1_184' title="bbox 173 5581 873 5639">
     <span class='ocr_line' id='line_1_187' title="bbox 173 5581 873 5639; baseline -0.01 -7"><span class='ocrx_word' id='word_1_788' title='bbox 173 5584 323 5632; x_wconf 85' lang='lat' dir='ltr'><strong>saeis.</strong></span> <span class='ocrx_word' id='word_1_789' title='bbox 350 5581 411 5629; x_wconf 80' lang='lat' dir='ltr'><strong>Et</strong></span> <span class='ocrx_word' id='word_1_790' title='bbox 432 5583 873 5639; x_wconf 79' lang='lat' dir='ltr'><strong>interrogaverunt.</strong></span> 
     </span>
    </p>
   </div>
   <div class='ocr_carea' id='block_1_185' title="bbox 241 5638 1303 5707">
    <p class='ocr_par' dir='ltr' id='par_1_185' title="bbox 241 5638 1303 5707">
     <span class='ocr_line' id='line_1_188' title="bbox 241 5638 1303 5707; baseline 0.003 -18"><span class='ocrx_word' id='word_1_791' title='bbox 241 5646 261 5707; x_wconf 64' lang='grc' dir='ltr'><strong>ξ</strong></span> <span class='ocrx_word' id='word_1_792' title='bbox 299 5643 409 5707; x_wconf 63' lang='grc' dir='ltr'><strong>(ξω.</strong></span> <span class='ocrx_word' id='word_1_793' title='bbox 435 5638 733 5707; x_wconf 38' lang='lat' dir='ltr'><strong>Baptizo’vos</strong></span> <span class='ocrx_word' id='word_1_794' title='bbox 755 5640 819 5688; x_wconf 91' lang='lat' dir='ltr'><strong>in.</strong></span> <span class='ocrx_word' id='word_1_795' title='bbox 853 5638 994 5707; x_wconf 64' lang='lat' dir='ltr'><strong>Vulg.</strong></span> <span class='ocrx_word' id='word_1_796' title='bbox 1018 5639 1303 5707; x_wconf 76' lang='lat' dir='ltr'><strong>Baptizoiu.</strong></span> 
     </span>
    </p>
   </div>
   <div class='ocr_carea' id='block_1_186' title="bbox 242 5700 1745 5765">
    <p class='ocr_par' dir='ltr' id='par_1_186' title="bbox 242 5700 1745 5765">
     <span class='ocr_line' id='line_1_189' title="bbox 242 5700 1745 5765; baseline 0.004 -14"><span class='ocrx_word' id='word_1_797' title='bbox 242 5705 264 5735; x_wconf 81' lang='grc'><strong><em>³</em></strong></span> <span class='ocrx_word' id='word_1_798' title='bbox 296 5700 403 5765; x_wconf 61' lang='lat' dir='ltr'><strong>aut.</strong></span> <span class='ocrx_word' id='word_1_799' title='bbox 430 5700 608 5761; x_wconf 73' lang='lat' dir='ltr'><strong>dignus</strong></span> <span class='ocrx_word' id='word_1_800' title='bbox 644 5700 835 5765; x_wconf 77' lang='lat' dir='ltr'><strong>solvere</strong></span> <span class='ocrx_word' id='word_1_801' title='bbox 874 5700 1124 5765; x_wconf 68' lang='lat' dir='ltr'><strong>corrigiam</strong></span> <span class='ocrx_word' id='word_1_802' title='bbox 1164 5706 1599 5757; x_wconf 85' lang='lat' dir='ltr'><strong>calceamentorum</strong></span> <span class='ocrx_word' id='word_1_803' title='bbox 1623 5710 1745 5765; x_wconf 83' lang='lat' dir='ltr'><strong>ejus.</strong></span> 
     </span>
    </p>
   </div>
   <div class='ocr_carea' id='block_1_187' title="bbox 177 5759 1744 5835">
    <p class='ocr_par' dir='ltr' id='par_1_187' title="bbox 177 5759 1744 5835">
     <span class='ocr_line' id='line_1_190' title="bbox 177 5759 1744 5835; baseline 0.008 -25"><span class='ocrx_word' id='word_1_804' title='bbox 177 5768 294 5816; x_wconf 75' lang='lat' dir='ltr'><strong>um.</strong></span> <span class='ocrx_word' id='word_1_805' title='bbox 323 5759 506 5822; x_wconf 72' lang='grc' dir='ltr'><strong>ἀίεουὶ</strong></span> <span class='ocrx_word' id='word_1_806' title='bbox 528 5768 581 5813; x_wconf 82' lang='grc' dir='ltr'><strong>ιιι</strong></span> <span class='ocrx_word' id='word_1_807' title='bbox 611 5759 801 5813; x_wconf 85' lang='lat' dir='ltr'><strong>solvere</strong></span> <span class='ocrx_word' id='word_1_808' title='bbox 824 5759 1081 5824; x_wconf 68' lang='lat' dir='ltr'><strong>corrigiam</strong></span> <span class='ocrx_word' id='word_1_809' title='bbox 1118 5766 1421 5824; x_wconf 80' lang='lat' dir='ltr'><strong>calciamenti</strong></span> <span class='ocrx_word' id='word_1_810' title='bbox 1446 5769 1565 5828; x_wconf 85' lang='lat' dir='ltr'><strong>ejus.</strong></span> <span class='ocrx_word' id='word_1_811' title='bbox 1600 5759 1744 5835; x_wconf 61' lang='lat' dir='ltr'><strong>Vilg.</strong></span> 
     </span>
    </p>
   </div>
   <div class='ocr_carea' id='block_1_188' title="bbox 1854 5459 3049 5553">
    <p class='ocr_par' dir='ltr' id='par_1_188' title="bbox 1854 5459 3049 5553">
     <span class='ocr_line' id='line_1_191' title="bbox 1854 5459 3049 5553; baseline 0.019 -47"><span class='ocrx_word' id='word_1_812' title='bbox 1854 5459 2435 5553; x_wconf 37' lang='lat' dir='ltr'><strong>dig‘ugsﬂutnso‘lv‘am-ejus</strong></span> <span class='ocrx_word' id='word_1_813' title='bbox 2452 5474 2707 5553; x_wconf 68' lang='lat' dir='ltr'><strong>corrigiam</strong></span> <span class='ocrx_word' id='word_1_814' title='bbox 2731 5478 3049 5548; x_wconf 70' lang='lat' dir='ltr'><strong>calciamenti.</strong></span> 
     </span>
    </p>
   </div>
   <div class='ocr_carea' id='block_1_189' title="bbox 1912 5528 3386 5645">
    <p class='ocr_par' dir='ltr' id='par_1_189' title="bbox 1912 5528 3386 5645">
     <span class='ocr_line' id='line_1_192' title="bbox 1916 5528 3047 5599; baseline 0.016 -27"><span class='ocrx_word' id='word_1_815' title='bbox 1916 5528 1937 5553; x_wconf 70' lang='grc' dir='ltr'>δ</span> <span class='ocrx_word' id='word_1_816' title='bbox 1971 5528 2073 5575; x_wconf 81' lang='lat' dir='ltr'><strong>Gal.</strong></span> <span class='ocrx_word' id='word_1_817' title='bbox 2099 5530 2180 5588; x_wconf 87' lang='lat' dir='ltr'><strong>qui</strong></span> <span class='ocrx_word' id='word_1_818' title='bbox 2206 5528 2526 5596; x_wconf 52' lang='lat' dir='ltr'><strong>priorfls’ulg.</strong></span> <span class='ocrx_word' id='word_1_819' title='bbox 2558 5528 2668 5595; x_wconf 62' lang='lat' dir='ltr'><strong>q&#39;uia</strong></span> <span class='ocrx_word' id='word_1_820' title='bbox 2696 5540 2839 5599; x_wconf 90' lang='lat' dir='ltr'><strong>prior.</strong></span> <span class='ocrx_word' id='word_1_821' title='bbox 3004 5528 3007 5529; x_wconf 14' lang='grc' dir='ltr'><em>ν</em></span> <span class='ocrx_word' id='word_1_822' title='bbox 3040 5528 3047 5529; x_wconf 18' lang='grc' dir='ltr'>ί</span> 
     </span>
     <span class='ocr_line' id='line_1_193' title="bbox 1912 5584 3386 5645; baseline 0.006 -8"><span class='ocrx_word' id='word_1_823' title='bbox 1912 5584 1933 5614; x_wconf 80' lang='grc'>⁸</span> <span class='ocrx_word' id='word_1_824' title='bbox 1968 5592 2071 5638; x_wconf 81' lang='lat' dir='ltr'><strong>Gal.</strong></span> <span class='ocrx_word' id='word_1_825' title='bbox 2098 5596 2142 5639; x_wconf 80' lang='lat' dir='ltr'><strong>et</strong></span> <span class='ocrx_word' id='word_1_826' title='bbox 2167 5594 2281 5639; x_wconf 80' lang='lat' dir='ltr'><strong>Mm.</strong></span> <span class='ocrx_word' id='word_1_827' title='bbox 2307 5600 2360 5641; x_wconf 79' lang='lat' dir='ltr'><strong>ut</strong></span> <span class='ocrx_word' id='word_1_828' title='bbox 2391 5592 2781 5645; x_wconf 69' lang='lat' dir='ltr'><strong>manifestat-etim</strong></span> <span class='ocrx_word' id='word_1_829' title='bbox 2818 5599 2982 5645; x_wconf 84' lang='lat' dir='ltr'><strong>Israel.</strong></span> <span class='ocrx_word' id='word_1_830' title='bbox 3016 5601 3157 5645; x_wconf 78' lang='lat' dir='ltr'><strong>l&#39;ula.</strong></span> <span class='ocrx_word' id='word_1_831' title='bbox 3184 5610 3235 5645; x_wconf 81' lang='lat' dir='ltr'><strong>ut</strong></span> <span class='ocrx_word' id='word_1_832' title='bbox 3261 5608 3386 5645; x_wconf 79' lang='lat' dir='ltr'><strong>mani</strong></span> 
     </span>
    </p>
   </div>
   <div class='ocr_carea' id='block_1_190' title="bbox 1848 5599 3418 5701">
    <p class='ocr_par' dir='ltr' id='par_1_190' title="bbox 1848 5599 3418 5701">
     <span class='ocr_line' id='line_1_194' title="bbox 1912 5599 3418 5665; baseline 0.013 -29"><span class='ocrx_word' id='word_1_833' title='bbox 1912 5599 1933 5614; x_wconf 77' lang='grc' dir='ltr'><strong>υ</strong></span> <span class='ocrx_word' id='word_1_834' title='bbox 1968 5599 2142 5660; x_wconf 44' lang='lat' dir='ltr'><strong>uouet</strong></span> <span class='ocrx_word' id='word_1_835' title='bbox 2167 5599 2281 5639; x_wconf 81' lang='lat' dir='ltr'><strong>Mm.</strong></span> <span class='ocrx_word' id='word_1_836' title='bbox 2307 5600 2360 5641; x_wconf 84' lang='lat' dir='ltr'><strong>ut</strong></span> <span class='ocrx_word' id='word_1_837' title='bbox 2391 5599 2781 5648; x_wconf 73' lang='lat' dir='ltr'><strong>manifestat-clm</strong></span> <span class='ocrx_word' id='word_1_838' title='bbox 2818 5599 2982 5649; x_wconf 86' lang='lat' dir='ltr'><strong>Israel.</strong></span> <span class='ocrx_word' id='word_1_839' title='bbox 3016 5601 3157 5665; x_wconf 78' lang='lat' dir='ltr'><strong>Vulg.</strong></span> <span class='ocrx_word' id='word_1_840' title='bbox 3184 5610 3235 5651; x_wconf 87' lang='lat' dir='ltr'><strong>ut</strong></span> <span class='ocrx_word' id='word_1_841' title='bbox 3261 5608 3418 5656; x_wconf 80' lang='lat' dir='ltr'><strong>mani-</strong></span> 
     </span>
     <span class='ocr_line' id='line_1_195' title="bbox 1848 5648 2313 5701; baseline 0.009 -4"><span class='ocrx_word' id='word_1_842' title='bbox 1848 5648 2053 5699; x_wconf 83' lang='lat' dir='ltr'><strong>fesletur</strong></span> <span class='ocrx_word' id='word_1_843' title='bbox 2077 5663 2123 5697; x_wconf 85' lang='lat' dir='ltr'><strong>in</strong></span> <span class='ocrx_word' id='word_1_844' title='bbox 2148 5651 2313 5701; x_wconf 84' lang='lat' dir='ltr'><strong>lsrael.</strong></span> 
     </span>
    </p>
   </div>
   <div class='ocr_carea' id='block_1_191' title="bbox 1912 5691 2615 5767">
    <p class='ocr_par' dir='ltr' id='par_1_191' title="bbox 1912 5691 2615 5767">
     <span class='ocr_line' id='line_1_196' title="bbox 1912 5691 2615 5767; baseline 0.004 -6"><span class='ocrx_word' id='word_1_845' title='bbox 1912 5706 1931 5735; x_wconf 80' lang='grc'>⁸</span> <span class='ocrx_word' id='word_1_846' title='bbox 1949 5691 2498 5764; x_wconf 48' lang='grc' dir='ltr'>ἶῖιὶίξιιῖἒιῖινῖοδιιιιω</span> <span class='ocrx_word' id='word_1_847' title='bbox 2523 5718 2615 5767; x_wconf 80' lang='lat' dir='ltr'><strong>ﬁat.</strong></span> 
     </span>
    </p>
   </div>
   <div class='ocr_carea' id='block_1_192' title="bbox 1908 5774 2470 5827">
    <p class='ocr_par' dir='ltr' id='par_1_192' title="bbox 1908 5774 2470 5827">
     <span class='ocr_line' id='line_1_197' title="bbox 1908 5774 2470 5827; baseline 0.002 -4"><span class='ocrx_word' id='word_1_848' title='bbox 1908 5774 1929 5805; x_wconf 82' lang='grc'><strong>⁷</strong></span> <span class='ocrx_word' id='word_1_849' title='bbox 1966 5774 2067 5825; x_wconf 76' lang='lat' dir='ltr'><strong>Gut.</strong></span> <span class='ocrx_word' id='word_1_850' title='bbox 2092 5780 2136 5824; x_wconf 82' lang='lat' dir='ltr'><strong>et</strong></span> <span class='ocrx_word' id='word_1_851' title='bbox 2160 5777 2275 5825; x_wconf 80' lang='lat' dir='ltr'><strong>Mm.</strong></span> <span class='ocrx_word' id='word_1_852' title='bbox 2301 5775 2470 5827; x_wconf 65' lang='lat' dir='ltr'><strong>ist-sel.</strong></span> 
     </span>
    </p>
   </div>
  </div>
