3898 6396
254 310 321 365 ’Π
1206 308 1655 367 EVANGELIUM
1694 309 2061 367 SECUNDUM
2097 310 2475 369 JOHANNEM.
3359 319 3463 375 378

600 428 824 487 CODEX
871 427 1405 487 VERCELLENSIS.

1041 523 1308 577 credimus
1336 540 1352 605 ξ
1379 524 1457 593 ip-

1045 631 1059 645 .
1104 630 1118 645 .
1147 608 1235 647 11111
1268 608 1411 648 enim
1443 609 1539 648 au-

1050 703 1063 715 .
1109 702 1125 717 .
1152 662 1359 725 vimus.
1390 674 1438 719 et
1475 665 1578 719 sci-
1617 708 1623 715 .

1044 771 1058 786 .
1104 772 1117 787 .
1150 748 1215 789 us
1242 735 1383 802 quod
1409 734 1494 788 liic

1041 813 1125 858 εει
1152 817 1281 857 vere
1305 803 1423 857 Sal-

1040 883 1191 927 ντιιοι·
1220 888 1376 927 mull-

1036 943 1128 997 45.
1174 982 1188 998 .
1234 982 1247 995 .
1294 982 1307 995 .
1342 943 1577 1009 Postlii-

1040 1052 1055 1068 .
1102 1053 1114 1065 .
1158 1050 1173 1065 .
1212 1044 1235 1065 η.
1278 1052 1291 1066 .
1336 1052 1351 1066 .
1384 1018 1526 1067 ιιῑειη
1561 1011 1631 1083 (c)

219 527 331 575 tum
362 520 416 575 in
445 520 611 576 vitam

216 600 494 647 aeternam
521 608 534 645 :

219 672 301 725 ut.
330 670 390 716 et
418 662 509 729 qui
534 662 687 727 serit,

218 731 384 787 simul
414 732 613 800 gaude-
825 759 852 779 ς
882 768 889 777 ,

216 808 311 872 at,
338 810 392 856 et
421 802 515 872 qui
542 816 653 856 me-

216 870 309 926 37.
352 870 451 926 tit.
472 871 526 926 In
556 871 659 927 ltoc
686 880 771 929 est

215 943 363 996 enim
394 944 615 999 verbum

215 1010 462 1081 veritatis
484 1029 499 1067 :
538 1012 663 1081 quia

214 1080 357 1164 alter
380 1093 466 1138 est
489 1080 582 1153 qui

211 1161 855 1217 serit,eta......

210 1220 308 1276 38.
340 1224 640 1303 _qni_n_ietit.
683 1223 779 1279 E-t

208 1305 284 1358 go
308 1295 352 1346 si
387 1295 505 1348 misi
534 1310 633 1350 vos

209 1371 424 1419 metere
451 1365 594 1434 quod

210 1446 323 1486 non
352 1449 449 1488 vos
481 1435 561 1495 la-p

206 1501 450 1575 borastis
475 1521 488 1557 :
518 1505 608 1575 alii

206 1572 613 1641 laboraverunt,

204 1651 268 1696 et
295 1657 391 1696 vos
414 1643 471 1698 in
501 1646 575 1697 la-

206 1710 344 1766 bore
372 1713 587 1769 illorum

1037 1122 1053 1135 δ
1134 1123 1147 1136 ο
1226 1122 1240 1135 ο
1323 1124 1335 1136 Ι
1415 1124 1426 1135 ο
1512 1124 1523 1137 ο
1606 1123 1619 1134 ο

1035 1150 1126 1207 44.
1171 1154 1187 1184 ⁸
1219 1152 1500 1209 Galileam.
1534 1153 1617 1222 Ip-

1038 1237 1097 1277 se
1122 1225 1263 1277 enim
1292 1224 1447 1278 Jesus

1044 1333 1056 1346 .
1104 1334 1115 1346 .
1156 1332 1173 1349 .
1207 1295 1468 1349 Stilicatus

1103 1404 1116 1417 .
1162 1403 1175 1417 .
1239 1364 1380 1432 quod
1409 1363 1537 1417 Pro-

1040 1432 1145 1488 [ειη
1178 1434 1228 1487 in
1262 1449 1411 1488 suam

1002 1524 1003 1527 η
1034 1504 1261 1568 patriam
1288 1520 1391 1558 non

1032 1573 1191 1629 liabet
1218 1575 1385 1629 llOth-

990 1668 993 1671 ‘
1033 1658 1170 1699 rem.

1031 1715 1123 1769 45.
1163 1712 1296 1771 Cum
1318 1716 1555 1771 venisset

203 1780 502 1855 introistis.
1031 1799 1178 1855 ergo.
1225 1824 1239 1838 .
1286 1825 1298 1837 .
1346 1828 1359 1841 .
1394 1787 1495 1839 ali-

202 1851 299 1905 39.
344 1854 419 1925 De
445 1854 663 1911 civitate
699 1870 795 1910 au-
1034 1851 1205 1909 leam.
1243 1894 1256 1907 .
1303 1896 1316 1908 .
1361 1896 1373 1908 .
1408 1871 1533 1925 epe-

203 1931 317 1975 tem
351 1923 445 1977 illa
472 1926 611 1981 mul-
1035 1936 1177 1979 runt.
1222 1964 1239 1980 .
1284 1964 1299 1979 .
1332 1942 1381 1979 m

200 1991 242 2042 ti
275 1993 526 2051 credide—
1034 1995 1258 2052 Galilaei
1282 1996 1402 2051 uni-
1492 2052 1501 2058 ,

197 2072 333 2141 runt
358 2063 543 2118 Sama-
1031 2081 1207 2141 ver.__.
1234 2109 1247 2130 ,
1282 2068 1409 2119 visis

197 2137 527 2201 ritanorum,
1030 2137 1278 2207 omnibus
1304 2151 1441 2207 quae

239 2210 433 2268 ropter
460 2220 582 2260 ver-
1030 2204 1157 2259 fecit
1188 2204 1376 2261 llieru-

242 2286 329 2324 um
358 2275 487 2345 muli
527 2314 539 2326 .
586 2315 599 2327 .
1026 2277 1252 2345 solymis
1279 2280 1331 2331 in
1363 2277 1443 2331 di-

195 2353 293 2395 res
326 2343 504 2396 testim
545 2383 558 2397 .
603 2383 618 2398 .
657 2373 682 2385 -
1026 2343 1392 2401 ein‘sollemui
1423 2362 1434 2398 ;

195 2410 353 2484 nium
388 2426 511 2477 pro-
1026 2428 1150 2466 nam
1178 2427 1231 2469 et
1260 2418 1357 2484 ipsi

1024 2495 1282 2538 venerant
1304 2486 1370 2538 ad

195 2478 430 2535 dentes:
460 2498 493 2552 (ι
539 2524 549 2535 .
603 2524 614 2535 .
647 2509 673 2523 -
1024 2478 1370 2538 venerantail

195 2552 347 2604 niam
375 2551 409 2604 d
448 2589 465 2605 .
503 2590 520 2606 .
564 2592 578 2606 .
628 2594 641 2608 .
1022 2550 1165 2608 dietn
1195 2554 1408 2607 festum.

195 2551 409 2604 niamd
564 2592 578 2606 .
628 2594 641 2608 .

193 2619 334 2675 milii
380 2661 394 2673 .
443 2662 459 2679 .
504 2664 517 2675 .
562 2662 575 2677 .
625 2664 638 2678 .
682 2665 694 2677 .
742 2664 753 2676 .
802 2667 813 2679 .
863 2668 875 2681 .
1023 2622 1112 2681 46.
1154 2622 1311 2676 Venit
1334 2638 1464 2692 ergo
1489 2622 1586 2684 ite-

192 2705 701 2759 quae......
1021 2692 1418 2747 ruminC...

189 2775 697 2829 quae......
1029 2764 1524 2826 ....'..aeae.

189 2832 290 2886 40.
329 2831 487 2904 cum.
534 2875 548 2889 .
592 2874 606 2888 .
654 2875 666 2887 .
713 2874 726 2888 .
773 2877 786 2890 .
834 2878 845 2889 .
1022 2830 1161 2890 ubi“
1190 2834 1314 2889 fecit
1342 2850 1534 2904 aquam

188 2915 331 2970 ergo
351 2901 418 2956 ad
446 2902 595 2958 illum
1021 2906 1225 2958 vinum.
1256 2906 1383 2960 Erat

190 2969 350 3046 .Sam.
395 3013 409 3026 .
456 3011 469 3026 .
514 3015 527 3029 .
574 3015 587 3027 .
620 2977 741 3043 ani,
1024 2976 1093 3031 ibi
1116 2976 1329 3046 quidam

191 3040 273 3113 (α)
296 3057 415 3113 rog.
456 3086 471 3099 .
518 3086 532 3099 .
567 3055 625 3100 nt
649 3047 687 3117 ’ξ’
710 3040 734 3061 ⁷
1022 3040 1334 3114 Βιιεῖιὶςειιε,

193 3150 210 3165 .
260 3149 274 3164 .
320 3151 334 3165 .
380 3154 393 3167 .
440 3154 455 3171 .
499 3156 515 3171 .
560 3158 573 3171 .
620 3157 635 3171 .
669 3132 778 3172 ma-
1018 3118 1172 3184 Cujus
1201 3118 1338 3171 lilius

391 3224 406 3240 .
486 3224 500 3239 .
577 3225 592 3240 .
674 3228 687 3240 .
769 3226 783 3242 .
863 3229 876 3243 .
1022 3187 1356 3264 intirmu_se_-

186 3257 333 3308 siti.
376 3294 391 3308 .
437 3296 451 3310 .
498 3296 513 3312 .
560 3295 575 3311 .
621 3298 633 3310 .
681 3296 694 3310 .
737 3295 752 3311 .
1023 3257 1577 3328 rat,(e)in1-Capar—

192 3362 208 3374 .
294 3362 310 3379 .
390 3365 403 3378 .
485 3368 498 3381 .
578 3363 596 3381 .
675 3366 689 3381 .
770 3368 782 3381 .
862 3366 878 3382 .
1020 3326 1113 3379 47.
1157 3343 1337 3381 naum.
1372 3329 1467 3381 llic
1498 3328 1517 3358 ³
1546 3345 1664 3383 cum

184 3392 283 3448 4|.
330 3434 342 3447 .
388 3436 401 3449 .
442 3436 459 3453 .
504 3437 519 3453 .
554 3396 801 3453 credide—
1022 3411 1073 3466 a.
1120 3398 1499 3466 .dissetqund

185 3474 319 3534 runt
345 3479 440 3534 per
464 3482 587 3523 νει·-
1018 3465 1178 3520 Jesus
1206 3481 1235 3533 v
1262 3506 1273 3517 .
1314 3505 1329 3519 .
1358 3468 1439 3519 nit
1458 3468 1523 3520 de

183 3532 479 3606 bumejus.
544 3538 547 3541 λ
1017 3535 1105 3606 Ju.
1150 3573 1163 3586 .
1208 3532 1233 3588 .
1268 3576 1280 3587 .
1328 3537 1424 3606 ..in
1455 3536 1559 3591 Ga-

182 3603 279 3657 42.
325 3603 532 3661 Mulieri
554 3616 736 3661 autem
1017 3605 1095 3659 lil.
1143 3646 1155 3657 .
1202 3641 1216 3656 .
1264 3605 1449 3659 .venit

182 3672 439 3752 dicebant
468 3690 481 3729 :
511 3675 656 3741 Quo-
748 3743 763 3755 r
1016 3675 1082 3727 ad
1108 3674 1283 3741 illum,
1316 3684 1369 3755 et

184 3757 333 3815 niam
364 3760 469 3797 non
748 3754 751 3755 '
1015 3760 1162 3813 roga.
1209 3784 1222 3798 .
1255 3755 1274 3799 t
1303 3754 1361 3798 ut

226 3822 411 3880 ropter
440 3824 585 3868 tuam
1012 3815 1364 3870 descenderet
1384 3858 1399 3880 ,

205 3883 457 3953 oquelam
1012 3895 1067 3941 et
1093 3898 1310 3941 sanaret

1805 3344 1809 3351 '
1872 3325 2123 3379 biduum.
2141 3323 2207 3376 Et

1812 3752 1815 3753 ⁷
1872 3745 1916 3798 ri
1944 3761 1958 3795 :
1987 3742 2103 3797 Jam
2136 3756 2240 3795 non

2314 432 2539 490 CODEX
2581 433 3025 492 VERONENSIS.

2709 527 2982 583 credimus
3006 528 3054 582 ei
3088 544 3103 580 :

2710 598 2806 667 ipsi
2830 598 2971 652 enim
3002 613 3098 653 au-

2708 668 2959 732 divimus,
2991 677 3046 724 et

2706 739 2906 793 scimus
2932 739 3055 807 quia

2711 807 2805 862 liic’
2821 818 2903 862 est
2936 823 3060 864 vere

2713 879 2965 934 Salvator

2712 948 2914 1003 mundi.

2710 1019 2800 1074 45.
2842 1019 2968 1073 Post
2994 1016 3211 1071 biduum

2711 1100 2887 1143 autem
2912 1086 2985 1157 (c)
3016 1086 3183 1156 prole-

2710 1170 2827 1212 ctus
2856 1171 2933 1213 est
2962 1157 3002 1227 οἰ·
3031 1158 3151 1211 inde

2713 1230 2765 1283 in
2791 1228 3070 1284 Galileam.

2708 1300 2798 1354 44.
2844 1299 2961 1364 ipse
2990 1300 3132 1352 enim
3159 1296 3314 1352 Jesus

2711 1379 2933 1423 testatus
2956 1378 3039 1423 εει

2706 1440 2957 1508 quoniam
2983 1437 3220 1507 Prophe-

2706 1518 2755 1561 ta
2787 1510 2837 1563 iu
2860 1509 3025 1577 patria

2703 1592 2799 1632 Sua
2828 1579 3063 1646 dignita-

2708 1659 2811 1701 tem
2837 1663 2941 1703 non
2971 1647 3150 1701 liabet.

2702 1717 2793 1773 45.
2837 1720 2966 1772 Cum
2987 1716 3222 1772 venisset

2703 1798 2880 1842 autem
2905 1789 2956 1841 in
2980 1786 3084 1843 Ga-

2704 1858 2935 1920 lilaeam.
2961 1871 3119 1912 exce-

2708 1939 2901 1995 perunt
2929 1944 3051 1983 eum
3074 1928 3182 1983 Ga-

2708 2000 2845 2053 lilaei
2863 2040 2878 2063 ,
2908 1998 3149 2054 videntes

2704 2071 2881 2124 omnia
2904 2084 3040 2137 quae

2703 2139 2828 2193 fecit
2857 2140 2908 2193 in
2935 2138 3122 2192 Hiero-

2702 2210 2926 2280 solymis
2948 2209 2999 2261 in
3022 2208 3164 2280 diem

2701 2278 2895 2334 festum
2926 2296 2939 2331 :
2969 2289 3023 2333 et
3049 2278 3152 2347 ipsi

2701 2351 2843 2403 enim
2875 2349 3107 2403 advene-

2701 2429 2824 2473 rant
2848 2420 2900 2474 in
2930 2418 3073 2473 diem

2702 2490 2917 2543 festum.

2698 2559 2787 2612 40'.
2832 2558 2990 2612 Venit
3018 2573 3145 2626 ergo

2700 2628 2890 2681 iterum
2922 2630 2971 2680 in
3004 2627 3109 2681 Ca-

2698 2713 2762 2751 na
2791 2697 3059 2751 Galilaeae
3076 2738 3093 2763 ,

2694 2767 2783 2821 ubi
2809 2768 2929 2822 fecit
2951 2766 3017 2821 de

2692 2851 2833 2905 aqua
2861 2837 3064 2891 vinum.

2698 2907 2827 2962 Erat
2846 2908 3137 2979 (d)_autem
3164 2910 3205 2979 1-

2696 2979 2909 3047 qnidain
2942 2977 3116 3047 Regu-

2697 3047 2778 3100 lus
2796 3091 2809 3112 ,
2837 3047 2993 3113 cujus
3018 3046 3162 3100 ﬁlius

1894 522 2119 577 fructum
2151 524 2201 577 in

1890 595 2050 647 vitam
2073 603 2345 649 aeternam
2380 612 2393 650 :

1892 673 1981 728 ut,
2011 675 2061 719 et
2091 665 2181 732 qui
2202 678 2291 719 se-

1890 734 2059 787 minat
2096 734 2256 788 simul

1892 802 2152 873 gaudeat,
2182 813 2235 859 et

1891 875 1980 941 qui
2011 874 2178 929 metit.

1892 944 1980 997 37.
2023 944 2078 997 In
2109 946 2209 999 hoc
2232 944 2373 999 enim

1892 1025 1973 1068 εει
1998 1013 2216 1068 verbum
2472 1028 2477 1029 '

1890 1100 2075 1138 verum
2109 1101 2121 1137 :
2155 1099 2287 1153 quo-

1892 1155 2031 1208 niam
2057 1156 2194 1208 alius
2220 1164 2304 1210 est

1888 1226 1977 1292 qui
2006 1228 2262 1291 seminat,

1892 1302 1947 1347 et
1971 1296 2107 1373 alius
2137 1296 2227 1373 qui

1889 1367 2062 1418 metit.

1889 1433 1977 1487 58.
2020 1434 2129 1503 Ego
2152 1435 2270 1489 misi
2296 1449 2389 1489 vos

1889 1514 2092 1558 metere
2115 1505 2256 1573 quod

1888 1589 1981 1628 vos
2004 1589 2105 1627 non
2136 1578 2213 1627 la-

1888 1643 2117 1697 borastis
2144 1662 2157 1697 :
2190 1653 2245 1699 ct

1888 1729 1981 1767 vos
2008 1713 2060 1767 in
2093 1713 2241 1767 labo-

1883 1799 1994 1837 rem
2017 1799 2205 1838 eorum

1886 1856 2147 1907 intrastis.

1883 1924 1970 1978 59.
2017 1926 2092 1977 Ex
2129 1926 2345 1981 civitate

1882 2008 2060 2048 autem
2092 1995 2181 2048 illa

1883 2066 2033 2117 multi
2065 2065 2304 2121 credide-

1884 2146 2009 2187 runt
2040 2136 2091 2187 in
2122 2151 2242 2189 eum

1886 2204 2256 2257 Samaritano-

1883 2290 2022 2337 rum,
2048 2285 2265 2342 propter

1884 2346 2104 2398 verbum
2140 2362 2253 2399 mu-

1882 2415 2033 2468 lieris
2058 2418 2210 2469 testi-

1881 2487 2120 2538 monium

1882 2554 2217 2622 perhibentis
2248 2572 2260 2605 :

1880 2626 2129 2691 quoniam
2162 2624 2293 2677 dixit

1875 2708 1922 2747 et
1956 2707 2131 2745 omnia
2153 2733 2165 2755 ,

1874 2778 2021 2831 quae
2036 2760 2187 2831 fecit.

1873 2830 1961 2887 40.
2006 2830 2071 2884 Ut
2098 2846 2225 2900 ergo
2250 2847 2341 2886 ve-

1875 2910 2071 2955 nerunt
2101 2904 2165 2954 ad
2193 2916 2316 2956 eum

1874 2972 2197 3028 Samaritani
2218 3014 2234 3039 ,

1878 3041 1951 3115 (ιι)
1977 3042 2236 3111 rogabant
2255 3043 2295 3114 1-

1875 3130 1997 3170 eum
2031 3123 2089 3165 ut
2110 3122 2239 3181 aput
2693 3116 3066 3171 iulirmabatur

1874 3198 1968 3240 eos
1993 3192 2247 3236 maneret.
2690 3186 2767 3310 se)
2798 3190 2847 3241 in
2878 3187 2917 3258 σξ-
2937 3184 3122 3241 Carm-

1874 3254 1963 3309 4|.
2007 3251 2072 3305 Et
2098 3255 2293 3309 mansit
2318 3254 2386 3309 ibi
2730 3258 2782 3309 7.
2826 3272 3005 3310 naum.
3040 3255 3122 3309 llit

1874 3254 1963 3309 4|.
2007 3251 2072 3305 Et
2098 3255 2293 3309 mansit
2318 3254 2386 3309 ibi
2690 3251 2782 3310 47.
2826 3251 3005 3310 na'um.
3040 3255 3135 3309 llic

2691 3341 2812 3379 cum
2842 3326 3082 3379 audisset

2692 3396 2833 3464 quod
2860 3395 3018 3451 Jesus

2694 3468 2839 3521 venit
2859 3482 2922 3521 ex
2948 3465 3040 3519 Ju-

2693 3535 2825 3590 daea
2856 3538 2909 3590 in
2937 3535 3041 3591 Gao

2693 3606 2925 3670 lilaeam,
2961 3620 3052 3659 vc-

2695 3676 2769 3729 nit
2796 3678 2861 3729 ad
2886 3676 3033 3728 illum
3059 3714 3073 3737 ,

2694 3756 2747 3800 et
2772 3746 2996 3815 rogabat
3021 3757 3142 3797 eum

2695 3825 2751 3869 ut
2776 3813 3112 3869 discenderet
3131 3850 3146 3874 ,

2694 3896 2748 3939 et
2775 3881 2989 3939 sanaret

1871 3395 2039 3448 multo
2071 3392 2251 3461 plures

1871 3462 2215 3517 crediderunt

1871 3541 2091 3601 prouter
2117 3531 2337 3601 verbum

1868 3600 1960 3656 42.
2004 3601 2140 3670 ejus.
2170 3602 2231 3653 l'll
2258 3600 2340 3655 di-

1869 3675 2062 3730 cebaut
2083 3673 2269 3725 mulie-

1872 3825 2092 3883 pr0pter
2119 3820 2268 3865 tuum

1872 3882 1946 3955 (ὑ)
1980 3884 2347 3938 testiinonium
2370 3882 2411 3953 ιι-

1493 3998 1721 4055 ΟΟΒΕΧ
1761 3996 2147 4055 BRIXIANUS.

179 4113 417 4170 fructum
451 4116 505 4170 in
536 4116 697 4171 vitam
725 4127 1024 4171 aeternam.
1057 4124 1187 4170 utet
1216 4116 1307 4185 qui
1348 4114 1576 4169 seminat
1597 4112 1765 4185 _sim_ul

177 4186 413 4255 gaudeat
430 4189 585 4256 etqui
602 4196 787 4241 metet.
804 4188 857 4240 In
887 4190 986 4240 hoc
1008 4188 1149 4239 enim
1164 4181 1478 4256 estverbum
1500 4181 1761 4256 veritatis.

177 4252 305 4326 quia
347 4258 487 4311 alius
517 4252 613 4312 Vest
640 4258 727 4322 qui
750 4258 1003 4310 seminat.
1052 4264 1105 4306 et
1144 4254 1279 4304 alius
1310 4262 1395 4326 est
1430 4252 1516 4316 qui
1573 4257 1759 4326 metet.

180 4319 295 4392 Ego
348 4329 469 4379 misi
492 4340 589 4380 vos
632 4319 834 4377 metere
866 4327 912 4373 in
944 4338 1048 4388 quo
1080 4335 1172 4371 vos
1198 4335 1301 4371 non
1334 4319 1635 4392 laborastis}
1672 4319 1760 4392 alii

177 4386 589 4453 laboraverunt.
617 4404 670 4447 et
714 4408 807 4445 vos
834 4393 883 4445 in
928 4386 1139 4443 labores
1170 4404 1359 4443 eorum
1391 4386 1652 4439 ἰιιιτοίμιίς
1687 4387 1759 4439 [ἐχ

174 4470 399 4521 civitate
434 4473 613 4519 autem
650 4463 737 4517 illa
761 4462 907 4514 multi
942 4460 1287 4513 crediderunt
1326 4460 1377 4512 in
1425 4473 1547 4510 eum
1576 4458 1762 4511 Sama-

178 4540 503 4590 ritanorum.
552 4538 770 4601 propter
814 4531 1032 4585 verbum
1074 4531 1336 4583 mulieris.
1390 4528 1757 4601 testiinonium

178 4598 681 4675 perhibentis.quia
714 4600 1022 4675 dixit-milii.
1051 4602 1229 4675 omnia
1254 4613 1607 4675 quaer-numne
1637 4598 1757 4651 fecit.

175 4671 309 4727 Cnin
346 4675 619 4743 venissent
645 4686 775 4743 ergo
802 4671 865 4723 ad
900 4685 1022 4723 eum
1061 4671 1403 4743 Sainaritaui.
1425 4678 1761 4743 rogaverunt

176 4757 323 4799 eum.
374 4749 430 4793 ut
462 4742 531 4794 ibi
564 4741 806 4809 maneret
838 4754 965 4809 aput
1004 4756 1119 4793 eos.
1158 4741 1221 4794 lit
1264 4741 1461 4793 mansit
1508 4742 1575 4793 ibi
1623 4741 1757 4792 duos

176 4813 313 4867 dies.
352 4811 417 4865 Et
448 4807 618 4863 multo
664 4811 844 4879 plures
874 4807 1222 4865 crediderunt
1263 4812 1313 4864 in
1360 4827 1501 4865 eum.
1538 4820 1755 4878 propter

174 4896 482 4945 sermonem
517 4880 654 4949 ejus.
690 4881 757 4934 Et
785 4881 991 4934 mulieri
1021 4881 1289 4935 dicebant.
1318 4880 1434 4935 Jam
1477 4897 1581 4934 non
1626 4896 1752 4947 prn-

177 4962 297 5023 pter
328 4962 473 5005 tuam
508 4950 796 5020 loquellam
827 4950 1115 5007 credimus.
1152 4951 1251 5021 ipsi
1279 4952 1421 5006 enim
1451 4951 1753 5004 audivimus

1869 4113 2155 4164 etscimus.
2182 4112 2304 4176 quia
2334 4110 2418 4162 bic
2447 4117 2527 4161 est
2548 4124 2675 4163 vere
2695 4106 2937 4161 Salvator
2964 4104 3144 4159 mundi
3169 4102 3438 4176 Christus.

1871 4181 1993 4229 l'ust
2021 4182 2155 4230 duos
2187 4172 2363 4230 autem
2392 4178 2505 4230 dies
2540 4176 2610 4246 (c)
2641 4176 2908 4245 profectus
2934 4187 3013 4228 est
3044 4176 3082 4244 οξ·
3114 4176 3237 4228 inde
3260 4176 3311 4227 in
3338 4172 3445 4230 Ga-

1870 4247 2097 4298 Ιίιςηιιιιιι.
2120 4246 2233 4311 Ipse
2262 4248 2403 4299 enim
2430 4246 2583 4299 Jesus
2617 4247 2974 4300 testiinonium
3000 4246 3291 4315 perhibuit.
3319 4246 3440 4313 quia

1872 4316 2135 4382 l'roplieta
2170 4315 2219 4366 in
2262 4330 2355 4367 sua
2404 4316 2569 4383 patria
2624 4317 2880 4370 honorem
2930 4332 3033 4370 non
3086 4316 3263 4370 liabet.
3310 4319 3439 4369 (lum

1867 4400 1996 4454 ergo
2019 4386 2253 4438 venisset
2276 4385 2328 4438 in
2357 4385 2668 4440 Galilaeam.
2697 4399 3025 4451 exceperunt
3047 4402 3167 4442 eum
3193 4386 3435 4454 Galilaei.

1868 4452 2113 4527 videntes
2144 4460 2321 4510 omnia
2353 4472 2490 4527 quae
2521 4460 2718 4511 iecerat
2753 4460 2803 4515 in
2832 4457 3239 4527 llicrOsolyiiiis.
3271 4456 3321 4527 in
3351 4452 3435 4527 die

1870 4526 2031 4581 festo.
2067 4536 2120 4579 et
2162 4521 2448 4596 ipsimnitn
2482 4539 2742 4582 venerant
2782 4530 2831 4580 in
2861 4530 2998 4582 diem
3031 4521 3259 4596 τειὲιιςιῃι.Δ
3281 4521 3437 4573 Venit

1867 4613 1995 4667 ergo
2028 4591 2219 4652 iterum
2263 4597 2419 4652 Jrsus
2465 4600 2517 4651 in
2564 4599 2740 4651 Cliana
2791 4591 3437 4667 Galileae._ubinfccerat

1865 4659 2057 4732 attinuit
2090 4672 2290 4720 vinum.
2326 4668 2447 4720 Erat
2476 4669 2557 4735 (ά)
2590 4675 2765 4719 autem
2793 4665 2834 4734 -ι-
2867 4665 2936 4735 ilbi
2959 4663 3172 4735 quidam
3203 4659 3437 4735 Regulus

1864 4725 2017 4806 cujus
2060 4738 2198 4791 lilins
2245 4725 2611 4806 inlirmabat'ur
2660 4725 2829 4806 (e)_ii'_i
2862 4725 3301 4806 {ﬁliaiam-ruunt.
3336 4728 3433 4784 Hic

1861 4799 1981 4861 cuin
2015 4811 2254 4860 audisset
2302 4810 2421 4872 quia
2464 4805 2620 4859 Jcsus
2662 4799 2893 4856 alidea
2926 4802 2976 4853 in
3005 4799 3294 4872 Galilaeam
3336 4815 3432 4853 ve-

1861 4882 2048 4931 nisset.
2073 4877 2203 4931 abiit
2228 4875 2295 4929 ad
2318 4869 2461 4929 eum.
2491 4883 2545 4928 et
2571 4874 2951 4942 rogabateum.
2979 4881 3035 4925 ut
3055 4869 3426 4926 descenderet.

1857 4956 1914 5001 et
1952 4954 2165 5000 sanaret

1441 5060 1671 5118 CODEX
1707 5056 2169 5117 CORBEIENSIS.

241 5156 332 5214 42.
367 5156 461 5211 llic
483 5164 568 5213 est
593 5136 839 5213 Salvator
863 5157 1085 5226 mundi,
1113 5159 1336 5226 omisso,
1369 5172 1515 5213 vere.

1917 5150 2008 5206 45.
2042 5148 2266 5205 Galilaei
2288 5148 2545 5219 universi.

1407 5269 1801 5329 VARIANTES
1836 5262 2231 5325 LECTIONES.

234 5368 252 5400 ι
288 5364 394 5415 Gal.
420 5368 465 5413 et
487 5364 606 5429 l_!_m.
635 5370 687 5429 e_t
708 5363 845 5429 venit
864 5365 929 5413 in.
960 5364 1087 5429 Vulg

233 5431 253 5461 ’
286 5429 391 5478 Gal.
421 5431 468 5476 et
498 5426 613 5474 Mm.
649 5423 767 5473 fecit
795 5424 858 5474 de
890 5437 1017 5489 aqua
1040 5423 1223 5477 viuum.
1263 5430 1405 5493 Vulg.
1434 5428 1552 5479 fecit
1574 5439 1747 5490 aquam

173 5494 351 5541 vinum.
1126 5526 1129 5527 ν

1090 5372 1160 5418 .et
1185 5368 1306 5425 abiit
1326 5370 1391 5417 in.

1914 5361 1935 5428 ξ
1969 5360 2075 5428 G_at.
2102 5371 2212 5407 cum
2233 5355 2449 5409 audisset
2483 5360 2595 5424 quia
2620 5360 2872 5415 Dominus.
2904 5360 3046 5428 Vulg.
3073 5375 3180 5412 cum
3211 5361 3425 5411 audisset

1850 5423 1965 5485 quia
1988 5420 2148 5471 Jesus.

1484 5576 1845 5634 BLANClllNl
1882 5572 2108 5633 ΝΟΤᾸΞ.

237 5666 311 5737 (α)
340 5665 499 5747 ιωηει
530 5674 642 5747 tex.
671 5663 773 5747 (ξιξἱ
1060 5693 1128 5747 -ς
1157 5667 1231 5747 (ιτ)
1259 5669 1331 5723 lta
1362 5669 1557 5747 etcod.
1583 5668 1942 5747 ρεπιιιηιέαρςτν

1947 5670 2150 5740 piav.-—
2174 5664 2246 5736 (c)
2275 5666 2411 5740 Apte
2432 5670 2696 5740 profectus
2720 5676 2814 5732 ut,
2843 5665 2993 5723 deest
3022 5666 3172 5732 exiit,
3198 5662 3248 5719 in
3296 5665 3417 5721 cod.

176 5733 381 5813 quoque
408 5733 565 5791 Cant.
602 5764 667 5779 ——
696 5733 778 5807 (ά)
810 5733 883 5792 l'ta
931 5746 983 5792 ct
1028 5733 1343 5795 codXCuut.
1388 5740 1461 5795 δέ.
1484 5768 1554 5782 -
1575 5738 1647 5809 (c)
1679 5733 2127 5805 Addit'in,'etiain
2161 5733 2268 5791 ter.
2299 5736 2391 5793 Gr.
2421 5733 2488 5791 iii.
