1949 3203
570 166 790 205 EVANGELIUM
804 151 991 205 secuuouu
1009 176 1201 206 JOHANNEM.

273 234 388 263 CODEX
408 233 674 262 VERCELLENSIS.

78 351 122 379 28.
147 351 219 392 venit
236 351 302 391 hora
310 372 317 384 ,

78 394 130 421 qua
144 393 243 418 omnis,
259 394 304 420 qnt

80 422 105 449 itt
124 428 281 449 monumen-

79 457 113 484 tis
127 461 199 488 sunt.
215 456 290 483 audi-

78 496 124 518 ent
139 492 148 508 ¹
165 499 258 518 vocem

77 526 123 554 29.
147 526 184 560 (α)
198 525 258 561 ejus
269 525 306 560 1-:
322 529 349 554 et
362 532 454 560 proce-

79 561 143 589 dent
156 562 167 577 '
182 562 226 595 qui
243 561 290 588 bo-
416 571 419 573 -

78 604 111 623 na
126 596 257 626 fecerunt.

78 632 105 658 in
124 638 261 658 resurrec-

80 666 180 694 tionem
193 667 246 693 vita
268 686 274 692 .
298 685 304 691 .

79 702 124 736 qni
136 701 205 741 male
217 708 233 728 e
309 716 321 720 -

79 740 224 768 runt.inr
244 755 250 762 .
274 756 281 762 .
305 755 311 761 .
336 749 347 755 -

78 772 296 799 recti.....

76 806 161 840 jndici
183 825 190 832 .
216 825 222 831 .

77 840 402 869 50.No.......

78 1032 87 1040 θ
125 1034 133 1041 ι
175 1034 182 1041 ι
223 1034 230 1041 ι
270 1033 277 1040 ι
316 1030 324 1037 ι
363 1032 370 1038 -
410 1032 417 1038 ν

77 1102 86 1110 ο
125 1103 133 1110 ι
174 1104 181 1111 ι
221 1104 228 1111 ι
268 1103 275 1110 ι
315 1102 322 1109 ι
363 1101 415 1119 o'.

76 1229 175 1253 meam,
190 1221 237 1249 sed
251 1221 318 1256 ejus,
330 1232 332 1235 ⁴

75 1258 120 1289 qui
135 1265 179 1284 me
195 1256 275 1284 misit.

75 1292 121 1319 51.
142 1291 171 1319 Si
186 1299 236 1326 ego
251 1290 370 1319 testimo-

76 1327 158 1362 nitth
171 1326 261 1362 perhi-

75 1362 128 1389 bco
143 1361 177 1389 de
191 1369 248 1395 me,
264 1366 315 1389 tes-

76 1397 220 1424 titnnnium

76 1439 167 1458 meum
184 1439 237 1459 non

77 1471 120 1493 CSI.
137 1474 241 1494 verum.

75 1502 122 1529 3%.
147 1502 222 1529 Alter
235 1505 292 1534 est,
305 1501 350 1536 qui

77 1537 264 1564 testimonium

77 1571 203 1606 pet'ltibe‘l
214 1571 248 1598 de

78 1605 85 1633 ζ
108 1626 115 1632 .
141 1614 177 1634 e:
191 1612 218 1635 et
231 1605 305 1634 scitis

490 370 497 377 υ
537 367 546 376 ί
585 370 593 377 ο
632 369 639 375 .
679 366 686 374 ι
726 367 732 374 ο
773 367 779 373 .
819 365 827 373 ο

492 442 498 448 .
537 439 545 445 .
584 438 592 445 ι
633 439 639 446 ι
679 438 685 444 ι
726 438 732 444 ι
772 436 780 443 ι
820 436 827 443 ο

490 454 534 483 54.
555 454 566 470 ³
585 453 725 481 timoniuut

489 490 590 524 accipio
606 498 613 516 :
628 488 675 515 sed

489 525 554 551 haec
569 524 628 551 dico
639 528 669 550 ut

489 567 535 586 vos
547 559 611 586 salvi
623 559 691 584 sitis.

488 595 531 622 55.
552 594 598 621 Ille
609 598 666 621 erat
678 592 721 619 lu-

488 637 566 657 cerna
582 630 682 660 lucens,

489 671 515 692 et
531 664 639 690 inlumi-

489 707 566 726 nans.
580 698 633 724 Vos
643 704 690 724 nu-

438 732 443 737 “
491 739 542 761 tem
555 733 653 760 voluis-

490 770 522 795 tis
534 768 566 795 ad
578 769 670 794 horam

489 804 609 830 exultare
619 803 645 829 in

489 838 534 865 56.
554 838 614 865 luce
626 836 695 870 ejus.
711 835 767 871 Ego

489 878 577 899 autem
591 871 675 898 habeo

489 907 670 935 testimonium

489 943 573 977 majus
583 948 661 977 quam

488 974 633 1004 Iohannes.
648 974 683 1002 0-

488 1019 549 1046 pera
565 1012 647 1042 enim,

488 1054 555 1080 quae
572 1046 645 1072 dedit

488 1081 552 1108 mihi
563 1081 642 1108 Pater

488 1121 517 1143 ut
529 1117 572 1142 illa
589 1114 693 1150 perlici-

488 1158 542 1183 am,
554 1152 610 1184 ipsa
622 1156 688 1184 ope-

488 1193 517 1212 ra
529 1185 648 1212 testium-

489 1221 560 1246 nium
573 1220 675 1250 dicunt,

489 1255 612 1288 quoniam
624 1254 676 1280 Pa-

489 1294 529 1315 ter
542 1296 583 1315 mc
597 1289 687 1314 misit:

489 1324 538 1351 57;
552 1327 580 1351 et
592 1323 653 1357 quia
668 1328 712 1349 me

490 1359 559 1385 misit
575 1358 663 1390 Pater,

490 1394 534 1421 ille
549 1393 582 1420 de
598 1401 638 1420 tne
653 1397 707 1419 tes-

492 1429 630 1455 timonium

491 1464 554 1491 dicit
567 1472 573 1490 :
587 1469 673 1497 neque

491 1506 581 1526 vocem
595 1505 653 1532 ejus

492 1541 614 1568 umquam
629 1539 675 1559 au-

490 1568 577 1608 distis,
593 1575 679 1608 neque

491 1604 606 1643 speciem
618 1604 676 1643 ejus

490 1639 534 1666 58.
554 1638 665 1671 vidistis,
681 1641 708 1664 el
719 1643 778 1664 ver-

492 1674 553 1700 bum
570 1674 640 1699 illius

492 1716 543 1734 non
559 1707 662 1735 habetis

492 1750 586 1769 maneu
592 1750 643 1769 tem

1648 178 1700 208 386

1130 233 1245 262 CODEX
1263 233 1487 262 VERONENSIS.

913 279 958 307 28.
978 283 1027 306 est.
1045 279 1132 308 Nolite

914 315 1005 342 mirari
1021 315 1094 346 haec.

913 351 1038 383 quoniam
1053 350 1142 377 veniet

914 384 990 417 hora,
1005 385 1030 411 in
1042 392 1093 418 qua

914 426 1016 446 omnes.
1030 419 1074 453 qui

913 453 940 481 in
956 454 1133 480 monumentis

914 493 987 521 sunt,
1002 488 1110 515 audient

913 531 1005 551 vocem
1020 524 1057 559 (Il)
1072 524 1131 558 ejus
1143 522 1162 557 'j'
1178 529 1184 547 :

914 563 941 585 et
955 564 1095 593 resurgent

913 592 958 621 29.
979 594 1023 628 qni
1033 591 1106 633 bona
1120 591 1160 620 fe-

914 634 1018 659 ceruut,
1034 636 1059 654 In

914 663 1138 690 resurrectionem

914 698 984 725 vitae
999 706 1005 723 :
1150 707 1153 710 ί

915 733 958 767 qui
970 736 1058 758 autem

914 768 1004 802 iniqua
1016 768 1169 802 gesserunt,

915 802 941 828 in
954 800 1128 828 resurrectio-

915 844 976 863 nem
990 835 1092 868 jndicii.

915 871 959 899 50.
979 870 1036 897 Νοιι
1048 870 1119 897 enim

860 922 862 926 ι
916 913 1022 941 pttSSUIll
1037 911 1086 940 ego

916 949 930 968 a
944 948 986 968 me
997 941 1055 976 ipso

915 974 1089 1003 fucere‘ouic-

915 1018 1005 1045 quam.
1020 1011 1095 1045 Sient

916 1044 987 1072 enim
998 1044 1089 1076 audio,

915 1080 950 1107 ita
964 1084 992 1107 et
1007 1079 1112 1112 iudico:

915 1120 941 1142 et
952 1114 1080 1149 judicium

915 1150 1003 1176 meum
1017 1150 1117 1182 justum

916 1189 957 1212 est
970 1193 976 1211 :
989 1185 1049 1219 quia
1062 1191 1114 1210 non

916 1227 1015 1254 quaero
1025 1219 1119 1245 volun-

916 1259 996 1281 tatetn
1012 1260 1108 1284 nteant.

914 1289 961 1322 sed
976 1290 1140 1315 voluntatem

915 1324 982 1357 ejus,
998 1324 1042 1356 qui
1059 1329 1102 1349 nte

915 1355 988 1385 misit
1002 1358 1040 1392 (b)
1055 1356 1142 1392 Patris
1156 1355 1186 1391 ἦ.

914 1393 959 1420 5t.
979 1391 1011 1419 Si
1018 1400 1067 1426 ego
1076 1391 1152 1418 testi-

916 1429 1035 1454 monium
1048 1426 1137 1461 perhi-

914 1463 967 1491 1)ρο
978 1462 1015 1495 ,(1ιξ
1029 1469 1082 1493 tlte,

916 1497 1097 1525 testimonium

916 1540 1006 1560 meum
1017 1540 1070 1559 non

917 1574 958 1595 εει
970 1575 1074 1595 verum.

917 1603 962 1630 δῇ.
980 1602 1055 1629 Alius
1070 1606 1108 1629 est
1116 1622 1122 1633 ,

938 1638 963 1664 ui
978 1637 1137 1664 testiﬁcatur

937 1680 951 1698 θ
966 1680 1010 1699 me
1025 1681 1031 1698 :
1048 1677 1075 1699 et
1089 1672 1145 1698 scio

917 1706 980 1742 quia
991 1715 1081 1734 verum
1093 1710 1134 1732 est

918 1741 1100 1768 testimonium
1116 1741 1154 1774 (c)

1323 280 1472 307 Johannem
1488 288 1495 306 :
1507 284 1534 307 et
1550 285 1591 308 te-

1324 315 1479 342 stimonium
1493 315 1584 348 perhi-

1324 349 1381 377 buit
1395 349 1511 377 veritati.

1325 385 1369 412 34.
1390 384 1446 419 Ego
1460 389 1550 413 autem
1564 391 1617 413 non

1325 420 1360 447 ab
1372 420 1480 447 homine
1495 425 1534 448 te~

1326 454 1479 482 stimonium
1494 462 1539 482 ac-

1326 489 1411 523 cipio:
1426 490 1472 517 sed

1327 523 1393 551 haec
1405 524 1464 551 ideo
1474 524 1516 551 dio

1327 565 1360 586 co
1372 564 1400 586 ut
1412 566 1459 586 vas
1472 559 1536 586 salvi

1300 606 1302 608 -
1327 593 1371 620 35.
1392 594 1461 621 sitis.
1481 594 1527 621 llle
1547 597 1604 621 erat
1626 593 1666 621 lu-

1327 636 1407 656 cerna
1420 629 1529 661 ardens,

1328 668 1354 690 et
1366 664 1467 691 lucens.
1481 663 1534 690 Vos

1327 705 1393 726 vero
1406 698 1528 725 voluistis

1329 733 1450 760 exultare
1465 733 1497 759 ad

1329 767 1421 794 horam
1433 768 1459 794 in
1475 768 1513 795 lu-

1328 804 1400 830 mine
1414 802 1483 837 ejus.

1329 837 1373 864 36.
1387 837 1442 871 Ego
1454 841 1541 864 autem

1328 870 1419 899 habeo
1431 871 1546 899 testimo-

1328 906 1401 942 nium
1417 907 1502 942 majus
1511 906 1552 934 ,Ιο-

1330 941 1448 969 hannen.

1328 976 1414 1011 Opera
1427 977 1512 1008 enim,

1328 1018 1397 1044 quae
1410 1011 1484 1038 dedit
1498 1011 1563 1038 mihi

1328 1046 1408 1073 Pater
1419 1050 1448 1073 ut
1462 1054 1518 1081 per-

1329 1081 1415 1108 ﬁciam
1431 1087 1473 1114 ea,
1490 1082 1546 1116 ipsa

1328 1123 1409 1150 opera
1421 1123 1490 1149 quae

1331 1150 1369 1186 (Δ)
1385 1150 1463 1181 l‘acio.
1478 1150 1497 1185 -ι-
1510 1150 1581 1178 testi-

1329 1185 1447 1212 inonium
1463 1185 1552 1220 perhi-

1328 1220 1391 1247 bent
1402 1220 1436 1248 de
1449 1228 1502 1254 me,

1328 1255 1373 1282 37.
1393 1255 1519 1295 quoniam
1531 1255 1609 1284 Pater

1327 1297 1370 1316 me
1381 1295 1453 1316 mISll
1466 1298 1472 1315 ;
1485 1296 1512 1316 et

1346 1325 1372 1350 ui
1385 1331 1428 1351 me
1443 1324 1516 1351 misit

1349 1363 1416 1389 ater.
1431 1358 1488 1393 ipse

1330 1394 1512 1421 testimonium

1330 1427 1453 1464 perhibet
1467 1429 1501 1456 de

1330 1471 1395 1491 mc:

1329 1505 1415 1533 neque
1430 1506 1522 1526 vocem

1328 1533 1386 1569 ejus
1400 1540 1525 1569 umquam

1328 1568 1451 1601 audistis,
1466 1575 1514 1596 ne-

1329 1611 1382 1644 que
1393 1604 1504 1644 llguram

1329 1637 1445 1671 vidistis,

1330 1673 1376 1700 38.
1395 1678 1422 1700 et
1432 1672 1542 1700 verbum
1553 1671 1611 1707 ejus

1330 1716 1385 1735 non
1397 1707 1503 1735 habetis

1332 1743 1359 1770 in
1373 1743 1447 1770 vobis
1456 1750 1512 1770 ma-

492 1778 517 1804 in
532 1778 628 1817 vobis_:
637 1776 701 1817 quia

81 1833 89 1841 .
130 1835 136 1841 .
178 1834 186 1842 .
224 1834 232 1841 .
273 1834 279 1840 .
319 1833 325 1841 .
365 1832 372 1839 .
412 1832 418 1838 .
492 1819 570 1842 quem
585 1816 657 1838 misn

81 1833 89 1841 .
130 1835 136 1841 .
178 1834 186 1842 .
224 1834 232 1841 .
273 1834 279 1840 .
319 1833 325 1841 .
365 1832 372 1839 .
412 1832 418 1838 .
510 1820 570 1839 uetn
585 1820 657 1838 ιιιιειι

79 1868 88 1877 .
129 1868 138 1876 .
178 1869 186 1876 .
224 1867 232 1875 .
272 1868 278 1875 .
319 1868 326 1876 .
365 1868 373 1874 .
413 1867 419 1873 .
491 1820 680 1880 iile,huicvos

79 1790 419 1807 .‘.u.....

918 1777 977 1810 ejus
987 1777 1016 1810 ές,
1031 1775 1102 1810 quod

919 1812 1075 1838 testiﬁcatur
1091 1810 1124 1838 de
1138 1817 1191 1838 mc.

918 1846 962 1874 33.
983 1845 1037 1873 Vos
1053 1844 1164 1874 misistis
1176 1845 1209 1872 ad

1306 1814 1310 1817 ι
1332 1783 1442 1819 nentem
1457 1786 1464 1804 :
1480 1785 1548 1817 quo:

1332 1819 1403 1839 mam
1415 1819 1494 1847 quem
1507 1820 1556 1847 mt-

1334 1847 1369 1875 sit
1381 1847 1437 1881 ille,
1448 1847 1510 1874 huic
1547 1846 1551 1850 '

731 1905 845 1934 CODEX
863 1906 1056 1935 BRIXIANUS.
1068 1921 1071 1937 ι

80 1967 132 1990 est.
143 1962 232 1990 Nolite
239 1962 329 1990 mirari
341 1962 401 1990 hoc.
410 1962 470 1996 quia
480 1961 568 1989 veniet
582 1961 658 1989 hora.
672 1961 697 1989 in
707 1970 763 1997 qua
773 1969 868 1990 omnes

80 1999 126 2033 qui
144 1999 243 2025 fuerint
257 1999 282 2024 in
298 1993 477 2033 monumentis
497 1998 605 2025 audient
618 1993 764 2033 vocem'(a)
779 1998 836 2031 ejus
852 1998 869 2032 ’ί-

81 2032 108 2060 et
129 2033 287 2067 precedent.
303 2035 346 2067 qui
363 2035 429 2060 bona
442 2032 576 2065 fecerunt,
602 2033 627 2059 itt
644 2034 868 2059 resurrectioitem

82 2068 165 2096 vitae.
195 2069 239 2101 qui
260 2075 322 2095 vero
347 2068 413 2095 mala
429 2073 568 2102 gesserunt
591 2068 616 2094 in
644 2071 867 2095 resurrectionem

77 2103 186 2137 indicii.
201 2102 259 2130 Non
276 2111 382 2136 possunt
396 2110 446 2136 ego
460 2110 474 2129 a
491 2110 532 2129 me
543 2102 602 2135 ipso
616 2101 866 2137 faecrerquicquom.

80 2139 135 2166 Sed
148 2140 221 2165 sicut
230 2138 308 2164 :iudiu
320 2138 420 2171 judico.
435 2137 595 2170 etjudicium
607 2143 694 2171 meum
706 2136 805 2168 justum
815 2139 866 2171 est.

80 2174 207 2208 quianon
218 2180 300 2207 quero
307 2169 468 2208 voluntatem
476 2178 572 2208 meum.
582 2170 628 2196 sed
642 2170 803 2208 Vttlutttuletu
811 2169 868 2203 ejus

80 2204 125 2242 qui
150 2216 195 2235 ine
210 2204 292 2234 uiisit.
314 2207 341 2234 Si
357 2213 407 2240 ego
431 2204 610 2232 testiinonium
625 2204 754 2242 perhiheo
767 2204 800 2230 tle
814 2212 866 2242 me.

81 2238 268 2270 testimonium
295 2238 386 2268 monui
405 2247 457 2269 non
485 2245 525 2267 est
538 2238 639 2266 verum.
670 2238 744 2266 Alius
764 2244 804 2266 cst
822 2240 867 2273 qui

82 2278 270 2304 testimonium
297 2276 419 2310 perhibet
444 2273 477 2302 d’e
498 2283 549 2301 me.
568 2279 595 2310 et
610 2274 667 2301 scio
680 2275 746 2310 quia
774 2282 867 2301 verum

81 2318 123 2340 est
143 2309 327 2339 testimonium
341 2311 410 2346 quod
425 2310 544 2344 perhibet
573 2309 606 2336 de.
625 2309 734 2346 meVos
758 2310 870 2346 misistis

81 2347 115 2374 ad
140 2347 294 2374 Johannetn
327 2344 358 2373 et
389 2345 567 2373 testimonium
590 2344 724 2379 perhibuit
751 2344 867 2372 veritati.

916 1964 970 1998 Ego
978 1968 1064 1990 autem
1073 1971 1124 1989 non
1134 1963 1166 1989 ab
1174 1963 1278 1990 homine
1285 1964 1464 1996 testimonium
1470 1963 1580 1997 accipio.
1587 1962 1634 1990 sed
1641 1962 1708 1990 haec

921 2000 982 2024 dico
998 2004 1023 2024 ut
1040 2007 1086 2024 vus
1102 1999 1166 2024 salvi
1183 2000 1252 2025 sitis.
1271 1999 1319 2026 Ille
1328 2004 1386 2026 erat
1397 2000 1502 2025 lucerna
1517 1998 1614 2024 ardens
1627 2003 1653 2024 et
1667 1998 1707 2025 lu-

921 2041 994 2059 cens.
1015 2033 1064 2058 Vos
1080 2040 1167 2059 anteiit
1185 2034 1305 2060 \oluistls
1319 2035 1438 2060 exultare
1456 2033 1488 2059 ad
1514 2032 1605 2059 horam
1621 2033 1646 2058 in
1667 2033 1707 2059 lti-

922 2068 992 2102 tuine
1017 2069 1084 2102 ejus.
1103 2068 1157 2101 l‘lgo
1180 2073 1279 2094 autem.
1303 2068 1388 2095 habeo
1414 2067 1605 2097 testiuwnium.
1620 2068 1706 2102 majus

920 2101 1049 2127 Jt-Itunnc.
1064 2101 1149 2132 Opem
1162 2102 1232 2128 enim
1246 2109 1314 2135 quae
1327 2102 1400 2129 dedit
1412 2102 1476 2128 milli
1487 2102 1575 2130 Pater.
1589 2107 1619 2129 ut
1628 2101 1709 2136 peril-

920 2137 1044 2179 riutuen.
1054 2138 1115 2179 ipsa
1127 2144 1207 2168 opera
1220 2144 1287 2177 quae
1294 2143 1351 2179 ego
1360 2137 1398 2172 (εἰ)
1410 2137 1487 2177 facio.
1528 2138 1709 2179 testimonium

921 2170 1062 2208 perhibent
1076 2170 1109 2208 de
1135 2179 1186 2198 me.
1211 2172 1271 2208 quia
1294 2170 1372 2199 Pater
1386 2170 1429 2199 ine
1441 2170 1522 2208 rmisit
1537 2177 1564 2200 et
1578 2174 1622 2208 qui
1636 2173 1710 2200 misit

921 2214 963 2231 me
983 2206 1070 2231 Pater.
1088 2205 1145 2239 ipse
1161 2207 1342 2242 testimonium
1362 2207 1484 2242 perbibet
1498 2208 1532 2235 de
1546 2205 1600 2235 nte'.
1622 2214 1709 2241 neque

922 2248 1012 2283 vocent
1029 2241 1087 2283 ejus
1099 2249 1223 2283 umquam
1237 2241 1465 2283 audistislueque
1478 2241 1586 2283 ﬁguram
1598 2242 1656 2283 ejus
1669 2242 1708 2267 vi-

920 2275 1006 2301 disits.
1021 2281 1046 2302 ct
1057 2277 1165 2302 verbum
1178 2276 1236 2310 ejus
1247 2283 1301 2304 non
1314 2275 1452 2305 habetisiu
1462 2275 1537 2304 vobis
1544 2275 1707 2304 manentem.

920 2311 980 2345 quin
993 2318 1071 2345 quem
1085 2311 1158 2338 misit
1169 2311 1213 2339 ille
1223 2311 1285 2340 huic
1293 2319 1342 2340 vos

706 2400 821 2429 CODEX
839 2400 1073 2432 CORBEIENSIS.

116 2449 164 2476 98.
189 2448 254 2476 Dico
266 2448 339 2475 enim
352 2447 446 2475 vobis:
462 2447 548 2476 Nolite
561 2447 651 2474 mirari
667 2447 727 2475 hoc.

117 2484 164 2511 3‘2.
185 2483 263 2511 Alter
276 2487 332 2516 est,
355 2484 398 2517 qui
416 2483 595 2511 testinwnium
616 2482 739 2517 perbibet
753 2483 787 2510 de
808 2490 868 2510 me:

83 2519 178 2547 omittit
192 2518 261 2554 quod
283 2518 412 2554 sequitur,
435 2523 470 2554 et_
481 2518 537 2545 scio
549 2517 619 2553 quod
634 2524 725 2545 verum
739 2521 781 2545 est
796 2518 870 2545 testi-

83 2552 221 2586 monium,
236 2553 308 2588 quod
321 2554 443 2588 perhibet
456 2552 489 2581 de
502 2560 553 2580 me.

957 2449 1001 2477 53.
1021 2449 1081 2485 "tios
1096 2449 1146 2484 ipsi
1167 2448 1277 2485 misistis
1290 2448 1324 2476 ad
1338 2455 1399 2477 me:
1413 2452 1442 2477 et
1453 2448 1636 2477 testimonium
1645 2455 1697 2485 per

922 2483 1009 2511 hibuit
1028 2483 1145 2511 Joannes
1160 2483 1194 2510 de
1213 2491 1267 2511 me.

957 2519 1001 2546 37.
1022 2525 1109 2553 neque
1121 2518 1240 2553 speciem
1253 2519 1312 2554 ejus
1324 2518 1441 2548 vidlstis.

700 2608 893 2638 VANANTES
910 2605 1108 2636 LECTIONES.

118 2670 126 2686 ι
145 2669 202 2693 ϐω.
214 2668 238 2691 ει
248 2667 306 2699 ΜΨ.
318 2673 402 2692 vocem
414 2667 466 2699 eius
475 2673 482 2690 :
492 2671 524 2691 et.
541 2667 611 2699 Vulg.
624 2673 706 2692 vocem
714 2665 771 2699 Filii
784 2667 841 2692 Dei.

115 2701 126 2716 ²
144 2700 200 2724 Gut.
212 2698 269 2730 quia
280 2697 381 2730 bonam.
393 2697 455 2722 male
477 2697 661 2728 egeruntfum.
675 2698 738 2723 male
757 2702 873 2730 egerunt.

87 2730 162 2762 Vulg.
174 2727 322 2761 quibam...
335 2727 397 2753 mala
409 2731 522 2758 egerunt.

926 2665 1084 2722 ωιέοῇζιὼῗὶ)
1094 2664 1231 2691 hominibus
1242 2666 1414 2694 testimonium.
1430 2666 1502 2699 Vulg.
1513 2667 1544 2692 ab
1554 2667 1650 2693 homine
1660 2671 1713 2693 tes~

739 2768 921 2797 BLANCHINI
940 2768 1054 2797 NOTIE.

118 2820 157 2856 (η)
172 2818 212 2846 Ita
222 2822 321 2856 et‘tex.
335 2816 382 2844 Gr.
395 2814 752 2856 sesami—(liudditl'atris
765 2815 915 2856 etiamntex.
931 2815 977 2844 Gr.
990 2815 1139 2852 πατρός.-
1152 2814 1189 2852 (ε)
1197 2815 1310 2844 Additur
1319 2816 1392 2852 cjtu‘,
1404 2815 1430 2843 in
1444 2815 1504 2843 cod.
1519 2822 1625 2851 quoque
1634 2816 1714 2848 Cant.

85 2850 177 2885 αὐὲσῧ.
200 2867 236 2875 -—
250 2852 290 2889 (ά)
309 2853 378 2880 Ante
389 2852 465 2887 facio,
480 2850 555 2878 deest
570 2857 626 2885 ego,
637 2850 718 2877 etiam
729 2850 754 2877 in
770 2850 830 2878 eoa.
844 2850 921 2878 Cant.
