3898 6450
522 396 625 451 58⁸1
1047 393 1311 453 EUSEBH
1346 373 1681 451 VERCECL.
1724 391 2165 451 EVANGELIUM
2202 389 2344 448 CUM
2394 387 2614 445 VARUS
2648 387 2801 444 COD.
2828 385 3215 445 COLLATUM.
3653 384 3759 439 588

902 506 1133 565 CODEX
1166 498 1700 567 VERCELLENSIS.
2621 500 2847 557 (JODEX
2884 498 3323 556 VERONENSIS.

524 612 630 651 non
652 595 828 651 credi-
1343 600 1633 663 quaeritis?
2193 609 2285 648 vos
2312 609 2417 647 non
2446 607 2565 647 cre-
3006 594 3262 661 quaeritis
3288 593 3312 645 ’ἔ

526 667 613 720 tis.
1344 669 1432 721 45.
1476 668 1650 723 Nolite
1676 666 1895 724 arbitra-
2088 672 2091 673 '
2189 664 2334 717 ditis.
2804 702 2812 705 -
3005 666 3094 719 45.
3136 664 3308 717 Nolite
3336 670 3526 729 putare

525 736 614 791 39.
656 736 902 793 Scrutate
928 736 1109 807 Scrip-
1347 754 1405 792 re
1430 740 1567 806 quod
1599 752 1696 807 ego
2189 734 2278 787 '59.
2320 732 2566 807 Scrutate
2595 731 2833 801 Scriptu-
3009 735 3255 802 quoniam
3275 745 3380 807 ego

528 814 693 871 tnras,
728 807 779 859 in
811 809 925 875 qui-
1052 802 1066 807 “
1346 802 1688 861 γοεέιοοιιεᾰ-
2192 818 2300 868 ras,
2330 803 2578 875 quoniam
3008 818 3101 875 vos
3125 810 3250 872 aput
3275 802 3489 875 Patrem

524 874 623 953 bus
653 870 907 953 vosrx'js-
1347 886 1637 953 turus‘sum
2191 872 2389 953 putatis
2410 886 2505 953 vos
2771 908 2777 914 ρ
3008 872 3083 945 (a)
3112 870 3373 953 accusabo
3396 870 3436 941 -ι-
3453 911 3469 936 ,

526 946 724 1015 timatis
752 946 804 998 in
832 946 898 1000 il-
1345 958 1468 1015 aput
1492 946 1723 1011 Patrem,
2190 943 2243 995 in
2274 943 2399 1009 ipsis
2427 944 2587 1015 vitam
3012 943 3095 998 est
3118 943 3207 1012 qui
3230 944 3326 1015 bos

524 1012 591 1067 lis
617 1016 775 1067 vitam
802 1030 894 1068 ae-
1344 1010 1425 1069 est
1448 1018 1535 1083 qui
1557 1018 1576 1047 ²
1609 1010 1713 1067 vos
2192 1019 2463 1083 aeternam
2500 1013 2590 1062 lia-
3011 1010 3223 1067 accuset
3252 1010 3398 1081 Moy-

525 1091 728 1136 ternam
756 1082 920 1139 habe-
1347 1080 1561 1139 accuset
1588 1084 1736 1153 Moy-
2192 1080 2321 1135 bere
2354 1098 2366 1133 :
2395 1092 2448 1135 et
2477 1083 2623 1149 ipsae
3010 1097 3121 1147 ses,
3147 1082 3221 1151 (b)
3255 1085 3306 1134 in
3333 1093 3488 1153 quem

523 1168 584 1206 re
616 1169 628 1207 :
654 1154 773 1207 illae
798 1163 958 1219 sunt,
1346 1169 1455 1218 ses,
1478 1155 1531 1207 in
1560 1148 1716 1221 quem
2192 1161 2335 1221 sunt,
2368 1148 2507 1219 quae
2531 1159 2608 1201 te-
3009 1168 3105 1206 vos
3129 1148 3383 1217 sperastis
3403 1148 3460 1217 -ίο,

525 1238 660 1289 quae
691 1223 835 1293 testi-7
1345 1222 1435 1277 46.
1481 1220 1726 1293 speratis.
1754 1224 1811 1278 Si
2194 1220 2500 1293 stimonium
2534 1232 2651 1285 per-
3009 1222 3097 1293 46.
3138 1222 3192 1276 Si
3220 1222 3513 1293 ettitncre-

524 1287 763 1345 monium
786 1292 871 1344 di-
1348 1294 1487 1345 enim
1512 1287 1699 1346 crede-
2194 1288 2378 1344 bibent
2402 1292 2468 1343 de
2495 1303 2581 1341 me
2607 1304 2621 1340 :
3010 1291 3207 1346 deretis
3227 1287 3412 1359 Moysi,

525 1371 653 1432 cunt
674 1361 741 1432 de
763 1375 848 1413 me
880 1378 893 1413 :
1348 1365 1474 1415 retis
1502 1363 1689 1432 Moysi,
2196 1359 2247 1411 in
2269 1360 2459 1428 quibus
2491 1374 2583 1432 pu-
3010 1361 3300 1415 crederetis

525 1429 579 1482 in
605 1429 797 1497 quibus
827 1446 922 1496 pu-
1345 1429 1633 1485 crederetis
2195 1431 2319 1481 tatis
2349 1444 2440 1483 vos
2474 1429 2553 1481 vi-‘
3011 1432 3232 1485 forsitan
3260 1438 3317 1484 et

528 1502 652 1551 tatis
678 1512 774 1552 vos
798 1502 959 1553 vitam
1345 1513 1397 1554 et
1430 1503 1556 1555 milii
1580 1518 1599 1554 :
1628 1502 1695 1556 de
1726 1517 1810 1557 me
1945 1538 1950 1543 .
2196 1507 2301 1549 tam
2327 1499 2557 1551 habere:
3013 1501 3143 1553 mihi
3172 1516 3185 1553 :
3218 1500 3283 1553 de
3312 1512 3397 1551 me

526 1567 723 1623 habere
754 1586 765 1620 :
792 1568 893 1641 hae
1344 1573 1485 1641 enim
1512 1573 1597 1625 ille
1622 1574 1793 1641 scrip-
2200 1568 2329 1618 haec
2356 1578 2499 1641 sunt.
3013 1572 3153 1641 enim
3183 1570 3272 1623 ille
3296 1568 3431 1641 scri-

524 1648 667 1699 sunt,
692 1653 826 1706 quae
845 1638 914 1691 de
1342 1640 1433 1693 47.
1476 1641 1562 1693 sit.
1593 1642 1699 1697 Sed
1726 1636 1845 1697 cum
2196 1650 2333 1707 quae
2365 1636 2510 1688 testi-
2852 1692 2856 1699 ,
3012 1640 3101 1693 47.
3145 1641 3265 1707 psit.
3296 1637 3428 1691 Nam
3458 1637 3506 1691 si

525 1722 608 1761 me
632 1705 923 1761 tes’tiﬁcan-
1344 1710 1607 1763 mandatis
1630 1712 1691 1762 il-
2198 1705 2423 1757 ticantur
2452 1707 2517 1756 de
3014 1705 3156 1762 illius
3180 1708 3371 1761 litteris

523 1778 611 1841 4o.
652 1787 738 1830 tur
766 1793 781 1830 :
810 1787 863 1830 et
888 1792 987 1833 nec
1019 1778 1099 1831 sic
1344 1778 1446 1831 lius
1468 1795 1570 1832 non
1590 1795 1703 1833 cre-
2196 1777 2285 1827 40.
2330 1789 2448 1827 me:
2479 1782 2529 1827 et
2562 1785 2668 1824 non
3013 1792 3117 1831 non
3146 1777 3387 1840 creditis,

527 1848 684 1917 vultis
714 1848 865 1899 veni-
1343 1847 1503 1917 datis,
1527 1865 1750 1917 quomo-
2196 1844 2357 1917 “illis
2390 1844 2571 1895 venire
3012 1846 3287 1917 quomodo,
3304 1844 3482 1917 verbis

525 1929 585 1967 re
612 1915 676 1967 ad
704 1930 788 1967 me
818 1924 874 1966 ut
1344 1915 1414 1969 do
1442 1914 1619 1971 verbis
1643 1934 1756 1972 me—
1922 1922 1925 1924 ’
2196 1914 2260 1967 ad
2292 1928 2376 1967 me
2402 1920 2459 1965 ut
3012 1914 3145 1971 meis
3168 1914 3434 1971 credetis?

526 1985 687 2036 vitam
718 1983 780 2035 ha
790 1984 913 2037 hea-
1345 1986 1389 2039 is
1418 1988 1683 2041 credetis?
2193 1986 2355 2037 vitam
2380 1982 2574 2035 habea-

524 2051 633 2129 4_l._‘
659 2056 758 2129 tis._
782 2052 1013 2129 Gloriam
1540 2098 1764 2129 mm”,
1806 2100 1869 2129 υ,

2380 2025 2547 2035 “’“””“
3202 2026 3429 2083 CAPUT
3468 2025 3560 2081 Vl.

524 2098 1013 2177 56'i.6r'.{inil"""'
1540 2098 1764 2181 CAPUT
1806 2100 1888 2155 VL
2329 2122 2599 2175 Honorem
2628 2118 2695 2173 ab
3084 2123 3133 2175 1.
3176 2120 3302 2175 Post
3332 2119 3464 2171 haec
3487 2116 3623 2171 abiit

523 2191 624 2245 bus
653 2209 753 2245 nou
786 2208 873 2245 ac-
1413 2190 1461 2243 1.
1504 2190 1631 2243 Post
1662 2194 1791 2245 haec
1827 2192 1954 2245 abiit
2197 2190 2506 2246 hominibus
3015 2192 3172 2247 Jesus
3201 2200 3345 2244 trans
3374 2200 3526 2241 mare

525 2260 613 2313 42.
653 2264 813 2329 cipio.
839 2263 854 2293 ³
889 2262 993 2317 Sed
1017 2276 1143 2329 cog-
1340 2258 1496 2313 Jesus
1528 2270 1676 2313 trans
1702 2276 1816 2313 nta-
2198 2278 2303 2315 non
2335 2262 2555 2326 accipio.
3011 2261 3284 2316 Galilaeae
3311 2257 3394 2382 (ei;v

526 2334 648 2382 novi
681 2348 796 2382 vos.
828 2333 967 2382 ouod
1343 2343 1403 2381 re
1423 2328 1657 2381 Galileae
2198 2331 2287 2382 42.
2330 2332 2434 2382 Sed
2465 2328 2689 2382 cognovi
3007 2331 3062 2382 in
3093 2329 3325 2382 partes-l-

526 2334 648 2384 novi
681 2328 796 2394 vos,
828 2333 967 2400 quod
1094 2328 1107 2329 ί
1343 2343 1403 2400 [φ
1423 2328 1657 2400 Galileae
2198 2331 2287 2383 42.
2330 2332 2434 2384 Sed
2465 2328 2689 2398 cognovi
3007 2331 3062 2384 in
3093 2328 3329 2400 partes-14
3351 2328 3447 2382 Τί-

525 2404 799 2455 caritatem
845 2394 859 2400 ⁷
1344 2394 1641 2467 Tiberiadis
1675 2414 1687 2449 :
2200 2416 2317 2464 vos,
2345 2394 2593 2467 quoniam
3007 2400 3057 2453 2.
3094 2394 3371 2467 'beriadi's:
3402 2412 3490 2451 se-

528 2470 621 2522 Dei
650 2486 752 2523 non
785 2470 881 2521 lia-
1442 2465 1764 2537 sequebatur
2200 2486 2305 2522 non
2332 2465 2533 2522 habetis
2601 2534 2610 2537 _
3011 2469 3270 2537 qnebatur
3293 2466 3374 2535 id)

526 2539 665 2593 betis
693 2540 747 2593 in
772 2554 867 2592 νο·
1346 2534 1629 2607 (dlautem
1649 2538 1685 2604 ἰ-
1714 2534 1859 2607 illum
2203 2540 2483 2590 raritatem
2520 2534 2613 2590 Dei
2632 2604 2645 2607 4
3010 2534 3187 2591 autem
3216 2538 3253 2605 οῖ
3281 2551 3400 2589 eum

526 2607 629 2660 bis.
1346 2606 1495 2657 turba
1528 2604 1745 2670 "Uilla,-
2199 2610 2287 2662 45.
2330 2608 2383 2660 in
2409 2608 2577 2661 vobis.
2609 2604 2720 2674 Ego
3014 2608 3165 2659 turba
3197 2607 3385 2669 multa,

525 2678 613 2732 45.
656 2678 768 2745 Ego
800 2679 917 2731 veni
952 2678 1003 2733 in
1035 2693 1129 2733 no-
1342 2676 1592 2797 quoniam
1622 2678 1691 2728 vi-
2200 2679 2322 2732 veni
2344 2680 2397 2731 in
2423 2679 2597 2730 nomi-
3015 2676 3135 2745 quia
3158 2676 3407 2729 videbant

526 2749 670 2797 mine
698 2750 869 2797 Patris
1381 2746 1539 2797 ebant
1571 2747 1681 2797 sitz-
2203 2765 2266 2797 ne
2296 2750 2466 2797 Patris
2493 2746 2629 2797 mei.
3015 2749 3184 2797 siuna.
3214 2760 3349 2797 uuae

526 2749 670 2800 tniue
698 2750 869 2802 Patris
1342 2746 1539 2797 debant
1571 2747 1681 2867 siF-
2203 2765 2266 2800 ne
2296 2750 2466 2801 Patris
2493 2746 2629 2812 mei,
3015 2749 3184 2816 signa,
3214 2760 3349 2815 quae

526 2820 651 2867 mei-
678 2826 731 2867 et
756 2834 857 2867 non
1144 2856 1149 2861 .
1342 2830 1429 2867 na.
1456 2831 1592 2867 uuae
1634 2816 1777 2867 acie-
2200 2828 2256 2867 et
2285 2832 2386 2867 non
2418 2816 2626 2867 aeeeui-
3015 2816 3237 2867 fat-iebat
3259 2814 3327 2867 de

526 2820 651 2878 mei,
678 2826 731 2871 et
756 2834 857 2869 non
1144 2856 1149 2861 .
1342 2830 1429 2875 na,
1456 2831 1592 2881 quae
1614 2814 1777 2869 facie-
2200 2828 2256 2873 et
2285 2832 2386 2871 IIOII
2418 2816 2626 2884 accepi-
3015 2814 3241 2870 {ai-iebat
3259 2814 3327 2868 de

526 2888 790 2954 accipistis
820 2902 904 2941 nte
930 2904 941 2939 :
1345 2884 1465 2954 bant
1495 2901 1653 2951 supra
2200 2888 2297 2940 stis
2325 2902 2408 2941 me
2437 2904 2450 2939 :
2482 2889 2527 2940 si
3014 2886 3332 2939 inlirtmbus.

525 2956 568 3005 si
602 2953 734 3007 alter
767 2972 921 3010 vene-
1342 2953 1601 3006 inlirmos.
2198 2959 2335 3011 alius
2362 2957 2567 3010 venerit
2676 2998 2679 3001 λ
3014 2956 3066 3010 5.
3108 2955 3357 3009 Ascendit
3388 2967 3475 3007 ειη

524 3023 590 3076 rit
621 3024 672 3077 in
702 3028 868 3078 nomi-
1341 3023 1393 3075 5.
1440 3025 1583 3095 Abiit.
1610 3038 1738 3091 ergo
1766 3023 1817 3077 in
1846 3040 2000 3095 mon-
2202 3027 2252 3078 in
2280 3029 2495 3080 nomine
3012 3041 3080 3095 go
3100 3024 3255 3079 Jesus
3276 3026 3327 3078 in

525 3108 593 3149 ne
616 3109 730 3155 suo,
762 3096 907 3148 illum
1104 3150 1105 3153 η
1342 3101 1445 3144 tem
1475 3092 1631 3145 Jcsus
1665 3115 1675 3147 :
1708 3104 1761 3148 et
1785 3094 1857 3147 ibi
2200 3112 2317 3161 sun,
2352 3096 2500 3149 illum
2535 3096 2673 3149 reci-
3014 3092 3246 3148 inontein
3274 3133 3291 3158 ,
3318 3101 3372 3146 et
3460 3110 3497 3133 ν

523 3164 818 3232 accipietis.
1340 3162 1559 3232 sedebat
1585 3178 1704 3215 cum
2201 3163 2289 3215 44.
2333 3168 2472 3232 pilis.
2504 3162 2783 3230 Quomodo
3017 3164 3091 3218 ibi
3118 3164 3341 3217 sedebat

522 3231 611 3283 44.
653 3233 932 3300 Quomodo
960 3248 1049 3303 po-
1341 3230 1615 3303 discipulis
2201 3228 2422 3302 potestis
2450 3228 2544 3286 vos
3018 3248 3138 3287 cum
3160 3228 3434 3300 discipulis

526 3304 673 3371 testis
695 3318 787 3356 vos
806 3318 920 3358 cre—
964 3302 973 3303 7
1339 3302 1469 3371 suis.
2200 3306 2440 3366 credere,
2464 3304 2552 3371 qui
3021 3305 3152 3371 suis.

522 3370 669 3432 dere,
702 3374 924 3435 gloriam
1338 3372 1413 3423 4.ι
1437 3370 1601 3423 Erant
1630 3381 1807 3424 autem
2200 3372 2457 3426 honorem
2482 3370 2553 3425 ab
3012 3370 3066 3423 4.
3111 3371 3237 3423 Erat
3260 3374 3439 3421 autem

522 3440 589 3493 ab
613 3440 836 3511 invicem
1339 3440 1367 3511 ἶ
1389 3442 1439 3491 in
1472 3442 1719 3506 proximo
2199 3443 2425 3497 invicem
2458 3443 2669 3511 accepi-
3013 3439 3064 3511 in
3096 3440 3338 3511 proximo

522 3510 881 3577 θεείβίθηῑοετ
1342 3509 1545 3563 Pascha
1578 3512 1692 3565 dies
2198 3512 2297 3566 stis
2326 3531 2336 3563 :
2371 3523 2423 3566 et
2449 3506 2616 3567 honol
3011 3509 3223 3577 Pascha
3242 3506 3354 3560 dies

522 3588 575 3652 et
601 3576 825 3652 gloriam
1342 3580 1596 3652 solemnis
1616 3579 1710 3635 Ju—
1750 3618 1755 3624 ι
2198 3599 2313 3636 rem
2340 3585 2475 3652 ejus,
2510 3583 2599 3651 qui
3010 3579 3176 3652 festus
3198 3576 3290 3631 Ju-

520 3649 587 3701 ab
618 3650 773 3703 unico
799 3664 904 3704 non
1339 3648 1617 3702 daeorum.
2199 3662 2280 3705 est
2307 3648 2470 3715 solus,
2504 3648 2605 3705 non
3008 3649 3284 3703 daeorum.

1823 3761 2053 3816 CODEX
2091 3762 2475 3821 BRIXIANUS.

520 3870 623 3909 non
640 3852 879 3909 creditis.
895 3852 1527 3927 scrutaminiScribturas
1549 3853 1668 3921 quia
1683 3866 1779 3905 vos
1793 3854 2015 3920 putatis.
2035 3856 2084 3907 in
2196 3864 2321 3921 aput
2346 3855 2577 3927 Patrem.
2606 3872 2684 3911 est
2708 3859 2793 3927 qui
2826 3868 3036 3927 accuset
3060 3854 3459 3927 vosMoysesiu
3484 3866 3644 3927 quem
3672 3862 3767 3927 vos

518 3926 819 3990 ipsisvitam
838 3936 1107 3995 aeternam
1131 3923 1345 3976 habere.
1379 3935 1433 3976 et
1462 3922 1905 3995 ltaesunt._quae
1940 3926 2087 3976 testi-
2195 3928 2420 3989 speratis
2456 3926 2513 3981 Si
2567 3930 2707 3980 enim
2726 3921 3025 3980 'crederetis
3070 3921 3581 3995 Mnysifcrederetis
3613 3921 3768 3995 [orsi-

521 3999 752 4045 nionimn
774 3994 1319 4062 perliibeutdeme.et
1344 3992 1618 4045 nonvnltis
1648 3990 1904 4046 veniread
1932 4005 2085 4046 luent
2198 4004 2283 4045 tau
2315 4003 2367 4047 et
2395 3997 2543 4048 milii.
2576 3996 2642 4049 de
2674 4012 2757 4049 me
2787 3996 2929 4049 enim
2957 3996 3048 4049 ille
3075 3990 3305 4049 scribsit.
3330 3991 3384 4047 Si
3414 4003 3595 4046 autem
3627 3990 3768 4062 illius

518 4061 2082 4130 vitamliabeatis.Gloriamabltntninibusnonaccipimsisd
2196 4064 2387 4128 litteris
2429 4080 2536 4117 non
2566 4066 2802 4119 creditis.
2832 4065 3095 4131 quomodo
3135 4064 3267 4117 meis
3312 4063 3490 4116 verbis
3520 4061 3760 4131 creditis.

518 4132 1609 4201 cogtiovivos.quiadilectionemDei.non
1635 4128 2083 4185 liabetisint‘nbis
2195 4133 2321 4186 Post
2368 4136 2497 4187 haec
2535 4135 2663 4188 abiit
2699 4128 2862 4189 Jesus'
2888 4144 3034 4186 trans
3064 4147 3209 4185 mare
3230 4132 3487 4184 Galilcac.
3513 4139 3569 4183 ct
3606 4128 3766 4201 Tibe-

518 4200 665 4267 ipsis.
694 4204 801 4269 Ego
831 4200 1017 4257 veniin
1039 4204 1253 4257 nomine
1282 4203 1452 4256 Patris
1471 4203 1596 4266 mei,
1622 4214 1679 4255 tat
1708 4220 1811 4255 nnn
1836 4204 2078 4271 accipitis
2196 4204 2376 4257 riudis.
2425 4215 2479 4258 et
2502 4219 2715 4259 secutae
2745 4215 2864 4258 sunt
2890 4219 3007 4257 eum
3036 4204 3218 4256 turbae
3248 4201 3444 4252 multae
3468 4200 3767 4271 quiavide-

520 4284 625 4345 tne.
673 4271 715 4322 si
745 4273 879 4345 alius
902 4275 1107 4345 venerit
1151 4276 1199 4325 in
1231 4274 1583 4345 notuiuesuo.
1612 4274 1759 4345 illum
1780 4268 2068 4341 accipietis.
2190 4286 2306 4327 rant
2329 4276 2475 4344 signa
2505 4292 2639 4345 quae
2668 4276 2890 4328 faciebat
2918 4288 3077 4341 super
3102 4273 3362 4345 inﬁrmos.
3397 4268 3651 4345 Ascendit
3680 4281 3766 4345 er-

518 4339 1027 4412 Qu{"||0d”P°'-S351i5
1052 4343 1400 4412 Voscredgt'e.
1423 4343 1722 4409 gloriamab
1750 4334 2076 4395 invicC-mric-
2188 4360 2255 4412 go
2302 4346 2350 4396 in
2377 4334 2635 4399 Vmon'tem
2680 4345 2853 4399 Jesus.
2898 4356 2949 4397 et
2979 4334 3047 4397 ibi
3084 4343 3303 4412 sedebat
3336 4354 3454 4412 rum
3485 4334 3764 4412 discipulis

518 4404 839 4483 ripienteset
866 4408 1234 4475 gloriamquae
1255 4411 1407 4483 a_Deo
1427 4404 1545 4483 solo
1566 4422 1645 4483 est
1672 4427 1774 4462 non
1794 4412 2069 4483 quaeritis.
2190 4404 2322 4463 suis.
2357 4414 2482 4467 Erat
2510 4426 2684 4468 autem
2719 4406 3323 4483 proximoPaseha.dics
3336 4409 3503 4461 festus
3525 4404 3761 4459 Judtleo-

516 4479 689 4534 Nolite
729 4488 903 4532 autem
953 4490 1155 4545 putare.
1208 4478 1330 4545 quia
1373 4491 1471 4545 ego
1508 4478 1583 4545 (a)
1618 4482 1879 4530 accusabo
1906 4482 1948 4546 ῒ
1982 4494 2077 4531 vos
2187 4496 2327 4532 rum.

1761 4586 1989 4641 CODEX
2028 4588 2495 4644 CORBEIENSIS.

588 4686 674 4739 '59.
713 4682 1032 4754 Scrutamini
1082 4680 1415 4749 Scripturas,
1447 4679 1498 4732 iu
1541 4679 1735 4748 quibus
1762 4695 1858 4734 vos
1890 4684 2081 4750 putatis
2192 4686 2367 4754 ‘rieem
2400 4696 2752 4751 quaerentes:
2794 4693 2849 4751 et
2892 4687 3132 4754 gloriam,
3164 4696 3297 4751 quae
3323 4681 3389 4734 ab
3420 4679 3514 4733 illo
3540 4678 3658 4733 solo
3685 4682 3765 4730 est

518 4754 680 4826 vitam
712 4767 983 4826 a_eternam
1015 4752 1233 4826 habere.
1262 4821 1291 4826 __
1780 4766 1785 4770 “
2199 4752 2331 4826 Περ.
2358 4764 2503 4826 εῑοςη
2900 4752 2916 4754 —
3085 4823 3110 4826 _
3391 4821 3406 4826 _
3611 4814 3670 4826 ....

587 4825 677 4893 41.
718 4824 951 4889 Gloriam
983 4824 1048 4876 ab
1077 4821 1397 4875 hominibus.
1563 4892 1569 4893 ί
1860 4838 1865 4843 ν
2268 4823 2397 4876 CAP.
2442 4824 2523 4878 Vl.
2566 4856 2634 4865 —
2664 4828 2713 4881 1.
2738 4834 2882 4879 trans
2904 4839 3047 4877 mare
3073 4819 3582 4893 Galilaeac,‘iilli_us
3611 4815 3768 4893 Tibe-

586 4890 676 4946 45.
698 4895 789 4965 _in_
818 4896 1029 4965 nomine
1060 4894 1227 4945 Patris
1255 4893 1357 4945 mei
1388 4894 1530 4958 veni,
1558 4892 1581 4921 ⁸
1609 4898 1663 4946 et
1686 4906 1789 4945 non
1822 4893 1842 4923 ³
1876 4894 2083 4962 accepi-
2197 4893 2399 4948 riadis:
2469 4898 2791 4965 sequebatur
2854 4906 3027 4949 autem
3080 4896 3226 4948 illum
3274 4889 3559 4945 multitudo
3583 4927 3601 4956 ,
3642 4889 3763 4957 quia

518 4963 652 5037 stis;
684 4961 792 5037 ’ᾗδὶ
822 4961 957 5037 alios
984 4966 1209 5037 venerit.
1497 5033 1509 5037 _
1690 5032 1703 5037 _
1776 5034 1787 5037 _
1938 5034 1951 5037 _
2004 4961 2014 5037 ς
2197 4970 2303 5017 etc.
2348 5001 2360 5016 .
2406 5002 2421 5019 .
2463 5005 2477 5019 .
2510 4961 2577 5022 de
2599 4967 2701 5033 bis,
2725 4967 2815 5037 qui
2845 4966 3271 5021 inﬁrmabantur.

586 5002 677 5085 44.
696 4994 1239 5099 λό’ἀοιίίδδονῖδὲἵέὲἶῖε
1258 5038 1363 5089 ‘vos
1386 5033 1625 5098 credere,
1656 5032 1880 5103 gloriam
1905 5034 1973 5089 ab
2002 5035 2083 5089 in-

1751 5148 2136 5207 VARIANTES
2171 5151 2573 5209 LECTIONES.

579 5243 736 5311 [ϐαρ.
759 5240 857 5311 Sed
894 5240 1236 5311 cognovimus,
1257 5240 1370 5311 quia
1400 5240 1720 5311 dilectionem-
1753 5254 1846 5290 non
1869 5245 2077 5311 balietis.
2250 5245 2274 5311 ξ
2309 5244 2413 5311 Qut.
2443 5252 2487 5295 et
2507 5251 2621 5296 Mm.
2649 5254 2819 5298 etnon
2842 5249 3092 5311 accepistis
3115 5260 3209 5297 me.

522 5305 663 5369 Vulg.
685 5305 784 5355 Sed
807 5299 1010 5361 cognovi
1036 5313 1133 5357 vos,
1158 5300 1267 5359 quia
1298 5299 1605 5373 dilectionem
1628 5301 1721 5350 Dei
1752 5305 2077 5374 nonbabetis.
2251 5306 2275 5336 ⁸
2318 5306 2539 5368 Vulgata,
2568 5311 2796 5372 accipltis.
2838 5310 2942 5362 Gal.
2959 5299 3023 5362 ἐι
3056 5312 3175 5361 Mm.
3197 5305 3442 5372 praterita
3460 5309 3697 5365 ιεηψοη,
3720 5303 3771 5348 ιιι

575 5370 597 5400 ³
630 5369 734 5415 Gal.
761 5371 806 5415 el
828 5367 944 5412 illm.
973 5374 1054 5410 vos
1075 5366 1271 5409 accuset
1294 5360 1536 5415 Moyses...
1553 5375 1650 5415 iam
1666 5371 1909 5415 sperastis.
1943 5362 2082 5415 Vala.
2190 5366 2303 5415 cod.
2335 5367 2643 5415 Οονιηείεηιςίδ⁸

575 5370 597 5400 ⁸
630 5369 734 5417 Gal.
761 5371 806 5415 el
828 5369 944 5412 Mm.
973 5374 1054 5410 vos
1075 5369 1271 5409 accuset
1295 5369 1536 5419 Moyses...
1553 5369 1650 5423 jam
1666 5369 1909 5424 sperastis.
1943 5369 2082 5428 Vulg.
2190 5369 2303 5415 cod.
2335 5369 2643 5419 corbeim.
2671 5369 2686 5372 —

514 5436 707 5478 accusat
731 5441 812 5476 vos
833 5425 1040 5486 Moyses,
1069 5423 1116 5469 in
1139 5434 1236 5483 quo
1259 5433 1342 5468 vos
1361 5425 1582 5486 speratis.
1658 5484 1665 5486 ξ
2255 5426 2276 5456 s
2312 5431 2431 5478 Mm.
2452 5429 2789 5483 Tiberianam-

577 5490 600 5524 ⁸
634 5492 737 5540 Gal.
763 5492 812 5537 in
837 5484 1118 5551 proximum.
1145 5486 1260 5533 Mm.
1284 5484 1541 5545 proximus.
1570 5484 1714 5547 Vulg.
1738 5486 2027 5549 proximum.

1815 5588 2041 5646 ΒΕΑΝο
2051 5589 2187 5647 HINI
2224 5595 2453 5655 ΝΟΤᾹΞ.

592 5714 666 5789 (ιι)
712 5715 783 5768 Ita
821 5723 889 5789 et,
1072 5709 1165 5765 Gr.
1193 5710 1549 5789 xamjopriagi'.
1587 5734 1657 5747 -
1697 5706 1772 5774 (ὁ)
1798 5706 1958 5761 Juxta
2014 5714 2123 5762 ιρι.
2168 5708 2261 5765 Gt'.
2293 5718 2364 5777 εἰς
2395 5716 2448 5771 ὃν
2475 5719 2619 5789 ὑμεῖς·
2646 5720 2907 5780 ἠλπίκατε.
2935 5745 3004 5759 -
3024 5714 3097 5787 (ο)
3128 5713 3202 5768 lta
3255 5719 3312 5766 et
3339 5709 3462 5765 cod.
3508 5710 3668 5766 Cant.
3704 5711 3770 5769 εἰς

518 5786 580 5841 τὰ
600 5776 745 5859 pip.
779 5811 845 5824 -—
873 5782 948 5853 (ἀ)
976 5781 1052 5869 Ita
1075 5790 1127 5838 et
1155 5778 1275 5836 cod.
1304 5776 1455 5833 Cant.
1484 5776 1555 5831 δέ.
