5170 6484
1451 350 1554 411 807

1832 454 2064 526 CODEX
2103 465 2630 524 VERCELLENSIS.
2722 496 2723 499 γ

1450 578 1553 633 que
1581 560 1670 629 qui
1695 560 1846 615 audi-
2265 570 2448 613 centes
2473 574 2487 611 :
2515 557 2675 634 Num_-
2900 621 2913 634 .

1450 626 1611 689 erunt
1643 647 1755 685 ser-
2268 643 2424 698 quam
2467 665 2483 680 .
2524 666 2539 698 .
2582 666 2594 679 .
2637 626 2669 679 h
2712 665 2726 678 .
2777 662 2791 677 .
2844 626 2941 677 mi-

1454 716 1641 758 moues
1669 699 1796 761 hos,
2272 697 2397 751 num
2426 698 2505 751 sic
2531 697 2611 749 lo-

1453 771 1699 833 dicebant
1726 787 1740 822 :
2269 777 2423 822 cutus
2456 776 2533 821 est
2553 807 2570 831 ,
2600 778 2731 835 quo-

1454 842 1552 896 Est
1578 855 1700 894 vere
1736 839 1862 893 Pro—
2271 838 2428 890 modo
2454 845 2507 890 et
2534 836 2639 889 hic.

1452 912 1543 966 ιι.
1584 909 1667 963 l'.
1699 947 1713 962 .
1757 948 1771 963 .
1817 950 1833 964 .
1876 909 1916 962 D
1958 948 1971 961 .
2016 946 2031 961 .
2086 948 2097 960 .
2153 936 2199 961 ,σ-
2270 906 2360 959 47.
2402 904 2807 970 Responderunt

2272 978 2353 1031 eis
2386 974 2658 1030 Pharisaei
2685 991 2698 1026 :

2278 1085 2291 1098 .
2336 1083 2349 1098 .
2395 1086 2408 1099 .
2450 1044 2626 1167 inqu‘iid
2654 1052 2709 1098 et

1454 946 1543 1035 inii
1570 946 1713 1033 εἰὶίέ
1730 946 2101 1033 ρξεὀἱῖτίὲιὶιεξ

1457 1049 1676 1116 Quidam
1696 1064 1826 1103 vero

1456 1119 1697 1175 dicebant
1728 1134 1747 1171 :
1781 1116 1935 1172 Num-

1456 1190 1579 1257 quid
1607 1188 1835 1243 deCati-
2276 1225 2289 1238 .
2370 1225 2384 1238 .
2461 1222 2477 1237 .
2553 1220 2567 1236 .
2645 1220 2711 1243 .,

1458 1260 2036 1313 lea........—

1455 1326 2037 1383 42.....?Nonne
2277 1362 2477 1377 ...
2556 1361 2663 1375 ..

1457 1396 1727 1451 Scriutura
2272 1393 2360 1448 48.
2403 1392 2631 1448 credidit
2656 1392 2707 1445 in
2735 1391 2800 1444 il-

1456 1466 1621 1521 dicit:
1648 1466 1778 1534 Quia
1817 1464 1886 1518 de
2271 1463 2382 1534 lum
2424 1479 2456 1534 v
2500 1502 2510 1514 .
2549 1505 2570 1534 Α.
2613 1501 2629 1534 ς
2672 1463 2911 1534 degPha-

1455 1531 1787 1591 seminevDa-
2271 1533 2359 1588 49.
2401 1531 2631 1587 risaeis?
2664 1531 2769 1586 Sed

1457 1607 1567 1668 vid,
1598 1617 1647 1660 et
1672 1622 1699 1657 a
1729 1604 1923 1658 Baelh-
2103 1609 2108 1613 ”
2274 1603 2306 1656 ll
2348 1641 2362 1655 .
2405 1642 2418 1656 .
2461 1618 2491 1657 c
2531 1602 2713 1664 turba,

1459 1676 1563 1730 lem
1592 1674 1846 1737 castello,
2271 1689 2305 1741 q
2346 1713 2359 1725 .
2404 1712 2417 1723 .
2457 1687 2488 1726 e
2525 1672 2774 1741 ignorant

1456 1744 1546 1800 ubi
1576 1754 1684 1799 erat
1718 1745 1819 1797 Da-
2273 1743 2439 1809 legem
2460 1782 2474 1805 ,
2511 1741 2674 1795 male-

1460 1816 1543 1868 rid
1562 1856 1577 1880 ,
1607 1815 1854 1868 Christus
1880 1813 2059 1866 venit?
2277 1811 2403 1864 dicti
2430 1819 2572 1880 sunt.

1456 1878 1860 1940 43.'Disseusio
1898 1885 1997 1938 ita-
2278 1880 2365 1934 50.
2409 1879 2541 1931 Dicit
2568 1878 2796 1935 Nicode-

1458 1968 1565 2019 que
1594 1955 1729 2005 facta
1767 1963 1850 2007 est
2281 1963 2399 2003 mus
2419 1950 2484 2019 ad
2517 1949 2669 2019 illos,

1466 2018 1519 2074 in
1551 2022 1700 2075 turba
1741 2035 1896 2088 prop-
2282 2019 2358 2083 is,
2388 2018 2476 2085 qui
2508 2018 2652 2088 prius

1461 2094 1551 2145 Μ.
1568 2102 1647 2144 ter
1674 2090 1842 2144 illum.
1865 2088 1999 2154 'Qui-
2286 2088 2431 2142 venit
2458 2088 2524 2140 ad
2552 2088 2699 2141 illum
2717 2128 2731 2150 ,

1466 2163 1586 2214 dam
1613 2167 1788 2212 autem
2284 2171 2422 2212 unus
2446 2171 2564 2210 cum
2836 2208 2843 2214 ,

1464 2245 1529 2285 ex
1564 2229 1671 2283 illis
1691 2230 1865 2283 volue-
2282 2226 2369 2280 51.
2410 2236 2553 2281 esset
2595 2241 2661 2281 ex
2701 2226 2783 2281 eis
2818 2243 2831 2279 :
2871 2225 3029 2280 Nunt-

1466 2307 1592 2353 ruut
1620 2299 1806 2364 adpre-
2280 2297 2372 2366 qui
2414 2338 2427 2349 .
2473 2336 2486 2348 .
2514 2297 2599 2351 lex
2623 2311 2753 2351 nos-

1469 2368 1702 2423 hendere
1728 2366 1876 2421 illum
1911 2387 1924 2422 :
2284 2376 2364 2420 tra
2385 2366 2589 2434 iudicat

1471 2477 1484 2491 .
1529 2473 1548 2493 .
1589 2478 1604 2493 .
1647 2452 1802 2492 nemo
1843 2478 1855 2489 .
1903 2476 1915 2489 .
1963 2474 1978 2490 .
2288 2437 2593 2500 hominem,

1467 2510 1506 2563 it
1532 2509 1587 2563 iu
1618 2508 1708 2561 illu
1744 2544 1763 2561 .
1808 2548 1822 2561 .
1867 2548 1880 2560 .
1926 2548 1938 2560 .
1984 2547 1998 2561 .
2287 2506 2385 2559 nisi
2412 2504 2592 2560 audiat

1470 2618 1484 2631 .
1566 2614 1581 2631 .
1662 2618 1675 2631 .
1752 2617 1767 2632 .
1848 2616 1862 2630 .
1941 2615 1959 2629 .
2285 2575 2670 2644 priusnbillo,

1467 2648 1554 2702 ιδ.
1596 2646 1868 2702 Venerunt
1891 2661 1978 2702 er-
2282 2655 2335 2698 et
2360 2660 2623 2714 congnos-

1467 2730 1536 2787 go
1563 2717 1790 2787 ministri
2281 2724 2366 2770 cat
2390 2715 2514 2785 quid
2554 2755 2569 2771 .
2615 2755 2628 2768 .
2672 2755 2684 2767 .

1468 2786 1533 2839 ad
1566 2786 1834 2851 Principes
2285 2826 2299 2838 .
2377 2823 2392 2838 .
2470 2823 2488 2842 .
2566 2825 2578 2838 .
2658 2825 2672 2837 .
2754 2824 2766 2836 .
2846 2824 2858 2838 .
2942 2824 2953 2836 .

1470 2856 1853 2923 Sacerdotium,
2288 2898 2296 2906 .
2379 2895 2391 2907 .
2470 2895 2484 2909 .
2566 2894 2580 2909 .
2660 2896 2672 2907 .
2756 2895 2768 2910 .
2851 2895 2863 2906 .
2943 2894 2957 2907 .

1466 2935 1519 2979 et
1559 2924 1891 2981 PltariSaeos.
2286 2966 2295 2976 .
2378 2967 2389 2979 .
2469 2963 2484 2979 .
2562 2962 2578 2978 .
2661 2964 2674 2978 .
2756 2964 2769 2977 .
2847 2964 2863 2979 .
2944 2966 2955 2976 .

1468 2995 1671 3061 Quibus
1698 2997 1769 3049 illi
1813 3035 1826 3049 .
1871 3034 1883 3048 .
1906 3024 1931 3036 -

1468 3076 1660 3119 xerunt
1687 3082 1700 3119 :
1730 3066 1867 3133 Qua-

1469 3149 1528 3187 re
1556 3150 1658 3187 non
1682 3136 1848 3189 addu-

2280 2994 2366 3048 52.
2409 3010 2470 3049 ns
2492 2995 2585 3048 es?
2610 2997 2626 3027 ¹
2656 2996 2874 3049 Scruta-

2278 3078 2337 3118 re
2362 3063 2691 3131 Scripturas,

2284 3142 2337 3187 et
2359 3133 2478 3187 vide
2495 3174 2508 3194 ,
2542 3132 2664 3201 quia

1467 3204 1619 3257 xistis
1642 3205 1789 3257 illum
1812 3205 1836 3256 τ
2287 3202 2583 3267 Prophaeta

1470 3274 1557 3325 46.
1600 3273 2009 3342 Responderunt
2286 3271 2353 3326 de
2377 3271 2608 3327 Gahlaea
2636 3285 2743 3325 non

1472 3343 1733 3409 ministri,
1760 3345 1839 3398 di-
1929 3407 1932 3409 Α
2285 3343 2469 3411 surgit.

1974 354 2239 413 EUSEBH
2276 351 2608 410 VERCELL.
2651 347 3087 406 EVANGELIUM
3124 349 3263 408 CUM
3304 350 3529 409 VARIIS
3565 350 3718 408 COD.
3755 349 4141 410 COLLATUM.

3535 465 3764 539 CDDEX
3804 464 4246 522 VERONENSIS.

3112 554 3273 625 igitur
3297 555 3572 613 audientes

3112 623 3245 678 haec
3268 625 3425 679 verba
3452 666 3469 679 .

3176 642 3245 692 rec
3268 642 3425 679 VPI'Da
3452 666 3469 691 ,

3112 693 3367 749 dicebant
3399 711 3412 747 :

3113 762 3211 817 llic
3231 772 3315 817 est
3340 779 3467 820 vere

3113 832 3399 900 Pmpheta.

3114 902 3203 956 Μ.
3246 902 3347 955 Alii
3376 918 3502 958 vero

3115 970 3358 1025 dicebant
3388 989 3401 1024 :
3430 972 3593 1027 Num-

3153 1040 3239 1094 nid
3260 1054 3392 1110 ergo
3410 1057 3477 1095 ex

3164 1110 3346 1165 alilaea
3375 1111 3532 1164 Chri-

3115 1177 3208 1233 43.
3248 1188 3360 1233 stus
3382 1182 3568 1236 venit?
3600 1180 3738 1235 Non-

3119 1262 3187 1301 ne
3212 1248 3486 1315 Scriptura

3119 1316 3248 1372 dicit
3270 1336 3283 1371 :
3314 1320 3447 1385 Quia

3119 1402 3184 1442 ex
3217 1389 3421 1443 semine

3121 1458 3283 1511 David
3308 1499 3322 1522 ,
3353 1468 3408 1513 et

3122 1526 3391 1581 Betlehem
3415 1542 3531 1583 mu—

3123 1597 3221 1651 nici
3231 1600 3314 1665 pio
3332 1638 3350 1661 ,
3382 1598 3470 1651 ubi

3123 1676 3237 1721 erat
3269 1666 3429 1721 David
3454 1708 3469 1732 ,
3502 1720 3507 1723 _

3129 1734 3371 1789 Christus
3397 1736 3580 1800 venit?

3129 1806 3217 1859 45.
3264 1805 3535 1860 Dissensio
3560 1819 3689 1874 ergo

3131 1876 3265 1927 facta
3292 1887 3373 1927 est
3400 1876 3452 1929 in

3134 1945 3282 1998 turba
3311 1952 3530 2013 propter

3132 2028 3273 2066 CIII".

3131 2081 3220 2136 44.
3263 2082 3485 2149 Quidam
3512 2091 3691 2137 autem

3132 2167 3197 2206 ex
3227 2168 3305 2206 eis
3328 2154 3578 2207 volebant

3131 2223 3535 2289 adprehendere

3131 2305 3249 2373 eum
3277 2310 3289 2345 :
3319 2294 3409 2347 sed
3436 2308 3593 2348 nemo

3135 2377 3599 2419 ln......-

3940 1285 3956 1301 .
4034 1288 4049 1305 0
4128 1286 4145 1305 ο
4225 1286 4239 1302 Ο
4316 1286 4332 1304 0
4408 1286 4425 1304 0
4501 1288 4517 1304 0
4595 1282 4613 1300 ο

3954 1916 3964 1928 0
4046 1914 4057 1928 ι
4138 1913 4151 1926 0
4232 1914 4245 1929 0
4324 1914 4338 1929 0
4414 1911 4431 1929 0
4508 1911 4523 1927 0
4601 1911 4617 1928 0

3954 2404 3967 2417 0
4048 2404 4059 2415 ι
4138 2401 4153 2417 0
4231 2402 4244 2417 0
4322 2406 4338 2420 ο
4418 2403 4431 2416 0
4511 2405 4526 2419 ο
4606 2403 4619 2417 0

3133 2539 3148 2554 0
3228 2540 3240 2553 ο
3323 2543 3333 2555 ο
3416 2544 3430 2557 ι
3509 2542 3524 2557 ο
3606 2541 3618 2554 0
3697 2539 3711 2553 0
3789 2538 3805 2553 0
3953 2542 3968 2558 ο
4047 2541 4061 2555 0
4140 2541 4153 2554 0
4232 2540 4247 2557 0
4324 2543 4338 2556 0
4424 2544 4437 2557 0
4515 2541 4533 2557 0
4609 2540 4626 2557 0

3136 2827 3145 2835 -
3230 2821 3241 2834 ι
3322 2822 3335 2835 0
3414 2824 3430 2837 0
3508 2822 3521 2836 0
3602 2822 3616 2837 0
3695 2817 3711 2833 ο
3788 2818 3804 2834 0
3952 2821 3965 2834 0
4044 2821 4058 2836 0
4139 2821 4154 2837 0
4234 2823 4247 2837 0
4326 2822 4340 2837 0
4419 2822 4431 2834 ι
4513 2823 4528 2837 0
4610 2821 4624 2833 ο

3140 2964 3151 2976 0
3232 2960 3244 2973 ο
3323 2960 3336 2973 ο
3416 2962 3429 2977 0
3512 2960 3527 2975 0
3603 2963 3618 2977 0
3694 2957 3712 2976 0
3789 2956 3806 2972 ο
3950 2956 3967 2975 0
4045 2960 4060 2974 0
4140 2960 4153 2975 0
4230 2960 4246 2976 0
4322 2960 4339 2977 0
4420 2960 4435 2976 0
4514 2961 4529 2976 0
4612 2958 4628 2974 0

3139 3098 3151 3111 0
3234 3102 3245 3113 ο
3326 3102 3339 3115 0
3418 3101 3431 3114 0
3512 3100 3525 3113 0
3606 3101 3619 3115 ο
3699 3100 3710 3112 0
3790 3096 3807 3112 0
3953 3096 3968 3113 0
4047 3098 4062 3113 0
4138 3098 4153 3112 0
4233 3100 4249 3115 ο
4326 3101 4340 3113 0
4421 3099 4434 3111 0
4516 3102 4530 3115 ο
4612 3094 4630 3113 0

3142 3173 3154 3185 0
3234 3168 3248 3181 ³
3325 3169 3339 3183 0
3424 3174 3428 3177 Α
3510 3167 3526 3181 ο
3606 3171 3620 3184 0
3699 3169 3712 3183 0
3792 3166 3806 3182 ⁸
3954 3168 3968 3182 0
4048 3168 4063 3184 ο
4142 3168 4157 3183 ο
4233 3169 4248 3185 ο
4326 3168 4340 3192 9
4420 3169 4434 3182 0
4512 3166 4531 3183 ο
4611 3167 4628 3181 ο

3142 3242 3151 3252 ι
3236 3239 3247 3251 0
3326 3239 3341 3253 0
3420 3239 3432 3252 0
3513 3239 3525 3250 ο
3608 3240 3620 3253 0
3700 3240 3713 3253 0
3796 3240 3808 3251 ο
3956 3238 3970 3253 0
4047 3235 4064 3253 0
4143 3239 4156 3253 0
4234 3237 4249 3253 0
4325 3236 4341 3253 0
4422 3238 4435 3251 0
4516 3240 4528 3252 ο
4609 3235 4627 3251 0

3143 3310 3155 3322 ο
3234 3310 3247 3323 0
3327 3308 3340 3321 ο
3421 3312 3433 3323 Ι
3514 3310 3527 3322 Ι
3607 3308 3621 3321 ο
3700 3309 3712 3321 ο
3793 3308 3807 3321 θ

2773 3433 2996 3489 ΟΟΒΕΧ
3038 3433 3428 3489 BBIXIANUS.

1470 3536 1645 3581 autem
1670 3542 1735 3582 ex
1761 3528 1847 3581 illa
1878 3530 2029 3581 turba
2061 3526 2336 3580 audientes
2358 3526 2457 3581 hos
2479 3541 2761 3581 sermones
2786 3520 3035 3583 dicebant

1473 3597 1567 3649 llic
1602 3608 1682 3650 est
1714 3613 1837 3650 vere
1868 3597 2099 3650 Prufeta.
2134 3598 2231 3650 Alii
2282 3609 2457 3650 autem
2504 3597 2775 3651 dicebant.
2810 3598 2903 3651 Hic
2946 3607 3032 3652 est

1469 3666 1729 3735 Christus.
1779 3666 2001 3732 Quidam
2052 3682 2178 3735 vero
2223 3667 2485 3719 dicebant.
2516 3666 2780 3734 Numquid
2828 3685 2856 3720 a
2888 3666 3032 3721 Gali—

1469 3737 1579 3789 laea
1611 3734 1850 3790 Christus
1882 3737 2042 3791 venit.
2093 3736 2275 3789 Nonne
2315 3735 2587 3789 Scribtura
2613 3736 2760 3789 dicit.
2793 3736 2923 3802 Quia
2966 3753 3031 3790 ex

1467 3806 1671 3859 semine
1703 3807 1881 3859 David.
1916 3816 1964 3858 et
1996 3807 2060 3859 de
2091 3806 2366 3859 Bethleem
2393 3806 2633 3858 Castello.
2659 3808 2744 3858 ulii
2776 3816 2892 3857 erat
2933 3806 3034 3858 Da-

1468 3876 1550 3928 vid
1581 3875 1821 3930 Christus
1849 3877 2007 3927 venit.
2036 3876 2306 3928 Dissensio
2336 3876 2511 3942 itaque
2535 3874 2667 3927 facta
2694 3886 2772 3927 est
2800 3876 2850 3926 iit
2881 3876 3032 3927 turha

1469 3957 1683 4013 propter
1724 3962 1866 3998 eum.
1897 3945 2118 4011 Quidum
2161 3955 2337 3996 autent
2378 3958 2443 3995 ex
2490 3944 2596 3995 illis
2649 3946 2897 3997 volebant
2942 3943 3035 3994 ad-

1468 4016 1829 4081 praehrndere
1856 4030 1995 4068 euut.
2030 4014 2121 4067 sed
2172 4028 2326 4066 nemo
2364 4023 2538 4065 tamen
2580 4013 2630 4063 in
2681 4028 2798 4065 cum
2848 4028 3034 4064 manus

1469 4084 1664 4149 injecit.
1705 4086 1971 4138 Venerunt
2020 4094 2197 4136 autem
2247 4083 2476 4135 ministri
2520 4082 2583 4134 ad
2630 4082 2904 4149 Principes
2940 4082 3033 4135 Sa-

1470 4152 1761 4205 cerdolum.
1794 4163 1845 4205 rt
1876 4154 2211 4207 Pharisaeos.
2245 4152 2311 4205 Et
2350 4152 2599 4204 dixerunt
2624 4157 2702 4204 eis
2749 4153 2819 4203 illi
2864 4151 3036 4218 Quare

1472 4236 1574 4273 non
1606 4222 1898 4275 adduxistis
1935 4239 2078 4278 eum.
2128 4223 2543 4291 Responderunt
2586 4220 2837 4274 ministri.
2875 4226 3033 4274 Mun-

3134 3543 3291 3597 quam
3322 3528 3397 3581 sic
3426 3528 3631 3581 loculus
3658 3533 3740 3581 est
3766 3526 3905 3580 nllus
3934 3525 4224 3581 hominum.
4244 3526 4384 3597 sicut
4408 3526 4492 3597 hic
4513 3524 4703 3579 homo.

3138 3595 3541 3665 Responderunt
3585 3610 3709 3663 ergo
3756 3598 3835 3651 eis
3880 3597 4172 3652 Pharisaei.
4216 3595 4478 3666 Numquid
4508 3604 4563 3650 et
4605 3608 4707 3648 vos

3134 3669 3336 3721 seducti
3366 3669 3516 3721 estis.
3542 3666 3798 3732 Numquid
3828 3666 4020 3735 aliquis
4042 3682 4104 3721 ex
4130 3666 4483 3736 Principibus.
4513 3674 4600 3717 aut
4635 3678 4704 3718 ex

3138 3737 3435 3790 Pharisaeis
3482 3736 3707 3790 credidit
3738 3738 3788 3789 in
3820 3752 3961 3788 eum.
4009 3736 4111 3791 Sed
4159 3738 4307 3792 turba
4362 3736 4514 3790 haec.
4561 3748 4708 3799 quae

3140 3821 3243 3857 nun
3277 3806 3426 3858 novit
3462 3805 3649 3872 legem.
3690 3805 3955 3859 maledicti
3987 3816 4126 3860 sunt.
4159 3808 4296 3861 Dixit
4331 3816 4506 3859 autem
4534 3802 4706 3857 Nico-

3138 3874 3325 3926 demus
3352 3874 3415 3927 nd
3445 3890 3557 3926 eos.
3586 3874 3674 3944 ille
3701 3877 3787 3938 qui
3820 3876 3963 3927 venit
3992 3876 4055 3929 ad
4086 3893 4203 3930 eum
4235 3888 4414 3930 nocte.
4439 3876 4529 3944 qui
4560 3888 4705 3926 uinus

3137 3954 3249 4013 erat
3279 3959 3341 3997 ex
3378 3944 3520 4011 ipsis.
3552 3943 3815 4009 Numquid
3842 3944 3926 3997 lex
3949 3956 4126 3998 nostra
4158 3947 4360 4013 judicat
4401 3943 4701 4013 hominem.

3142 4012 3238 4082 nisi
3273 4014 3415 4077 prius
3453 4013 3679 4065 audierit
3725 4014 3792 4065 ab
3833 4030 3915 4065 eo.
3959 4023 4012 4065 et
4033 4012 4340 4082 cognoverit
4365 4013 4490 4081 quid
4520 4012 4705 4082 faciat.

3142 4081 3552 4149 Responderunt
3580 4092 3631 4133 et
3662 4081 3909 4135 dixerunt
3936 4084 4006 4136 ei.
4049 4079 4309 4151 Numquid
4361 4079 4416 4135 et
4456 4092 4506 4151 tu
4536 4079 4709 4151 a_Ga-

3142 4152 3291 4205 Iilaea
3320 4167 3396 4205 es.
3430 4151 3683 4206 Scrutare
3725 4162 3777 4205 et
3808 4153 3945 4205 vide.
3976 4154 4095 4219 quia
4124 4149 4381 4220 Propheta
4408 4166 4437 4203 a
4464 4149 4705 4204 Calilaca

3145 4236 3248 4275 non
3288 4224 3475 4291 surgit.

2730 4311 2958 4366 CODEX
2999 4310 3455 4369 COBBEIENSIS.

1537 4405 1626 4458 46.
1654 4404 1674 4433 ¹
1699 4403 1990 4469 Numquam
2021 4405 2101 4458 sic
2126 4406 2339 4457 locutus
2367 4413 2449 4457 est
2473 4403 2750 4471 quisquam
2779 4404 2960 4457 homo.

1538 4476 1625 4527 5|.
1661 4473 1759 4525 nisi
1803 4472 2032 4523 audierit
2071 4472 2293 4532 primum
2334 4473 2398 4523 al)
2438 4474 2592 4535 ipso,
2630 4482 2682 4524 et
2726 4474 3033 4539 Cognoverit

1466 4544 1590 4615 quid
1622 4543 1745 4615 facit
1759 4542 1906 4615 155.
1940 4541 2202 4615 omittitur
2232 4540 2467 4590 tolusltic
2492 4554 2677 4615 versus.

1533 4615 1662 4667 CAP.
1713 4611 1843 4665 Vlll.
1890 4613 1938 4663 Vl.
1988 4608 2146 4663 Jcsns
2192 4615 2369 4659 autem
2418 4605 2656 4658 ascendit
2701 4606 2750 4657 in
2800 4618 3031 4661 montem

1466 4684 1661 4739 Oliveti
1693 4702 1705 4735 :
1736 4683 1789 4735 2.
1814 4688 1869 4734 et
1900 4693 2056 4733 mune
2083 4693 2203 4732 cum
2235 4676 2429 4729 factum
2456 4683 2597 4727 esset
2618 4715 2632 4737 ,
2669 4676 2857 4727 iterum
2887 4680 3033 4730 venit

1465 4755 1517 4806 in
1557 4754 1835 4820 Τ,-ιιτριι]ιει
1995 4758 2049 4801 et
2098 4744 2599 4820 Ct_tttt_Ctttist:disse_t
2652 4744 2872 4797 docebat
2917 4761 3027 4799 eos.

1463 4823 1517 4878 3.
1563 4814 1831 4875 Mulierem
1887 4820 1939 4873 in
1986 4816 2357 4871 moechatione
2405 4814 2823 4881 deprehensam,
2873 4830 3028 4883 quam

1464 4907 1584 4946 eum
1624 4894 1935 4943 maluissent
1968 4889 2031 4941 in
2078 4886 2254 4940 medio
2278 4927 2292 4948 ,
2330 4884 2576 4937 dixerunt
2614 4887 2677 4936 ad
2720 4882 2902 4937 lesum
2930 4901 2941 4936 :
2974 4887 3027 4937 4.

1463 4961 1744 5029 Magister,
1792 4960 1923 5011 haue
1964 4957 2153 5009 mulier
2191 4955 2518 5029 deprehensa
2560 4962 2641 5029 est
2686 4955 2741 5029 in
2789 4956 3031 5006 moecha-

1463 5023 1630 5084 tioue.
1655 5029 1707 5081 5.
1742 5028 1794 5079 In
1833 5029 1948 5093 lege
1980 5040 2154 5078 autem
2192 5025 2458 5093 praet-epit
2504 5023 2654 5076 nobis
2685 5025 2925 5093 Moy~es.
2973 5033 3028 5077 nt

1463 5101 1550 5168 qui
1583 5098 1639 5168 iu
1668 5095 2408 5168 additcrio‘deprellelldilllr,
2437 5094 2715 5162 lapidelur.
2745 5095 2821 5146 'l‘u
2850 5104 3022 5147 autem

1462 5163 1589 5235 quid
1611 5166 1747 5220 dicis
1770 5168 1835 5217 de
1858 5163 1956 5216 ea?
1986 5163 2039 5216 6.
2074 5163 2211 5216 Haec
2233 5164 2474 5235 dicebant
2492 5173 2770 5235 tentantes
2790 5179 2909 5217 eum
2928 5204 2943 5228 ,
2966 5174 3024 5218 ut

1464 5230 1728 5292 haberent
1755 5249 1969 5288 causam
2001 5233 2282 5286 acettSnndl
2310 5248 2449 5287 eum.
2482 5230 2616 5285 Ibid.
2649 5234 2808 5287 Jesus
2845 5246 3020 5287 autem

3137 4402 3156 4432 ³
3214 4406 3464 4475 inclinato
3517 4406 3731 4475 capite,
3783 4405 3951 4475 digito
4023 4403 4290 4471 scribebat
4361 4404 4413 4456 in
4478 4411 4702 4475 terram.

3138 4474 3188 4543 ἶ.
3222 4472 3352 4526 Cum
3382 4483 3558 4528 autem
3582 4472 3990 4543 interrogarent
4029 4483 4388 4543 expectantes,
4415 4487 4533 4527 eum
4573 4473 4705 4543 quid

3138 4541 3377 4606 diceret,
3420 4545 3591 4596 erexit
3634 4558 3778 4595 se
3810 4541 4044 4612 Quisque
4075 4541 4329 4612 vestrum
4349 4542 4466 4596 sine
4503 4542 4706 4597 delicto

3137 4622 3217 4680 cst
3257 4652 3271 4673 ,
3303 4613 3447 4679 prior
3476 4613 3526 4663 in
3572 4627 3688 4663 eam
3722 4610 4171 4680 lapidem—jaciat.
4205 4614 4257 4666 8.
4288 4610 4356 4665 Et
4396 4612 4585 4665 iterum
4620 4614 4703 4666 in-

3137 4679 3341 4731 clinans
3369 4694 3429 4751 se
3455 4719 3469 4742 ,
3505 4680 3669 4747 digito
3701 4683 3963 4751 scribebat
4000 4684 4051 4736 in
4098 4681 4393 4751 terram._9.
4424 4680 4500 4736 llli
4534 4682 4700 4751 igitur

3137 4761 3255 4821 cum
3295 4748 3601 4808 audissent.
3636 4750 3883 4817 paulatim
3928 4751 4250 4805 secedebant
4290 4749 4522 4821 singuli,
4557 4748 4701 4807 inci-

3140 4817 3343 4881 pientes
3367 4831 3396 4869 a
3427 4820 3727 4872 senioribus
3757 4834 3942 4873 omnes
3972 4829 4305 4874 recesserunt
4335 4840 4347 4873 :
4378 4817 4446 4875 vet
4481 4822 4702 4876 relictus

3134 4895 3215 4937 est
3244 4887 3390 4938 solus
3436 4886 3593 4941 Jcsus
3617 4929 3630 4951 ,
3670 4896 3724 4941 et
3766 4904 3891 4943 erce
3922 4890 4109 4942 mulier
4142 4890 4227 4943 illa
4259 4892 4307 4943 in
4348 4890 4525 4945 medio
4555 4900 4694 4945 erat.

3136 4953 3220 5008 10.
3252 4954 3493 5023 Cumque
3521 4956 3779 5012 erexisset
3808 4974 3867 5012 se
3908 4958 4059 5013 Jesus
4086 5000 4100 5022 ,
4133 4959 4266 5012 dixit
4301 4960 4365 5014 ad
4394 4976 4511 5014 eam
4538 4978 4551 5012 :
4583 4960 4699 5014 Mu-

3132 5023 3231 5099 lier
3249 5026 3530 5099 Lubisunt
3552 5067 3567 5091 ,
3596 5027 3765 5099 qniAte
3791 5030 4191 5099 perduxerunt?
4218 5028 4385 5083 Nemo
4411 5039 4464 5085 te
4493 5030 4697 5099 lapida-

3130 5095 3223 5164 vit.
3253 5094 3317 5147 Et
3354 5096 3438 5148 illa
3478 5094 3809 5164 rCSpondens
3833 5140 3848 5163 ,
3881 5098 4015 5151 dixit
4045 5116 4057 5150 :
4089 5098 4287 5163 Nemo,
4323 5094 4566 5153 Domine:
4604 5102 4691 5154 ll.

3126 5160 3235 5217 Nec
3258 5177 3356 5231 ego
3379 5174 3429 5217 te
3454 5160 3719 5221 dani'uabo
3738 5186 3752 5221 :
3772 5160 4020 5234 vade,ex
4052 5170 4151 5225 hoc
4174 5160 4283 5238 jam
4314 5169 4421 5224 noli
4449 5185 4694 5240 peccare.

2652 5324 3039 5379 VARIANTES
3076 5319 3469 5380 LECTIONES.

1530 5404 1545 5430 ι
1584 5401 1686 5449 Gut.
1708 5402 1759 5468 et
1784 5399 1900 5445 Mm.
1926 5403 2143 5444 scrutare
2166 5400 2217 5441 et
2240 5392 2367 5441 vide.
2400 5393 2539 5456 Vulg.
2564 5401 2779 5445 scrutare
2810 5394 3027 5457 Scriptu-

1480 5476 1489 5486 .
1614 5498 1619 5501 ι
1760 5472 1805 5506 ρ.

1467 5474 1564 5549 mi,
1590 5460 1993 5578 iim‘i'g’umqnam
2021 5515 2244 5578 loquutus
2268 5514 2513 5578 es_t_homo,
2539 5517 2660 5565 sicut
2687 5517 2767 5565 hic
2789 5517 2931 5565 homo
2956 5515 3027 5562 lo-

1468 5583 1649 5638 quitur.
1697 5574 2096 5641 Resporideruut.’
2130 5574 2271 5637 l'ulg.
2318 5574 2579 5637 Numquam
2624 5580 2694 5628 sic
2734 5578 2916 5627 locutus
2950 5581 3028 5625 est

3132 5393 3294 5449 homo,
3319 5393 3441 5439 sicut
3460 5390 3539 5438 hic
3560 5391 3714 5438 homo.

3199 5454 3218 5485 ³
3252 5454 3357 5501 Gut.
3386 5451 3614 5515 inclinato
3635 5454 3790 5511 capite
3814 5453 4062 5512 deorsum,
4082 5454 4326 5503 scribebat
4352 5453 4506 5515 digito
4527 5464 4627 5515 suo
4648 5454 4693 5500 in

3129 5522 3331 5563 terram.
3359 5515 3473 5563 Mm.
3507 5511 3733 5561 inclinato
3755 5515 3932 5578 capite,
3956 5511 4198 5565 scribebat
4226 5515 4377 5577 digito
4402 5511 4492 5562 Suo
4522 5514 4573 5561 in
4596 5522 4691 5563 ter-

3128 5588 3244 5627 ram.

1538 5732 1619 5799 (Ic)
1658 5731 1854 5813 Desunt
1905 5732 2024 5787 duae
2067 5732 2271 5801 paginae
2316 5730 2540 5794 ahraste,
2582 5655 3510 5799 quiartinliLliiﬁfilligiitﬁoarpfarent
3545 5726 3599 5781 in
3638 5726 3839 5783 codice.
3897 5728 3955 5782 S.
4001 5727 4322 5798 Augustinus
4364 5724 4503 5783 libro
4552 5742 4590 5780 tt
4632 5728 4693 5779 de
