5170 6540
152 359 250 417 ιοθ

533 467 775 535 CODEX
803 465 1336 523 VERCELLENSlS.

312 582 535 698 wam‘
583 563 738 698 vimi
1080 560 1427 698 [geliniiiiiege
1453 641 1572 683 ves-

969 709 1047 753 tra
1079 699 1335 765 scriptum

221 697 307 753 l2.
347 695 542 768 lterum
573 711 698 768 ergo
727 696 802 751 lo-

968 777 1085 836 est,
1122 769 1347 822 duorum

153 769 407 840 quehatur
430 767 497 820 ad

152 836 273 895 illos
291 836 471 898 Jesus,
501 836 582 891 di-
1107 838 1382 892 hominum

153 923 279 962 cens
303 926 316 959 :
347 908 455 976 Ego
481 922 596 961 sum
1106 909 1406 963 testimoni-

153 980 240 1032 lux
267 977 420 1045 hujus
450 992 599 1030 mun-
1103 993 1192 1032 um
1225 991 1410 1033 verum

153 1048 204 1104 di
236 1066 248 1102 :
280 1047 371 1116 qui
397 1062 481 1100 me
507 1061 589 1102 se-
1106 1056 1209 1102 est.

154 1118 361 1187 quitur.
403 1131 506 1170 non
971 1116 1060 1172 18.
1101 1117 1212 1186 Ego
1247 1129 1397 1181 sum,
1428 1115 1518 1184 qui
1546 1121 1648 1169 tes-

973 1188 1253 1240 timonium

972 1257 1092 1311 dico
1117 1258 1182 1310 de
1209 1271 1294 1310 me
1318 1272 1332 1306 :

970 1336 1022 1381 et
1047 1331 1140 1396 qui
1173 1343 1256 1382 me
1288 1325 1386 1378 mi-

970 1398 1068 1461 sit,
1101 1397 1284 1459 Pater,
1313 1403 1421 1448 tes-

971 1467 1249 1521 timonium

970 1537 1097 1591 dicit
1120 1541 1186 1590 de
1215 1551 1318 1590 me.

973 1607 1062 1660 19.
1107 1607 1363 1661 Dicebant
1391 1620 1475 1660 er-

969 1691 1036 1742 go
1066 1677 1114 1730 ei
1139 1695 1150 1729 :
1181 1675 1275 1730 Ubi
1305 1686 1387 1730 est

969 1743 1127 1800 Pater
1154 1745 1311 1799 tuus?

970 1815 1172 1880 Quibus
1194 1831 1416 1883 respon-

968 1886 1047 1940 dit
1071 1885 1224 1940 Jesus
1253 1906 1265 1939 :
1294 1886 1474 1954 Neque

970 1971 1056 2010 me
1081 1957 1244 2010 nostis
1265 1996 1281 2019 ,
1313 1971 1406 2010 ne—

969 2041 1073 2096 que
1103 2027 1312 2108 Patrem
1364 2096 1375 2107 ο

970 2112 1142 2151 meum
1175 2114 1186 2148 ἒ
1219 2112 1263 2149 SI
1291 2111 1432 2149 CIIII“

969 2181 1054 2220 me
1080 2168 1304 2220 nossetis
1320 2207 1336 2232 ,
1380 2172 1382 2176 '

154 1187 442 1242 ambulavit

155 1259 206 1312 in
232 1256 493 1321 tenebris,

155 1327 248 1382 sed
279 1327 504 1381 habebat

158 1399 174 1428 ¹
199 1400 366 1452 lucem
399 1397 557 1451 vitae.

157 1468 241 1521 15.
285 1466 536 1521 Dixerunt
565 1465 639 1519 illi

154 1536 426 1591 Pharisaei
451 1554 463 1586 :
494 1535 571 1590 Tu

151 1606 220 1661 de
247 1618 298 1660 te
327 1606 506 1661 testifi-

153 1677 330 1730 caris:
358 1685 413 1730 et
441 1675 586 1730 testi-

155 1783 169 1799 .
215 1785 228 1801 .
268 1747 446 1802 onium
470 1755 550 1799 tu—

275 1853 288 1868 .
330 1831 432 1871 non
464 1825 545 1871 εει

153 1955 244 2011 14.
281 1955 628 2025 Respondeas

146 2026 338 2087 Jesus,
373 2024 425 2080 et
445 2024 576 2080 dixit
603 2025 665 2078 il-

149 2096 218 2177 lis
240 2113 253 2148 :
288 2095 354 2177 Et
375 2095 420 2150 si
457 2111 553 2166 ego
580 2105 684 2150 tes-

145 2166 427 2219 timonium

143 2235 270 2289 dico
297 2235 363 2289 de
395 2251 477 2291 me
498 2277 514 2301 ,
970 2239 1149 2304 utique
1183 2246 1235 2289 et
1270 2237 1367 2289 Pa-

143 2321 333 2386 verum
359 2315 437 2386 est
972 2316 1103 2359 trem
1136 2321 1312 2387 meum

146 2385 516 2429 testimonium
968 2385 1216 2429 llOSSCllS.

965 2445 1053 2498 20.
1101 2446 1240 2499 Ilaec
1269 2446 1426 2499 verba
1463 2444 1534 2516 (ε)
1573 2446 1716 2499 locu-

968 2523 1050 2567 tus
1079 2525 1158 2585 est
1183 2517 1218 2584 νζ·
1246 2517 1296 2568 in
1325 2519 1471 2585 gajo-

965 2584 1156 2652 pilacio
1178 2623 1190 2645 ,
1222 2585 1318 2637 (lo-

963 2668 1092 2706 cens
1123 2654 1171 2704 iu
1200 2667 1332 2707 lein-

967 2723 1054 2792 plo
1079 2741 1092 2774 :
1119 2731 1173 2775 et
1199 2739 1356 2778 nemo

967 2793 1113 2846 illum
1144 2793 1338 2862 adpre-

969 2862 1154 2917 hendit
1173 2904 1186 2927 ,
1219 2865 1340 2932 quia

969 2933 1200 2986 nondum
1242 2949 1331 2988 ve-

145 2460 326 2498 nieum
353 2459 368 2498 :
394 2459 527 2513 quo-

145 2516 293 2568 niam
315 2515 426 2567 scio
449 2517 467 2544 ²
499 2531 593 2568 un-

143 2585 217 2638 de
244 2585 360 2638 veni
386 2625 402 2649 ,
432 2593 486 2639 et
511 2599 615 2654 quo

143 2655 288 2707 vado
314 2673 326 2707 :
355 2670 448 2708 vos
474 2669 594 2709 ues-

141 2723 268 2778 citis
295 2723 433 2778 unde

140 2797 384 2849 venerim
401 2836 417 2862 ,
448 2806 501 2850 et

141 2880 256 2932 quo
283 2865 490 2918 vadam.

141 2933 237 2988 15.
280 2934 387 2989 Vos
415 2936 704 2993 secundum

139 3019 365 3058 carnem
382 3005 468 3074 jn-

135 3074 340 3146 dicatis
364 3092 375 3128 :
405 3091 504 3146 ego

135 3144 222 3266 Sta)
257 3144 521 3202 neminem
544 3147 580 3218 ᾖ
603 3147 687 3216 ju-

225 3256 235 3266 .
277 3214 396 3266 dlco
421 3235 432 3266 :
462 3220 556 3266 sed
581 3225 634 3266 et.

180 3213 235 3268 6.
277 3214 396 3268 dlco
421 3235 432 3268 :
462 3213 567 3271 sed
581 3213 634 3271 et

969 3013 1120 3058 nerut
1163 3003 1294 3057 hora

967 3074 1105 3141 ejus.

966 3143 1056 3198 21.
1096 3144 1184 3197 Ait
1220 3144 1323 3198 illis
1350 3143 1541 3197 iterum

966 3213 1119 3268 Jesus
1146 3232 1156 3266 :
1190 3215 1300 3283 Ego
1325 3215 1458 3268 vallo
1478 3256 1490 3276 ,

967 3294 1017 3338 et
1057 3286 1312 3354 quaeritis

970 3368 1054 3407 me
1073 3393 1088 3417 ,
1116 3356 1241 3408 etin
1278 3370 1401 3422 ι.ρο-

965 3433 1085 3477 cato
1113 3436 1292 3478 veSIro

969 3494 1290 3546 moriemini.

965 3563 1080 3628 Quo
1101 3577 1199 3631 ego
1228 3563 1363 3617 vado
1379 3604 1393 3628 ,

963 3648 1057 3688 vos
1087 3648 1191 3687 non
1235 3647 1327 3702 po-

133 3285 188 3337 si
215 3301 314 3353 ego
331 3287 510 3352 judico
529 3329 544 3355 ,

126 3355 396 3423 judicium
433 3373 543 3412 me-

133 3441 236 3479 um
260 3425 280 3455 ²
310 3442 488 3480 verum

130 3505 259 3558 cst,
293 3499 414 3561 quia
445 3498 586 3554 solus

128 3580 251 3617 non
283 3581 397 3620 sum
429 3585 441 3620 :
470 3568 563 3621 sed

128 3648 274 3702 ego,
299 3644 351 3689 et
380 3635 565 3703 Pater,

1132 350 1574 411 EVANGELIUM
1612 348 1979 409 SECUNDUM
2017 347 2396 407 JOHANNEM.

1739 1771 1741 1773 ι
1825 1740 2013 1795 bibes:
2048 1743 2196 1796 testi-

1784 2151 1788 2161 ι
1823 2091 1954 2144 Etsi
1981 2108 2078 2161 ego
2108 2094 2253 2148 testi-

3281 345 3381 402 M0

2249 465 2474 520 CODEX
2512 463 2961 522 VERONENSIS.

1995 577 2218 634 CAPUT
2260 577 2390 632 vin.
2641 557 2739 634 si}.
2768 557 2946 634 Pater-

2641 629 2725 682 17.
2771 628 2825 682 lu
2855 628 2971 695 lege

1893 693 1978 746 12.
2020 692 2222 753 Rursus
2251 701 2427 747 autem

1821 765 2152 832 congregatis
2183 763 2284 817 illis

1823 831 2135 898 loquebatur
2171 833 2364 898 Jesus;

1821 903 2004 956 dicens
2029 921 2040 954 :
2071 904 2181 972 Ego

1821 988 1936 1025 sum
1970 975 2057 1026 lux
2089 973 2244 1041 hujus

1822 1043 2001 1095 mundi
2033 1061 2045 1096 :
2075 1045 2161 1112 qui
2202 1058 2288 1099 me

1822 1115 2058 1175 sequitur
2078 1155 2092 1175 .
2123 1129 2227 1167 non

1824 1181 2112 1236 ambulabit
2144 1185 2196 1237 in

1825 1253 2058 1308 tenebris
2076 1295 2088 1316 ,
2115 1253 2206 1308 sed

1823 1320 2039 1375 habebit
2068 1325 2246 1378 lumen

1823 1393 1980 1444 vitae.

2640 712 2851 766 quoque

2638 770 2893 836 Scriptum
2916 775 3000 820 est
3018 807 3031 828 ,

2639 839 2887 906 qucmiam
2920 837 3052 889 duo-

2639 923 2753 961 rum
2787 907 3059 961 hominum

2643 978 3006 1031 testimonium

2643 1063 2826 1102 verum
2857 1056 2959 1101 est.

2645 1118 2728 1172 18.
2777 1118 2887 1186 Ego
2911 1131 3052 1183 sum,
3083 1131 3151 1186 qu

2644 1188 2900 1242 tesnticnr
2925 1189 2993 1242 de

2643 1274 2728 1312 me
2762 1275 2774 1310 :
2805 1267 2859 1310 et
2886 1257 2977 1323 qui

2645 1344 2730 1382 me
2762 1329 2905 1382 misit
2932 1328 3036 1382 Pa-

2647 1406 2749 1464 ter,
2784 1399 3021 1452 testimo-

2645 1471 2789 1522 nium
2823 1469 3062 1536 perbibet

2642 1537 2708 1591 de
2730 1553 2835 1592 me.

2643 1608 2727 1662 19.
2760 1609 3017 1662 Dicebant
3045 1607 3146 1675 igi-

2644 1686 2726 1730 tur
2750 1679 2796 1729 ei
2835 1695 2846 1730 :
2881 1677 2979 1732 Ubi

2642 1755 2722 1800 est
2748 1747 2906 1802 Pater
2942 1747 3108 1800 tuus?

1824 1814 2056 1864 monium
2089 1823 2232 1866 tuum
2641 1816 2936 1886 Respondit
2958 1816 3136 1879 Jesus,

1827 1897 1930 1934 non
1958 1893 2038 1934 est
2067 1899 2270 1936 verum.
2641 1885 2718 2011 ἓξ)
2748 1885 2802 1940 et
2828 1887 2962 1941 dixit
2986 1887 3066 1940 eis
3091 1886 3127 1957 ’ξ’
3158 1905 3170 1940 :

1827 1954 1910 2004 14.
1940 1953 2227 2011 Respondit
2254 1953 2426 2011 Jcsus.
2690 1972 2826 2011 eaue
2851 1973 2934 2011 me
2964 1973 3059 2010 no-

1826 1953 2227 2026 14.__|lespondit
2254 1953 2426 2020 Jcsus,
2641 1953 2826 2026 Neque
2851 1973 2934 2011 me
2964 1973 3059 2010 no-

1824 2031 1875 2095 et
1901 2021 2029 2095 dixit
2050 2021 2132 2075 eis
2163 2040 2176 2074 :
2217 2094 2221 2095 ί
2643 2021 2772 2092 ειίέ,
2803 2043 2976 2095 neque
3007 2027 3110 2081 Pa-

2645 2107 2779 2151 trem
2817 2113 2994 2152 meum
3022 2115 3034 2149 :

2645 2169 2687 2222 si
2719 2184 2803 2222 me
2834 2168 3063 2225 sciretis.

2642 2247 2698 2290 et
2728 2237 2939 2291 Patrem
2970 2253 3145 2293 meum

2643 2308 2852 2362 sciretis
2866 2348 2880 2361 .

2641 2378 2730 2431 20.
2776 2379 2914 2432 llaec
2941 2379 3101 2433 verba

2643 2448 2714 2519 (ε)
2747 2449 2956 2502 locutus
2979 2459 3062 2502 est
3089 2449 3126 2518 ’ξ’

2641 2519 2694 2571 in
2720 2519 3121 2589 gaznpliylacio,

2639 2589 2838 2641 docens
2866 2589 2916 2640 in
2942 2600 3079 2642 tein-

2642 2658 2750 2724 plo,
2782 2668 2835 2710 et
2868 2673 3026 2711 nemo

2639 2727 3026 2792 ailpraeiieudit

2639 2813 2782 2857 cum,
2813 2797 2936 2865 quia

2637 2867 2868 2919 nonduin
2898 2873 3120 2921 venerat

2637 2936 2766 2989 hora
2795 2936 2933 3002 ejus.

2635 3007 2724 3059 ‘21.
2771 3007 2916 3060 Dixit
2939 3015 3115 3060 autem

2637 3079 2826 3131 iterum
2863 3075 2941 3146 (d)
2973 3078 3038 3130 ad

2634 3163 2726 3200 eos
2753 3148 2789 3216 σζ-
2821 3165 2833 3199 :
2867 3150 2975 3215 ligo
3005 3162 3102 3201 va-

2635 3218 2724 3281 do,
2759 3226 2811 3270 et
2839 3232 3006 3285 quae-

2633 3289 2753 3341 ritis
2783 3303 2896 3351 me,
2930 3297 2982 3340 et

2635 3360 2687 3410 in
2720 3367 2936 3424 peceato

2633 3435 2814 3480 vestro
2837 3427 3036 3480 morie-

2636 3499 2786 3550 mini.
2813 3499 2928 3561 Quo

2634 3583 2732 3636 ego
2763 3583 2850 3629 eo,
2884 3581 2978 3619 vos

2635 3651 2744 3689 non
2773 3636 2995 3704 poleSIis

1829 1462 1910 1515 l3.
1955 1461 2209 1516 Dixerunt
2239 1472 2414 1516 autem

1823 1532 1869 1584 ei
1903 1531 2171 1584 Pharisaei
2206 1549 2218 1584 :

1824 1600 1900 1654 Tu
1941 1602 2005 1652 de
2043 1611 2093 1656 te
2121 1603 2265 1656 testi~

1825 1672 2056 1724 monium
2089 1687 2209 1740 per-

1825 2165 2058 2215 monimn
2085 2163 2262 2232 perhi—

1826 2232 1925 2284 beo
1954 2233 2018 2286 de
2048 2250 2163 2295 me,
2194 2243 2274 2287 te-

1825 2301 2130 2356 stimonimn
2161 2319 2334 2356 meum

1825 2387 2007 2425 verum
2039 2383 2120 2426 est
2149 2392 2160 2425 :
2195 2390 2325 2442 quo-

1823 2443 1962 2494 niam
1993 2445 2102 2495 scio
2134 2445 2274 2500 unde

1823 2512 1940 2564 veni
1962 2552 1976 2577 ,
2001 2521 2055 2566 et
2081 2529 2185 2581 quo

1821 2597 1958 2634 eam.

1825 2651 1925 2704 Vos
1948 2653 2086 2705 enim
2118 2667 2208 2705 nc-

1819 2721 1966 2774 seiiis
1997 2724 2137 2775 unde

1821 2794 2054 2845 venerim
2080 2833 2092 2854 ,
2120 2801 2172 2848 et

1821 2862 1907 2915 15.
1950 2877 2054 2930 quo
2081 2878 2217 2916 eam.
2254 2861 2320 2915 Et

1820 2946 1913 2984 vos
1943 2933 2231 2986 secundum

1818 3018 2031 3057 carnem
2059 3003 2310 3070 judicatis
2336 3019 2348 3056 :

1818 3089 1916 3142 ego
1947 3090 2047 3127 non
2074 3073 2214 3142 judi-

1817 3159 1883 3197 co
1913 3146 1990 3214 (α)
2023 3144 2190 3197 nemi-

1820 3215 1906 3268 16.
1948 3230 2068 3268 nem
2097 3216 2170 3284 ἧς
2202 3215 2341 3284 quod

1817 3286 1862 3365 si
1889 3301 1986 3350 ego
2005 3285 2182 3356 judico
2205 3327 2218 3349 ,
2240 3285 2377 3354 judi-

1818 3369 1954 3408 Cllllll
1985 3372 2159 3410 meum
2191 3371 2369 3409 verum

1817 3436 1926 3485 est,
1961 3427 2210 3495 quoniam

1817 3496 1962 3550 solus
1991 3511 2093 3548 non
2123 3510 2238 3548 sum
2268 3514 2280 3546 :

1815 3565 1908 3618 sed
1933 3581 2030 3633 ego
2060 3581 2205 3630 sum,

1816 3647 1870 3688 et
1897 3638 1986 3705 qui
2018 3652 2101 3690 me
2128 3637 2224 3689 mi~

1443 3764 1668 3822 CODEX
1708 3767 2097 3824 BRIXIANUS.
2174 3797 2182 3804 -

122 3910 336 3964 lterum
367 3921 492 3974 ergo
515 3905 722 3960 loeutus
756 3913 837 3960 est
864 3903 944 3958 eis
991 3903 1144 3958 leans
1194 3905 1396 3959 dicens.
1433 3905 1546 3973 Ego
1592 3919 1708 3960 sum

120 3982 230 4032 lux
275 3977 477 4029 mundi.
525 3977 612 4046 qui
646 3993 740 4046 me
779 3987 992 4028 secutus
1043 3974 1222 4028 fuerit.
1267 3991 1370 4028 non
1420 3977 1712 4029 ambulavit

119 4051 186 4103 in
262 4045 660 4100 tenebris.'sed
702 4045 916 4098 habebit
980 4046 1153 4098 lumen
1227 4047 1384 4101 vitae.
1452 4047 1710 4100 Dixerunt

115 4133 271 4186 ergo
316 4117 362 4171 ei
402 4116 674 4170 Pharisaei
703 4116 778 4168 Tu
810 4116 874 4168 de
903 4124 953 4169 te
987 4117 1098 4184 ipso
1138 4117 1500 4170 testiinonium
1533 4117 1711 4183 perhi-

117 4190 259 4243 bes.
293 4189 651 4241 testiinonium
685 4196 827 4238 tuum
879 4200 983 4238 non
1037 4194 1116 4238 est
1163 4202 1368 4238 verum.
1417 4186 1710 4249 ReSpnndit

110 4260 297 4314 Jesus
325 4267 377 4310 et
412 4257 546 4311 dixit
589 4258 685 4310 eis.
720 4256 783 4309 Et
814 4257 856 4307 si
897 4271 996 4322 ego
1046 4255 1403 4307 testimonium
1455 4254 1708 4319 perhibeo

109 4330 200 4384 de
274 4342 359 4382 me
402 4327 537 4396 ipso.
588 4340 768 4378 verum
813 4335 889 4376 est
950 4323 1307 4396 testiinonium
1365 4338 1537 4375 meum
1580 4323 1698 4396 quia

108 4399 255 4453 scio
281 4390 588 4451 unde'vcni.
641 4404 695 4448 et
734 4409 836 4460 quo
889 4392 1044 4444 vallo.
1088 4390 1194 4443 Vos
1241 4402 1437 4444 autem.
1483 4393 1701 4445 nescitis

107 4467 285 4520 unde
314 4466 434 4519 veni
462 4476 552 4519 aut
591 4468 702 4541 'gno
742 4461 1032 4541 vadonvns
1059 4461 1350 4516 secundum
1373 4476 1592 4541 earnein
1617 4462 1702 4541 ju-

105 4538 352 4593 dicatis.
394 4551 492 4597 θιτο
534 4531 708 4589 τιυῖριῐι
751 4547 853 4584 non
892 4531 1072 4600 judico
1093 4547 1432 4601 quemquam.
1461 4541 1514 4585 et
1552 4533 1703 4600 siju-

103 4612 261 4662 dico
287 4605 680 4675 ego.jutlicium
716 4618 889 4675 meum
921 4617 1104 4675 verum
1129 4611 1227 4656 est.
1263 4604 1395 4675 quia
1415 4604 1560 4656 solus
1595 4618 1697 4655 non

100 4692 278 4733 sum.
311 4671 548 4746 sed'ego
593 4685 646 4731 et
689 4674 779 4744 qui
811 4687 896 4727 me
939 4671 1083 4726 misit
1135 4683 1302 4743 pater.
1356 4673 1485 4727 Nam
1542 4682 1596 4727 et
1653 4675 1701 4726 in

1815 3907 1930 3975 lege
1980 3917 2150 3962 vestra
2209 3910 2464 3962 scribtum
2511 3919 2613 3963 est.
2666 3908 2787 3977 quia
2814 3907 3039 3961 duorum
3110 3903 3381 3977 hominum

1817 3973 2176 4033 lenimeninm
2219 3995 2402 4033 verum
2449 3990 2551 4032 est.
2605 3973 2713 4044 Ego
2756 3993 2869 4029 sum
2909 3977 2994 4043 qui
3025 3973 3383 4044 testimonium

1815 4051 2067 4116 perhilieo
2109 4052 2172 4102 de
2229 4068 2310 4101 tne
2357 4053 2488 4115 ipso.
2541 4061 2588 4101 et
2627 4042 2985 4100 testimonium
3026 4042 3384 4116 perhibetude

1816 4110 1918 4170 ine.
1952 4122 2036 4185 qui
2065 4136 2147 4170 me
2178 4121 2316 4170 misit
2347 4110 2516 4171 P'ntcr.
2545 4119 2795 4170 Dicebant
2823 4130 2949 4183 ergo
2971 4110 3041 4168 ei.
3066 4113 3164 4167 Ubi
3187 4122 3267 4166 est
3296 4110 3388 4164 Pa-

1816 4196 1895 4239 ter
1938 4197 2076 4240 tuus.
2125 4188 2418 4254 Respondit
2460 4187 2632 4240 Jesns.
2669 4187 2850 4253 Neque
2887 4202 2972 4236 ine,
3012 4185 3180 4237 scitis.
3214 4197 3383 4249 neque

1816 4257 2023 4308 Patrem
2073 4272 2267 4307 meum.
2313 4259 2354 4308 si
2409 4273 2490 4308 ine
2537 4258 2742 4308 sciretis
2784 4254 3022 4306 totsiiam
3067 4263 3123 4306 et
3171 4254 3378 4305 Patrem

1811 4342 2006 4395 meum.
2036 4326 2263 4377 sciretis.
2292 4326 2430 4378 llaec
2453 4328 2609 4377 Verba
2643 4325 2712 4395 (Γ)
2743 4328 2946 4378 locutus
2967 4334 3048 4376 es‘t
3134 4329 3183 4375 in
3232 4337 3390 4395 gazu-

1812 4394 2000 4447 lilacia.
2060 4398 2258 4448 docens
2315 4399 2362 4448 in
2417 4396 2630 4464 templo.
2686 4393 2738 4449 et
2792 4411 2947 4448 nemo
3004 4393 3388 4464 adpraehendit

1809 4481 1951 4517 euut.
1979 4465 2098 4529 quia
2135 4465 2356 4518 necdum
2391 4481 2604 4518 venerat
2644 4467 2768 4519 hora
2803 4467 2936 4534 ejus.
2975 4465 3116 4517 Dixit
3146 4465 3388 4530 ergoite—

1811 4552 1926 4587 rum
1971 4538 2046 4588 eis
2093 4535 2268 4589 Jesus.
2316 4536 2429 4604 Ego
2462 4537 2596 4588 vado
2619 4539 2945 4604 etquaernis
2974 4551 3080 4587 me.
3110 4535 3234 4585 etin
3265 4545 3386 4597 pec-

1813 4617 1931 4659 cato
1959 4615 2136 4660 vestro
2164 4607 2486 4660 moriemini.
2517 4607 2630 4674 Quo
2655 4622 2754 4676 ego
2785 4607 2937 4659 vado.
2972 4619 3063 4656 vos
3100 4617 3202 4656 non
3243 4608 3381 4668 pale-

1405 4789 1633 4846 CODEX
1668 4788 2133 4844 CORBEIENSIS.

101 4914 130 4968 1
147 4911 221 4965 2.
262 4907 454 4961 lterum
479 4906 684 4960 locutus
708 4916 790 4962 est
819 4907 898 4962 eis
915 4946 930 4972 ,
959 4914 1066 4962 etc.

1884 4906 1974 4961 20.
2007 4907 2128 4977 quia
2162 4906 2394 4990 nondum
2424 4909 2540 4956 erat
2564 4901 2693 4954 hora
2724 4898 2860 4968 ejus.

1334 5017 1730 5074 VARIANTES
1769 5019 2163 5074 LECTIONES.

183 5141 204 5171 ι
259 5137 376 5186 Mm.
401 5133 565 5182 lumen
589 5132 717 5195 vitae
742 5131 789 5179 in
813 5142 886 5195 se.
919 5128 1064 5195 Vulg.
1089 5128 1254 5195 lumen
1277 5131 1424 5195 vitae.

181 5204 209 5234 ι
257 5199 363 5248 ϐαι.
386 5203 432 5245 ει
455 5196 568 5244 Mm.
589 5192 718 5242 unde
745 5192 852 5242 veni
873 5229 886 5250 .
910 5199 994 5240 aut
1013 5189 1128 5254 ῐιιιο.
1156 5189 1301 5256 Vulg.
1326 5192 1455 5242 unde
1480 5196 1626 5256 veni,
1654 5201 1707 5243 et

1808 5145 2034 5241 αυξλϐηι.
2060 5195 2103 5240 et
2126 5192 2241 5240 Mm.
2262 5189 2442 5252 justum
2470 5195 2562 5240 est.
2596 5188 2738 5253 Vulg.
2767 5203 2932 5239 verum
2959 5195 3052 5238 est.

1453 5297 1812 5354 BLANClllNl
1851 5295 2075 5351 NOTAE.

88 5421 440 5486 adulterinis
481 5416 748 5491 Conjngiit
775 5412 842 5468 ad
880 5413 1231 5480 Pollentinm,
1270 5429 1390 5491 cap.
1425 5417 1492 5481 7,
1537 5416 1876 5491 factumesse
1928 5415 2035 5491 ait.
2065 5423 2122 5491 ut
2162 5412 2646 5491 "Otllltlllt'mquica!
2670 5413 2797 5491 ﬁch
2819 5411 2942 5491 ..νει
2977 5424 3041 5480 po

3046 5410 3140 5461 tim
3189 5405 3378 5458 inimici

296 5475 441 5561 “ﬁdei
462 5532 475 5552 ,
517 5475 674 5543 cre'do'
690 5526 702 5544 .
721 5557 732 5561 _
754 5493 1025 5561 metuentes
1074 5475 1317 5561 pecctiudi
1338 5475 1706 5561 'imminitatem
1744 5483 1868 5561 dari
1901 5475 2192 5561 mulieribus
2221 5486 2361 5561 suis“,
2387 5483 2518 5561 illud
2545 5475 2687 5561 quod
2708 5475 3042 5561 dead‘ultera?
3067 5475 3379 5561 indulgentia

89 5546 393 5625 bbinirius
443 5546 597 5630 fecit.
637 5557 899 5630 auferrent
935 5554 1005 5630 _de
1050 5546 1317 5630 codicibus
1348 5546 1658 5630 suis.__quasi
1709 5556 2086 5630 permissionem
2113 5555 2350 5630 peccandi
2377 5546 2648 5630 tribuerit”,
2687 5554 2786 5630 ‘qm:
2837 5551 3004 5630 dixit:
3035 5566 3052 5597 α
3091 5546 3378 5630 Intrandei‘n-
3451 5621 3454 5624 .

85 5615 253 5704 2}};
277 5631 390 5704 _noli
435 5615 657 5704 neccare.
688 5615 906 5704 {7(a)
935 5624 1006 5704 Ita
1027 5634 1092 5704 _et
1136 5634 1243 5703 tex.
1277 5615 1595 5704 Gr..063s'iia_.
1625 5615 1814 5704 graeca
1844 5615 2285 5704 syn_taxis._’-—-A(b)
2314 5615 2723 5704 Adtlit.“etndi;r_it'
2747 5615 3177 5704 εξερεῑίςξιιιξρίξ.
3192 5617 3373 5704 ρῳ]ξῇ

248 5697 390 5756 εἴτην
429 5685 624 5763 ἃὺτοῑς.
654 5723 726 5739 -—
754 5685 845 5766 (c)'
869 5685 994 5750 Post
1020 5695 1219 5750 locum:
1245 5704 1338 5760 est,
1366 5695 1513 5750 deest
1541 5685 1716 5760 leti",
1744 5685 1905 5751 etiam
1934 5696 1986 5750 in
2017 5695 2136 5750 cod.
2179 5685 2334 5749 Cant.
2359 5724 2429 5735 -—-
2455 5693 2532 5763 (ά)
2557 5693 2681 5747 Post
2716 5691 2782 5743 ad
2811 5705 2914 5754 eos,
2946 5686 3097 5755 deest
3115 5685 3292 5752 Iesus,
3321 5686 3372 5738 in

88 5774 232 5832 cod
249 5813 266 5827 .
293 5777 500 5840 quoqite
526 5771 678 5826 Cant;

2090 5834 2114 5848 δ
