3898 6446
433 312 532 367 411
938 311 1207 371 ΕυδΕΒιι
1244 313 1577 371 VERCELL.
1622 312 2020 370 hVANGEIJUl

2132 310 2252 370 ιωι
2298 313 2521 370 vanus
2557 312 2709 368 con.
2752 313 3141 381 COLLATUM.
3568 314 3672 367 ita

823 424 1051 482 CODEX
1090 427 1628 483 VERCELLENSIS.

435 516 588 569 testis
625 517 828 572 venire.

432 584 523 638 22.
570 586 798 641 Diceban
844 627 857 640 .
904 630 917 642 .
963 629 976 642 .
1020 618 1045 629 -

432 670 517 725 go,
539 655 724 711 Judaei
751 674 765 710 :
792 658 953 713 Num-

433 724 556 792 quid
581 727 792 781 OCcide-

434 810 496 868 re
525 811 582 849 se
612 797 809 868 liabet?
836 813 969 868 quo-

433 866 573 918 niam
604 867 767 920 dicit:
806 866 880 925 Ul-

432 935 483 988 bi
516 952 613 1005 ego
636 938 765 990 vado
786 980 801 1004 ,
840 954 932 995 vos

435 1022 537 1087 non
567 1012 784 1075 potestis
810 1026 901 1065 ve-

437 1092 572 1131 llll'e.

431 1146 518 1199 23.
565 1146 630 1200 Et
656 1148 863 1202 dicebat
894 1147 1003 1202 illis

430 1216 585 1270 Jesus
610 1235 623 1245 ·
658 1218 760 1271 Vos
787 1219 854 1271 de
883 1218 1020 1273 inie-

431 1288 663 1340 rioribus
689 1291 848 1351 estis,

434 1371 535 1423 ego
564 1358 631 1410 de
658 1358 898 1425 superio-

433 1430 582 1479 ribus
610 1442 747 1480 smn.
781 1428 887 1483 Vos

432 1496 499 1549 de
528 1498 627 1551 hoc
650 1514 801 1549 mun-
844 1560 853 1566 ί

434 1566 503 1620 do
526 1570 655 1619 estis
672 1609 686 1627 .
712 1584 809 1636 ego
838 1585 941 1623 nott

431 1651 548 1689 sum
577 1637 644 1690 de
675 1637 775 1692 huc
805 1640 1023 1695 mundo.

431 1706 521 1788 2d.
564 1707 677 1761 Dixi
712 1711 862 1788 robis
888 1729 1021 1784 quo-

433 1793 577 1831 niam
609 1795 795 1833 ΙΙΙυΙἸθ·

433 1848 561 1900 mini
589 1853 640 1900 In
668 1863 854 1916 pecca-

434 1917 503 1970 tis
529 1918 719 1970 vestris
743 1937 757 1972 :
788 1920 833 1976 si

433 1988 576 2041 enim
608 2001 711 2040 non

433 2056 768 2113 credideritis

433 2126 681 2196 quoniaut
708 2144 807 2199 ego

432 2211 551 2251 sum
585 2239 599 2263 ,
624 2201 821 2255 morie-

434 2270 565 2321 mini
600 2270 651 2321 in
684 2284 873 2337 pecca—

433 2340 501 2392 tis
526 2341 739 2393 veSIris.

432 2408 522 2479 25.
568 2408 825 2479 Dicebant
855 2426 983 2479 ergo

433 2478 513 2531 illi
567 2496 580 2530 :
613 2478 690 2531 Tn
722 2481 810 2545 qui
843 2478 943 2534 es?

434 2549 523 2601 Ait
552 2548 629 2602 illi
657 2549 813 2603 Jesus
848 2568 860 2604 :
896 2553 911 2582 ¹
944 2550 1052 2607 lni-

439 2618 593 2682 tittm,
619 2620 757 2686 quod
789 2621 866 2675 lo-

435 2704 573 2753 quor
599 2691 774 2745 Vobis.

437 2759 527 2813 26.
570 2760 724 2812 Multa
752 2761 921 2817 habeo

436 2828 504 2884 de
527 2831 679 2901 yobis
712 2832 876 2901 loqui,

441 2910 494 2952 et
520 2900 762 2968 judicare
788 2917 801 2953 :

438 2970 532 3050 sed
562 2972 649 3039 qui
681 2986 763 3025 me
802 2973 902 3027 mi-

442 3050 534 3101 Sll,
564 3055 722 3093 verax
746 3052 863 3106 est;

439 3121 492 3162 et
523 3124 621 3179 ego
651 3126 787 3176 quae
816 3127 913 3166 au-

437 3180 543 3233 divi
574 3181 640 3233 ab
669 3182 780 3241 illo.
813 3184 944 3237 haec

440 3250 629 3318 loquor
662 3252 711 3305 in
749 3252 849 3305 hoc

438 3321 528 3387 27.
570 3321 789 3373 mundo.
824 3323 889 3377 Et
916 3340 1019 3379 non

440 3404 808 3457 cognoverunt

442 3459 585 3525 quod
612 3462 631 3489 ¹
661 3460 870 3514 Patrem

443 3530 551 3581 illis
581 3528 784 3583 diceret

440 3598 531 3653 28.
579 3600 763 3653 Deum.
800 3602 886 3655 Ait
914 3618 1004 3657 er-

442 3684 511 3738 go
536 3668 687 3722 Jesns
714 3689 727 3721 :
754 3670 888 3725 Cum
918 3675 1069 3728 exal-

447 3742 683 3795 taveritis
705 3740 795 3794 Fi-

1256 521 1385 573 lium
1413 520 1665 587 hominis,

1256 600 1381 643 tunc
1408 590 1589 644 scietis

1256 658 1398 727 quod
1426 675 1525 728 ego
1548 676 1688 725 sum,

1260 738 1314 783 et
1338 745 1366 782 a
1397 747 1481 784 nte
1513 730 1649 783 facio

1260 800 1412 864 nihil,
1438 800 1531 853 sed
1558 802 1695 855 sicut

1258 871 1439 923 docuit
1472 886 1556 923 me
1586 871 1689 923 Pa-

1261 950 1361 1003 lt‘l‘,
1393 942 1471 995 sic
1497 940 1684 1008 IOquol'
1718 960 1728 992 :

1258 1010 1347 1062 29.
1389 1012 1639 1077 quoniam
1666 1012 1709 1066 is
1732 1053 1746 1077 ,

1257 1081 1345 1147 qui
1376 1096 1459 1134 me
1482 1084 1654 1145 misit,

1262 1164 1470 1204 mecum
1492 1161 1595 1215 est,
1624 1165 1731 1205 non

1247 1221 1469 1287 ,reliquit
1490 1222 1662 1275 solum
1697 1238 1710 1273 :

1256 1294 1506 1357 quoniam
1540 1307 1661 1359 ego,

1255 1375 1391 1428 quae
1416 1366 1625 1430 ptaceut

1257 1432 1355 1495 illi,
1390 1432 1524 1485 iacio
1553 1448 1693 1487 scm-

1256 1516 1369 1568 per.

1255 1570 1341 1624 '50.
1386 1570 1527 1642 llaec
1554 1572 1644 1627 illo
1673 1573 1895 1642 loquen-

1256 1650 1329 1701 te.
1361 1641 1513 1694 multi
1540 1656 1657 1697 cre-

1253 1710 1506 1763 diderunt
1537 1713 1587 1763 in

1252 1781 1340 1833 5t.
1380 1796 1528 1849 eum.
1556 1782 1771 1836 Dicebat

1254 1864 1381 1919 ergo
1411 1854 1474 1903 ad
1503 1850 1735 1907 Judaeos

1255 1918 1432 1985 Jesus,
1464 1923 1553 1990 qui
1583 1923 1757 1976 credi.

1255 1992 1445 2044 derunt
1479 2009 1491 2043 :
1523 1991 1583 2045 Si
1605 2007 1698 2047 vos

1256 2064 1565 2117 inanseritis

1254 2132 1306 2185 in
1341 2132 1506 2185 verbo
1536 2147 1655 2187 meo
1670 2174 1686 2199 ,

1256 2216 1383 2256 vere
1410 2202 1641 2271 discipu-

1256 2273 1291 2326 li
1324 2272 1427 2325 mei
1467 2272 1620 2326 eritis
1654 2291 1668 2327 :

1258 2341 1347 2395 32.
1390 2351 1443 2395 et
1464 2343 1645 2398 scietis
1670 2357 1763 2398 ve-

1258 2413 1493 2477 ritatem,
1522 2423 1576 2466 et

1260 2483 1456 2534 vernas
1490 2498 1587 2535 vos

1260 2553 1350 2607 55.
1393 2553 1656 2608 liberavit.
1690 2553 1825 2609 Res-

1260 2622 1559 2703 pondermrt

1260 2694 1367 2757 illi,
1400 2695 1543 2762 quod
1573 2694 1756 2750 Judaei

1260 2778 1443 2817 semen
1476 2766 1643 2818 Abra-

1264 2832 1367 2887 hae
1392 2850 1594 2901 snnius,
1629 2843 1683 2891 et

1264 2919 1552 2969 numquam

1262 2975 1507 3041 cuiquam
1540 2990 1651 3027 ser-

1265 3042 1495 3096 vivimus
1526 3061 1538 3094 :
1564 3060 1695 3112 quo-

1262 3115 1422 3167 modo
1455 3122 1507 3166 tit
1538 3115 1683 3168 dices
1720 3130 1733 3167 :

1261 3185 1395 3248 Quia
1428 3183 1578 3238 liberi

1259 3254 1447 3308 erilis?

1263 3325 1351 3379 '55.
1394 3324 1695 3389 Respondit
1722 3323 1826 3377 illis

1263 3396 1420 3449 Jesns
1446 3414 1457 3448 ε
1491 3396 1685 3460 Amen,
1715 3410 1871 3449 amcn

1265 3466 1389 3519 dico
1422 3466 1597 3530 vobis,

1266 3536 1406 3603 quod
1438 3537 1632 3599 omnis,

1268 3606 1355 3673 qui
1404 3605 1526 3659 facit
1572 3621 1693 3674 pec-

1269 3686 1468 3738 Catum,
1517 3690 1705 3729 servus

1270 3745 1359 3799 55.
1401 3744 1602 3812 peceati
1640 3754 1739 3798 est.
1788 3745 1913 3799 Ser-

2529 422 2757 480 CODEX
2800 422 3245 479 VERONENSIS.

2106 520 2307 571 Venire.

2104 587 2193 640 ‘22.
2236 586 2490 641 [licebant
2520 586 2681 656 igitur

2105 656 2293 711 Judaei
2319 676 2329 709 :
2359 656 2522 709 Nutu-

2105 728 2230 795 quid
2264 727 2553 780 iuterticiet

2105 798 2199 851 se?
2228 798 2478 865 quoniam

2106 868 2271 921 dicit:
2299 867 2394 922 Ubi
2424 882 2523 936 ego

2106 938 2261 999 vado,
2295 952 2391 991 vos
2419 954 2511 991 ve-

2105 1010 2222 1061 nire
2253 1026 2356 1062 non
2390 1007 2631 1075 potestis.

2103 1078 2194 1132 23.
2236 1078 2433 1133 lterum
2466 1078 2675 1132 dicebat

2105 1149 2185 1201 eis
2213 1166 2226 1199 :
2258 1149 2363 1202 Vos
2388 1165 2451 1202 ex
2495 1150 2575 1201 itt-

2105 1216 2389 1277 ferioribus
2419 1219 2571 1283 estis,

2106 1303 2205 1354 ego
2226 1290 2291 1341 de
2327 1291 2575 1356 supernis

2105 1372 2241 1411 sunt.
2273 1361 2375 1413 Vos
2406 1363 2471 1413 de

2106 1428 2206 1482 huc
2228 1432 2427 1484 mundo

2106 1500 2256 1567 estis,
2292 1517 2392 1569 ego
2416 1518 2519 1557 non

2106 1582 2222 1622 sum
2254 1572 2319 1624 de
2346 1572 2447 1625 hoc

2106 1641 2324 1695 mundo.

2108 1710 2197 1763 :24.
2242 1713 2352 1764 Dixi
2383 1712 2559 1780 itaque

2109 1781 2260 1832 vobis
2280 1784 2411 1849 quia

2112 1852 2416 1905 moriemini

2113 1922 2165 1973 iu
2200 1936 2354 1987 pecca
2365 1934 2417 1973 to

2113 2001 2290 2043 vestro
2324 2009 2335 2043 :
2369 1993 2411 2045 si
2442 1992 2585 2044 enim

2114 2076 2219 2115 non
2248 2062 2579 2115 credideritis

2106 2135 2359 2199 quoniam
2384 2133 2504 2201 t-go'

2110 2216 2246 2264 Sum,
2276 2202 2574 2256 moriemini

2112 2274 2164 2325 in
2198 2280 2417 2339 peccato
2444 2285 2633 2325 vestro

2110 2343 2202 2395 ‘25.
2249 2344 2499 2396 Dim-bunt
2523 2354 2701 2395 autem

2112 2414 2161 2465 ei
2188 2428 2202 2464 :
2235 2411 2313 2465 Tu
2344 2413 2460 2478 quis
2492 2406 2591 2466 es?

2118 2483 2257 2535 Dixit
2288 2493 2465 2536 autem

2115 2553 2195 2605 eis
2224 2553 2413 2606 Jesus:
2452 2555 2533 2607 ln—

2114 2624 2323 2691 pritnis,
2348 2624 2468 2693 quia
2501 2623 2580 2679 lo—

2116 2711 2249 2757 quor
2278 2696 2428 2747 vobis
2454 2712 2468 2758 ;
2501 2710 2621 2749 cum

2114 2764 2203 2817 ‘26.
2248 2766 2406 2815 multa
2451 2766 2672 2820 habeam

2114 2834 2181 2887 de
2212 2835 2361 2887 vobis
2391 2835 2591 2900 dicere,
2623 2846 2677 2891 et

2111 2905 2349 2971 jutbcare
2378 2925 2389 2956 :
2432 2905 2527 2959 sed

2114 2976 2200 3041 qui
2231 2990 2313 3026 Ine
2344 2977 2505 3038 misit,

2115 3058 2275 3096 verax
2304 3054 2385 3097 est
2412 3061 2425 3107 ;
2469 3056 2520 3097 ct

2116 3128 2215 3179 ego
2245 3128 2380 3180 quae
2406 3116 2584 3168 audivi

2116 3185 2183 3236 ab
2214 3198 2299 3243 eo,
2330 3184 2462 3236 haec:
2490 3186 2567 3239 lo-

2116 3269 2249 3320 quor
2280 3255 2329 3304 in
2362 3253 2461 3308 hoc

2115 3325 2203 3375 ς27.
2248 3325 2460 3376 tnttudo.
2505 3326 2563 3377 Et
2597 3340 2697 3378 non

2117 3395 2492 3448 intellexerunt

2115 3466 2363 3531 quoniam
2405 3465 2471 3519 de

2117 3536 2190 3603 (ιι)
2228 3535 2336 3588 Deo
2361 3536 2399 3605 ’ξ’
2426 3536 2581 3592 Patre

2116 3606 2313 3657 diceret
2347 3609 2445 3659 cis.

2114 3676 2203 3729 ‘28.
2252 3676 2391 3728 liixit
2421 3689 2597 3732 autem

2118 3746 2220 3797 illis
2242 3743 2433 3799 Jesus:
2463 3747 2595 3802 Cum

1746 3857 1974 3912 CODEX
2013 3860 2397 3915 BRIXIANUS.

2926 516 3289 571 exaltaheritis

2928 586 3121 641 Filium
3153 585 3405 652 hominis,

2930 667 3052 710 tunc
3076 656 3255 710 scietis

2927 726 3176 796 quoniam
3206 740 3306 795 ego

2929 811 3067 858 sunt,
3097 810 3149 849 et
3181 797 3306 849 nihil

2927 881 2955 919 a
2986 882 3069 919 tne
3096 868 3250 931 facio,

2926 940 3019 991 sed
3044 939 3178 989 sient
3205 937 3386 993 docuit

2930 1020 3016 1061 me
3041 1006 3218 1073 Pater,

2932 1079 3063 1131 haec
3094 1078 3281 1143 loquor
3302 1095 3314 1129 :

2930 1146 3021 1227 2Q.
3039 1155 3115 1225 ,οι
3139 1149 3228 1216 qui
3258 1163 3340 1201 rue

2932 1226 3096 1278 miSIt,
3128 1232 3337 1271 meeum

2933 1299 3036 1349 est,
3064 1295 3117 1339 et
3145 1302 3251 1343 non
3279 1302 3363 1343 re.

2931 1356 3097 1425 liquid
3128 1373 3214 1413 me

2931 1429 3103 1481 solum
3128 1444 3142 1481 :
3181 1429 3302 1498 quia

2925 1511 3046 1566 ego.
3082 1513 3217 1567 quae
3240 1508 3365 1554 sunt

2928 1565 2985 1637 ei
3005 1565 3213 1635 placita,
3241 1582 3452 1637 semper
3480 1565 3636 1621 facio.

2930 1635 3016 1691 50.
3060 1638 3197 1693 llaec
3218 1655 3284 1693 eo
3311 1635 3389 1694 lo;-

2931 1717 3145 1774 qneute,
3180 1710 3328 1763 inulti

2931 1778 3273 1833 crediderunt
3301 1781 3352 1833 in
3377 1792 3525 1833 eum.

2932 1846 3020 1901 51.
3060 1848 3282 1903 Dicebat
3322 1857 3499 1903 autem

2932 1915 3088 1970 Jesus
3125 1919 3190 1971 ad
3230 1934 3346 1983 eos,

2931 1988 3020 2055 qui
3054 1988 3392 2043 crediderant

2931 2058 2979 2109 ei
3013 2071 3077 2111 ex
3103 2057 3319 2113 Judaeis
3348 2078 3359 2112 :

2928 2125 2982 2181 Si
3013 2143 3105 2179 vos
3134 2144 3383 2196 perman-

2930 2197 3109 2251 seritis
3151 2200 3201 2251 in
3245 2201 3412 2255 verbo

2930 2282 3070 2331 meo,
3101 2284 3226 2324 vere
3254 2269 3335 2323 di-

2934 2339 3120 2406 scipuli
3164 2340 3265 2393 mei

2931 2409 3018 2489 δὴ.
3061 2407 3136 2492 (ὁ)
3164 2410 3293 2490 estis
3322 2411 3363 2481 1-
3394 2427 3406 2463 :
3442 2416 3499 2462 et

2932 2492 3110 2534 setetis
3152 2493 3455 2546 veritatem,

2931 2560 2984 2622 et
3011 2553 3206 2604 veritas
3247 2553 3357 2622 ipsa

2933 2620 3231 2674 liberavibit
3260 2620 3379 2676 Vos.

2930 2689 3017 2744 55.
3063 2691 3473 2760 Responderunt
3508 2685 3587 2741 illi

2931 2760 3118 2814 Judaei
3162 2764 3403 2816 dicentes
3430 2780 3445 2816 :

2932 2832 3123 2903 Semen
3154 2830 3226 2903 (τ)
3256 2832 3426 2886 Abra-

2935 2902 3053 2954 ham
3078 2902 3115 2971 -ί-
3142 2902 3346 2962 sumus.
3374 2910 3429 2955 et

2933 2988 3133 3025 nemint
3165 2986 3413 3041 umquam

2933 3043 3251 3096 servivimns
3277 3059 3290 3095 :
3320 3054 3456 3111 quo-

2932 3112 3092 3164 modo
3133 3122 3187 3166 tu
3230 3112 3363 3164 dicis
3389 3127 3403 3163 :

2933 3181 3110 3247 Liberi
3138 3183 3286 3233 eritis
3306 3179 3331 3231 ἲ

2931 3251 3020 3303 54.
3067 3249 3364 3317 Respondit

2929 3320 3086 3374 Jesus
3112 3338 3124 3372 ε
3163 3324 3349 3382 Amen.

2932 3405 3087 3443 auten
3116 3388 3238 3443 dico

2934 3461 3086 3513 vobis
3110 3476 3121 3510 :
3153 3460 3275 3527 quia

2934 3530 3143 3592 omnes.
3174 3530 3264 3597 qui

2934 3603 3059 3657 facit
3090 3609 3389 3668 pecizatum,

2931 3686 3117 3726 servus
3149 3670 3227 3743 (ά)
3258 3677 3342 3725 est
3361 3668 3417 3738 '1'.

2932 3744 3022 3799 55.
3061 3743 3260 3799 Servus
3296 3750 3477 3793 autem

449 3949 543 4021 stis
569 3951 751 4005 venire
785 3952 1036 4006 Dicebant
1091 3967 1221 4021 ergo
1268 3950 1499 4021 Judaei,
1533 3949 1793 4017 Numquid
1828 3952 2015 4021 inter-

450 4019 589 4071 iit-iet
644 4036 703 4074 se
763 4024 1045 4091 ntetipsutn
1095 4019 1214 4092 quia
1271 4023 1429 4076 dixit.
1472 4020 1587 4087 Quo
1620 4019 1896 4092 egurvatlo.
1929 4037 2022 4075 vos

451 4103 556 4140 non
618 4094 837 4155 potestis
888 4090 1203 4148 Venireftit
1258 4094 1391 4145 dixit
1438 4095 1514 4145 eis
1559 4092 1732 4145 Jt'SllS.
1800 4090 1905 4143 Vos
1956 4094 2023 4146 de

450 4156 696 4234 deorsum
732 4166 886 4234 estis.
931 4180 1029 4234 ego
1064 4176 1241 4218 autem
1276 4165 1342 4217 de
1386 4163 1630 4230 superuis
1655 4178 1800 4234 sum.
1838 4178 1933 4215 vos
1957 4164 2023 4217 de

455 4226 555 4301 hoc
587 4232 780 4301 uit-udo
803 4226 1100 4301 estis.'t'go
1140 4248 1315 4288 autem
1358 4226 1465 4286 non
1494 4250 1605 4285 sunt
1635 4233 1699 4286 de
1741 4233 1840 4284 hoc
1873 4249 2024 4287 mun-

454 4297 540 4348 do.
599 4298 710 4376 Dixi
746 4319 888 4376 ergo
928 4297 1097 4356 Vobis.
1148 4306 1267 4371 quia
1328 4306 1624 4376 moriemini
1684 4306 1735 4356 in
1794 4308 2026 4367 peccatis

453 4369 669 4420 vestris.
715 4369 759 4420 si
809 4374 949 4423 enim
1002 4390 1105 4424 non
1153 4369 1506 4427 credideritis.
1570 4376 1689 4434 quia
1746 4390 1843 4437 ego
1880 4389 2016 4426 sum.

455 4440 767 4511 tuori_etnint
843 4440 893 4491 in
980 4445 1209 4507 pet-ratis
1296 4442 1839 4511 \‘i‘ﬁtt'ls.il)i('eimlll
1893 4458 2022 4511 etgo

454 4508 524 4561 ci.
574 4508 653 4560 Tu
683 4510 802 4578 quis
830 4526 909 4562 es.
959 4512 1017 4562 Et
1048 4512 1175 4562 dixit
1209 4514 1284 4563 eis
1314 4510 1489 4563 Jesns.
1527 4510 1850 4575 Principium
1881 4508 2019 4576 quod

455 4590 507 4631 et
553 4581 740 4648 loquor
783 4581 956 4634 Vobis.
1028 4582 1186 4633 Multa
1238 4580 1410 4633 habeo
1450 4579 1516 4632 de
1564 4579 1711 4631 rubis
1757 4580 1920 4647 loqui.
1969 4592 2018 4633 et

452 4650 713 4715 jtntienre.
746 4654 836 4706 sed
871 4654 956 4719 qui
989 4668 1073 4704 me
1105 4651 1264 4704 misit.
1299 4664 1456 4701 verax
1504 4658 1604 4701 est.
1655 4659 1707 4700 et
1752 4666 1848 4718 ego
1885 4666 2020 4716 quae

458 4720 639 4791 audivi
665 4724 730 4775 ab
758 4737 821 4775 eo
852 4732 904 4777 et
946 4724 1134 4791 loquor
1166 4724 1216 4774 in
1251 4720 1353 4775 hoc
1382 4719 1600 4773 mundo.
1633 4719 1700 4772 Et
1731 4735 1831 4772 nou
1863 4720 2019 4773 intel-

459 4786 719 4844 lexerunt.
757 4793 878 4862 quia
909 4793 976 4848 de
1003 4786 1161 4847 Patre
1191 4793 1268 4847 eis
1310 4790 1539 4847 dicebat.
1584 4791 1725 4844 Dixit
1766 4806 1894 4859 ergo
1939 4792 2017 4845 eis

2123 3953 2297 4007 Justus.
2339 3954 2467 4005 Cum
2522 3954 2881 4007 exaltaveritis
2908 3952 3098 4006 Filium
3140 3949 3391 4001 hominis.
3436 3957 3563 3999 tunc
3602 3959 3691 3998 co—

2123 4029 2394 4090 gnoscvtts
2424 4024 2543 4087 quia
2570 4038 2665 4089 νει»
2696 4039 2832 4075 sum.
2865 4032 2919 4073 et
2947 4040 2970 4069 ει
3001 4036 3084 4072 me
3112 4022 3225 4093 ipso
3256 4017 3386 4068 nihil
3418 4016 3572 4093 iacio:
3599 4014 3690 4065 sed

2127 4088 2265 4146 sunt
2293 4095 2469 4146 docuit
2504 4109 2584 4145 Ille
2606 4088 2771 4145 ’Pater
2798 4092 3129 4161 mens.luae_c
3161 4088 3454 4161 Ιιιᾳιιοτ.“οῑ
3484 4088 3575 4147 qui
3607 4098 3692 4161 me

2128 4167 2269 4218 misit
2305 4180 2511 4218 llit't'lltll
2541 4174 2641 4215 est.
2675 4180 2784 4218 non
2810 4176 2891 4214 me
2924 4158 3133 4220 reliquit
3164 4157 3334 4206 solum
3367 4152 3541 4204 Pater.
3571 4154 3693 4219 quia

2128 4253 2225 4298 ego
2258 4252 2390 4301 quae
2440 4235 2626 4303 placita
2672 4242 2795 4285 sunt
2842 4233 2911 4284 ei.
2957 4228 3090 4281 fat-iu
3121 4238 3353 4303 semper.
3402 4221 3556 4303 .Hztec
3592 4220 3695 4303 illo

2130 4291 2398 4373 loquente.
2435 4291 2581 4358 inulti
2614 4305 2957 4357 crediderunt
2990 4303 3039 4353 in
3072 4312 3214 4373 eum.
3274 4291 3695 4373 Dicebat‘atuein

2128 4362 2301 4429 Jestts.
2334 4378 2398 4429 ad
2428 4393 2522 4429 eus
2548 4378 2636 4442 qui
2670 4392 2732 4427 ex
2764 4373 2998 4428 Judaeis.
3028 4363 3466 4443 credttlernntfi.
3601 4375 3696 4443 vos

2129 4451 2433 4498 manserttis
2489 4430 2750 4498 ἰιι’κ·ιξιι)η
2804 4458 2947 4497 meo.
2996 4454 3117 4491 Vrt‘c
3169 4430 3415 4510 discipuli
3450 4432 3573 4510 ,εειθῖ
3624 4430 3697 4510 ςίῖ)

2128 4514 2259 4567 estis
2280 4516 2339 4583 -ξκ
2374 4527 2425 4567 et
2452 4514 2787 4579 roguoSt-olis
2817 4513 3112 4583 verilatem.
3145 4516 3199 4557 ct
3228 4503 3421 4555 τί·τὶΗῶ
3450 4500 3699 4583 liberilth

2130 4600 2219 4634 νος
2234 4578 2657 4649 ,Ιὶῖεειιοιιιιιέιιιιιιι
2672 4584 2718 4634 ei
2742 4582 2935 4637 Semen
2954 4578 3696 4651 Alii~aliae5ttntiius..utnemini

2128 4643 2444 4705 servivittitts
2468 4653 3086 4718 umquam.quomodolu
3104 4643 3380 4722 dicis-Quia
3405 4643 3559 4722 liberi
3590 4643 3696 4721 eri-

2130 4724 2215 4775 tis.
2252 4722 2541 4791 Respondit
2571 4711 2815 4775 i‘isJCstis
2843 4722 3010 4773 Anien
3034 4732 3184 4769 nmen
3213 4714 3334 4767 dico
3365 4711 3537 4793 vobis.
3562 4711 3688 4793 quia

2125 4795 2298 4847 omnis
2339 4787 2429 4861 qui
2472 4793 2593 4846 facit
2622 4803 2916 4863 peccatum.
2967 4801 3154 4843 servus
3193 4794 3275 4838 est
3323 4787 3549 4851 peccati.
3574 4787 3702 4835 Ser-

1721 4892 1949 4961 CODEX
1986 4904 2442 4965 consumas.

526 4996 614 5050 25.
644 5010 745 5063 ego
773 4997 838 5050 de
869 5000 1228 5066 superioribus
1249 5016 1385 5055 sum.

526 5066 614 5118 9.6.
657 5066 789 5120 haec
807 5068 1028 5135 eloquor
1055 5071 1105 5122 in
1142 5070 1281 5124 hunc
1308 5070 1581 5124 mundum.

526 5136 618 5193 28.
658 5136 997 5191 sicutdocuit
1021 5154 1105 5192 me
1135 5140 1309 5201 Pater,
1343 5142 1474 5195 baec
1498 5143 1736 5211 eloquor.

2193 5005 2278 5057 51.
2322 5004 2376 5058 Si
2401 5018 2493 5057 vos
2522 5001 2826 5057 manseritis
2854 4999 2908 5053 in
2936 4998 3102 5053 verbo
3126 5007 3270 5061 tneo,
3297 5006 3425 5049 vere.
3444 4990 3695 5061 discipuli

2123 5076 2225 5128 mei
2254 5077 2402 5128 estis.

1647 5257 2031 5313 VARIANTES
2081 5252 2479 5311 LECTIONES.

519 5376 536 5407 ί
574 5374 677 5424 Gut.
701 5377 749 5445 et
769 5374 907 5446 Δῥίνη.
944 5372 1267 5434 Principium,
1294 5372 1419 5446 quod
1453 5371 1637 5436 loquor.
1676 5369 1820 5436 Vulg.
1846 5371 2031 5421 Princi-

456 5438 605 5497 pium,
630 5438 711 5498 qui
733 5443 784 5486 et
807 5435 991 5497 loquor.

2197 5371 2217 5401 ¹
2251 5369 2340 5419 Gat
2383 5373 2428 5417 et
2452 5369 2566 5416 Mm.
2606 5363 2802 5414 Patrem
2846 5366 2920 5415 eis
2956 5376 3069 5416 esse
3111 5363 3268 5415 Deum
3297 5358 3508 5410 dicebat.
3555 5355 3703 5418 Vulg.

2134 5431 2329 5482 Patrem
2354 5430 2459 5490 ejus
2478 5429 2669 5477 dicebat
2692 5427 2864 5476 Deum.

1785 5536 2147 5600 BLANCIﬂNl
2184 5538 2411 5597 ΝΟΤΕ.

531 5664 605 5734 (η)
648 5667 803 5720 Juxta
837 5668 956 5721 md.
985 5668 1137 5723 Cant.
1170 5666 1254 5722 τὸν
1284 5660 1443 5726 Θεὸνς
1487 5658 1637 5734 cant.
1686 5662 1780 5715 lat.
1830 5657 1999 5734 addit.
2022 5672 2184 5734 tum.

2310 5658 2385 5728 (b)
2416 5657 2490 5710 ita
2519 5666 2572 5710 et
2604 5662 2731 5723 text.
2763 5654 2857 5710 Gr.
2883 5654 3017 5713 ἐστὶ.
3040 5676 3109 5691 ——
3130 5645 3202 5719 (ε)
3228 5643 3505 5699 Abraham.
3541 5642 3610 5703 Et
3639 5644 3709 5701 ita

466 5729 596 5791 text.
628 5738 718 5793 Gr.
747 5740 997 5808 'Aépaéu.
1023 5738 1191 5811 ——(d)
1232 5736 1357 5792 Post
1385 5742 1477 5804 eu,
1515 5732 1663 5789 deest
1696 5732 1901 5805 perculi,
1925 5736 2083 5791 etiam
2109 5732 2164 5789 in
2189 5729 2309 5787 cod.
2350 5731 2505 5786 Cant.
