5170 6516
1470 369 1579 429 413
1999 365 2272 429 EUSEBI!
2309 368 2639 428 VERCELL.
2682 369 3124 429 EVANGELIUM
3163 369 3299 428 CUN
3337 341 3564 429 VARHS
3599 371 3748 430 COD.
3785 372 4166 433 COLLATUM.
4589 370 4696 430 416

1851 477 2076 536 CODEX
2115 479 2644 538 VERCELLENSIS.

1480 573 1610 628 ditis
1639 571 1788 628 mihi.
1811 575 1816 578 ’

1477 643 1566 697 46.
1611 645 1740 709 Quis
1764 657 1830 698 ex
1855 650 2092 699 vestrum

1477 722 1666 782 arguet
1696 727 1781 768 me

1479 783 1548 837 de
1579 783 1835 852 peccato?

1481 852 1539 908 Si
1571 853 1848 907 veritatem

1480 923 1622 986 dico,
1651 937 1816 992 quare

1481 1008 1588 1046 non
1612 993 1782 1046 credi-

1480 1064 1566 1118 n.
1613 1062 1677 1116 tis
1707 1061 1878 1116 mihi?
1914 1060 1994 1130 Qu
2035 1102 2049 1116 .
2094 1103 2107 1116 .

1416 1132 2098 1188 'exDeo......-

1480 1201 1546 1256 ba
1576 1202 1666 1256 Dei
1695 1201 1861 1256 audit.
1901 1202 1949 1256 ι-

1479 1273 1580 1326 deo
1608 1286 1702 1326 vos
1729 1286 1833 1325 non
1955 1302 1957 1304 -

1479 1341 1716 1404 creditis,
1747 1341 1862 1409 qui-

1478 1425 1508 1465 a
1538 1426 1604 1466 ex
1634 1412 1742 1467 Deo
1770 1426 1876 1466 non

1477 1484 1628 1536 estis.

1476 1551 1564 1606 48.
1607 1549 2014 1620 Responderunt

1475 1620 1684 1683 Judaei,
1710 1629 1764 1675 et
1788 1621 1868 1675 di-

1478 1699 1671 1744 xerunt
1696 1709 1708 1744 :
1741 1691 1854 1746 Non

1477 1760 1614 1814 bene
1640 1760 1862 1816 dicimus

1474 1831 1615 1900 quod
1641 1831 1824 1884 Sama-

1475 1901 1681 1953 ritanus
1706 1915 1765 1953 es
1792 1911 1868 1964 tu,

1477 1971 1493 1998 ¹
1523 1978 1576 2022 et
1609 1969 1880 2022 daemoni-

1475 2053 1566 2090 um
1615 2037 1777 2091 habes
1799 2038 1822 2090 ?

1476 2106 1568 2160 49.
1608 2105 1900 2174 Respondit
1923 2107 2080 2164 Jesus
2104 2127 2116 2162 :

1487 2176 1598 2244 Ego
1628 2177 1905 2232 daemoni-

1477 2261 1567 2299 um
1599 2259 1700 2298 non
1730 2245 1823 2298 ha-

1475 2315 1599 2376 beo,
1630 2315 1720 2369 sed
1753 2315 1920 2372 hono-

1476 2385 1695 2439 rilicabo
1720 2385 1820 2439 Pa-

1478 2463 1614 2509 trem
1647 2470 1821 2508 meum
1849 2473 1862 2509 ε

1478 2539 1573 2576 νος
1603 2539 1686 2577 me
1715 2539 1820 2578 non

1476 2593 1798 2648 honorifica.

1477 2664 1566 2718 50.
1607 2665 1692 2717 tis.
1720 2663 1824 2733 Ego
1853 2674 2028 2720 autem

1479 2747 1583 2786 non
1615 2749 1777 2799 quaer
1801 2772 1816 2787 .
1857 2775 1872 2790 .

1483 2842 1496 2855 .
1541 2843 1554 2856 .
1596 2805 1762 2858 oriam
1794 2821 1962 2861 meam
1992 2825 2004 2859 :

1480 2881 1563 2927 est
1585 2875 1675 2940 qui
1705 2890 1864 2940 quae-

1479 2951 1582 3008 rat,
1606 2954 1658 2996 et
1684 2943 1904 3011 judicet.

1481 3013 1570 3066 5|.
1611 3015 1800 3080 Amen,
1828 3031 1979 3070 amen
2008 3016 2077 3073 di-

1476 3097 1541 3136 co
1571 3083 1721 3157 vobis
1745 3101 1758 3135 :
1787 3087 1832 3139 si
1857 3087 1974 3157 quis

1478 3151 1698 3206 verbum
1728 3168 1838 3208 me-

1480 3237 1568 3274 um
1594 3237 1849 3291 serVave;

1479 3293 1570 3355 rit,
1602 3299 1829 3348 mortem

1482 3377 1586 3415 non
1613 3361 1813 3418 videbit
1840 3365 1893 3418 in

1481 3441 1776 3486 aeternum.
1829 3484 1832 3486 _

1483 3501 1575 3554 5‘2.
1619 3501 1808 3556 Dicunt
1831 3503 1902 3558 illi
1932 3502 2120 3561 Judaei
2149 3525 2160 3558 :

1481 3569 1632 3623 Nunc
1657 3587 1859 3637 cogno-

1483 3640 1653 3695 vimus
1679 3645 1800 3712 quia
1822 3643 1910 3699 de-
1988 3658 1991 3660 '

2286 573 2523 626 monium
2555 572 2643 626 ha-

2288 641 2403 695 bes.
2434 641 2704 696 Abraham

2290 721 2530 765 mortuus
2557 720 2661 777 est,

2290 781 2312 811 ³
2332 788 2388 836 et
2413 781 2660 837 Profetae
2684 797 2700 836 2

2291 861 2346 904 et
2375 863 2429 924 t_u
2456 851 2591 906 dicis
2619 869 2632 905 :
2660 851 2719 907 Si
2741 853 2861 924 quis

2292 921 2510 974 verbum
2543 937 2656 977 me-

2291 1005 2377 1043 um
2404 991 2653 1058 audierit,

2291 1067 2346 1114 et
2371 1074 2620 1116 servave-

2290 1131 2383 1192 rit,
2409 1145 2512 1184 nou
2540 1147 2658 1199 gus-

2293 1201 2421 1253 tahit
2448 1210 2675 1256 mortem

2291 1268 2344 1323 in
2366 1278 2662 1325 aeternum.

2255 1340 2260 1344 ’
2292 1339 2391 1410 55.
2420 1339 2684 1410 Numquid
2717 1349 2774 1397 ιιι

2293 1409 2463 1480 major
2487 1425 2548 1465 es
2568 1409 2732 1480 quam

2292 1479 2734 1550 Abraham,quia

2291 1559 2534 1602 mortuus
2563 1551 2684 1604 est?

2289 1629 2370 1672 set
2397 1631 2451 1673 et
2480 1619 2582 1672 Pro
2591 1621 2666 1687 fe-

2289 1696 2372 1742 tae
2400 1695 2592 1743 mortui

2285 1759 2448 1811 sunt?
2476 1761 2646 1826 Quem
2676 1771 2728 1816 te

2286 1826 2418 1881 facis
2437 1829 2461 1880 ?

2289 1896 2378 1966 ξι.
2419 1897 2717 1966 Respondit
2740 1901 2896 1958 Jesus
2920 1922 2931 1954 :

2288 1964 2466 2040 Siego
2492 1964 2576 2022 me
2601 1970 2714 2040 glo-

2288 2035 2434 2088 tilica
2443 2053 2588 2103 vero,

2287 2105 2460 2172 gloria
2481 2123 2596 2161 mea

2289 2175 2422 2228 nihil
2449 2185 2560 2231 est:
2584 2187 2669 2233 est
2696 2179 2794 2234 Pa-

2289 2253 2370 2317 ter
2401 2262 2568 2317 meus,
2596 2255 2685 2317 qui
2753 2300 2763 2309 ,

2287 2314 2548 2383 gloriﬁcat
2578 2314 2683 2384 me,

2289 2399 2446 2452 quem
2475 2403 2568 2439 vos
2593 2389 2674 2440 di-

2290 2455 2412 2508 citis
2434 2458 2571 2522 quod
2597 2459 2737 2513 Deus

2287 2523 2375 2579 55.
2417 2525 2438 2555 ⁸
2461 2537 2634 2582 vester
2658 2537 2759 2593 est,
2785 2537 2839 2583 et

2289 2609 2409 2666 non
2427 2598 2675 2666 agnovis-

2291 2664 2355 2718 tis
2382 2664 2528 2720 illum
2559 2685 2572 2720 :

2286 2750 2387 2804 ego
2409 2741 2528 2790 novi
2557 2738 2704 2792 illum
2736 2756 2748 2791 :

2289 2805 2357 2858 Et
2385 2808 2428 2860 si
2461 2808 2648 2864 dixero

2289 2877 2411 2942 quia
2439 2881 2619 2932 nescio

2289 2961 2433 3010 eum,
2463 2965 2555 3001 ero
2583 2950 2654 3002 si-

2291 3015 2435 3068 milis
2462 3021 2630 3079 vobis,

2293 3085 2539 3139 mendax.
2571 3089 2674 3142 Sed

2295 3157 2422 3206 novi
2451 3157 2621 3222 illum,

2291 3224 2386 3278 ‘et
2414 3228 2632 3280 verbum
2661 3243 2718 3282 e-

2293 3295 2382 3350 56.
2419 3298 2506 3361 jus
2533 3313 2708 3353 servo.
2733 3298 2900 3354 Abra-

2295 3364 2415 3418 ham
2445 3367 2600 3421 Pater
2627 3384 2739 3424 ves-

2297 3445 2380 3490 ter
2405 3441 2639 3490 exsulta-

2293 3507 2370 3559 vit
2399 3516 2455 3560 ut
2474 3508 2678 3562 videret

2293 3575 2433 3630 diem
2465 3594 2639 3631 meum
2666 3597 2677 3630 :

2296 3646 2371 3717 (ὁ)
2395 3656 2448 3702 et
2473 3649 2510 3717 οξ·
2532 3649 2688 3715 vidit,
2713 3659 2765 3704 et
2789 3663 2881 3717 ga-

3559 482 3782 540 CODEX
3822 484 4260 542 VERONENSIS.

3133 570 3350 627 creditis
3371 572 3523 628 milii.

3133 642 3220 696 46.
3261 641 3390 708 Quis
3415 658 3481 697 ex
3508 657 3605 698 vo-

3134 710 3214 765 bis
3233 721 3419 780 arguet
3441 728 3526 767 me

3134 780 3201 834 de
3229 783 3483 850 peccato?

3135 850 3188 905 Si
3221 849 3498 906 veritatem

3135 921 3274 981 dico,
3293 936 3456 988 quare

3135 1004 3227 1044 VOS
3258 1005 3359 1044 non
3391 1006 3510 1045 cre-

3134 1059 3257 1113 ditis
3287 1059 3413 1113 mihi
3435 1060 3459 1113 τ

3133 1131 3223 1186 47.
3261 1130 3361 1196 Qui
3395 1138 3476 1184 est
3501 1143 3570 1184 ex

3134 1199 3266 1264 Deo,
3296 1199 3454 1254 verba

3135 1268 3225 1324 Dei
3254 1269 3420 1322 audit.

3135 1340 3419 1408 Propterea
3451 1353 3545 1393 vos

3136 1423 3239 1462 non
3269 1408 3482 1470 auditis.

3172 1481 3386 1532 naniam
3414 1494 3476 1531 ex

3181 1564 3244 1602 eo
3277 1564 3378 1601 non
3403 1549 3550 1602 estis.

3133 1618 3222 1688 48.
3265 1617 3678 1688 Responderunt

3134 1685 3342 1751 Judaei,
3365 1685 3419 1742 et

3133 1757 3380 1810 dixerunt
3410 1758 3458 1810 ei
3488 1775 3498 1807 :

3134 1827 3319 1880 Nonne
3343 1836 3487 1881 recte

3134 1896 3360 1948 dicimus
3393 1912 3490 1949 nos

3134 1967 3261 2030 quia
3285 1967 3471 2019 Sama-

3138 2037 3340 2088 ritanus
3364 2048 3419 2087 es
3445 2044 3521 2097 tu.

3137 2115 3188 2157 et
3219 2104 3552 2157 daemonium
3581 2104 3780 2158 habes?

3136 2174 3225 2227 49.
3271 2175 3556 2240 Respondit
3577 2173 3731 2229 .lesus
3755 2190 3769 2228 :

3137 2244 3248 2312 Ego
3269 2244 3605 2298 daemonium

3138 2328 3240 2366 nou
3271 2315 3460 2377 habeo,

3135 2383 3512 2456 sedhonorifi-

3134 2454 3196 2506 co
3223 2454 3430 2507 Patrem

3135 2539 3311 2577 meum
3348 2541 3360 2574 ε
3397 2539 3493 2576 νος

3133 2593 3207 2716 ἕο)
3235 2593 3626 2673 dehonoriﬁca-

3167 2666 3220 2716 0.
3266 2675 3328 2716 us
3349 2663 3385 2716 ’1-
3413 2680 3517 2716 me.
3553 2663 3626 2716 Et:

3167 2666 3220 2719 0.
3266 2664 3328 2716 tis
3349 2663 3385 2733 ’ᾗ-
3413 2680 3517 2718 me.
3553 2663 3666 2732 Ego

3135 2744 3310 2787 autem
3343 2749 3447 2788 non

3133 2818 3333 2872 quaero
3355 2805 3523 2860 hono-

3135 2889 3246 2928 rem
3278 2890 3450 2928 meum
3484 2893 3495 2927 Ξ

3135 2953 3218 2997 est
3242 2945 3328 3012 qui
3355 2945 3583 3013 quaerit.

3137 3016 3418 3081 etjudicat.

3139 3085 3224 3138 51.
3267 3084 3458 3143 Amen.
3493 3096 3648 3137 amen

3138 3153 3258 3206 dico
3283 3154 3430 3208 vobis
3453 3171 3467 3208 :

3139 3225 3183 3276 si
3213 3225 3330 3292 quis
3359 3223 3578 3277 verbum

3141 3308 3315 3346 meum
3341 3295 3592 3347 servabe-

3141 3364 3227 3426 rit,
3265 3373 3484 3418 mortem

3143 3447 3246 3486 non
3276 3435 3476 3488 videbit

3142 3505 3192 3556 in
3232 3514 3529 3558 aeternum.

3143 3573 3229 3627 52.
3275 3575 3530 3630 Dixerunt

3142 3648 3190 3698 ei
3217 3645 3401 3700 Judaei
3429 3665 3440 3699 :

3944 576 4093 632 Nunc
4119 575 4370 646 cognovi-

3943 663 4062 700 mus
4091 647 4342 716 quoniam

3944 716 4284 771 daemonium

3945 787 4126 840 habes.
4160 785 4430 840 Abraham

3944 867 4183 910 mortuus
4211 864 4315 919 est,

3945 936 3999 980 et
4031 926 4326 988 Prouhetae
4350 942 4366 978 :

3945 1005 3999 1048 et
4029 1006 4080 1048 tu
4112 996 4247 1049 dicis
4273 1013 4287 1048 :

3945 1064 4000 1120 Si
4031 1067 4148 1134 quis
4175 1066 4394 1118 verbum

3946 1150 4120 1188 meum
4143 1135 4388 1189 servabe-

3945 1205 4033 1266 rit,
4058 1219 4162 1257 non
4185 1213 4358 1273 gusta-

3947 1274 4023 1327 bil
4052 1283 4298 1327 mortem.

3944 1343 4032 1398 55.
4073 1341 4335 1413 Numquid
4367 1350 4424 1398 tu

3948 1413 4116 1478 major
4143 1428 4202 1466 es
4230 1413 4399 1466 Abra-

3947 1481 4068 1544 hae,
4091 1485 4179 1552 qui
4205 1497 4340 1537 mor-

3949 1563 4068 1606 tuus
4105 1552 4222 1607 est?
4252 1561 4306 1608 et

3949 1622 4266 1689 PrOphetae,

3943 1693 4030 1757 qui
4063 1694 4256 1747 mortui

3943 1762 4099 1814 sunt?
4128 1763 4294 1826 Quem

3945 1842 3997 1884 te
4025 1845 4151 1895 ergo
4180 1831 4359 1900 facist

3944 1900 4030 1953 δι.
4072 1899 4363 1970 Respondit
4391 1899 4476 1956 Je-

3944 1984 4032 2022 sus
4060 1989 4073 2022 :
4099 1970 4152 2024 Si
4182 1986 4282 2038 ego
4311 1974 4412 2026 ho-

3945 2040 4167 2094 noriﬁco
4199 2057 4306 2105 me,

3945 2110 4116 2163 honor
4140 2125 4291 2164 meus

3945 2179 4072 2233 nihil
4101 2188 4184 2235 est
4214 2221 4222 2231 .
4267 2181 4365 2234 Pa-

3947 2259 4024 2302 tcr
4047 2266 4195 2303 meus
4231 2260 4334 2316 est,

3944 2321 4032 2389 qui
4057 2320 4311 2373 honorili-

3943 2400 4027 2444 cat
4051 2405 4155 2452 me,
4187 2405 4344 2458 quem

3946 2474 4043 2512 vos
4066 2459 4240 2513 dicitis

3943 2531 4188 2597 thOniam
4223 2529 4361 2585 Deus

3943 2598 4029 2652 55.
4076 2611 4272 2661 vester,
4303 2610 4357 2655 et
4385 2613 4492 2654 non

3942 2671 4108 2723 nostis
4138 2685 4258 2723 eum
4290 2688 4304 2724 :

3941 2753 4040 2807 ego
4065 2738 4242 2794 autem

3943 2806 4060 2862 nOvi
4089 2827 4207 2863 eum
4238 2827 4251 2862 :
4281 2809 4344 2864 Et
4369 2809 4412 2864 si
4433 2806 4624 2863 dixero

3945 2882 4195 2947 quoniam
4223 2895 4328 2933 non

3946 2950 4067 3000 novi
4098 2965 4240 3013 eum,
4271 2963 4366 3003 ero

3947 3019 4134 3070 similis
4167 3019 4334 3080 vobis,

3948 3092 4196 3140 mendax.
4229 3087 4337 3141 Sed

3949 3157 4060 3210 scio
4091 3158 4262 3220 illum,

3950 3238 4007 3280 et-
4034 3231 4250 3279 verbum
4281 3225 4400 3294 ejus

3950 3297 4218 3349 custodio.

3952 3367 4039 3420 56.
4070 3365 4334 3419 Abraham
4359 3364 4518 3419 Pater

3951 3448 4128 3490 vester
4162 3437 4392 3487 laetaba-

3953 3516 4037 3558 tur
4066 3518 4122 3558 ut
4150 3507 4358 3559 videret

3954 3576 4093 3628 diem
4123 3591 4296 3628 meum
4324 3592 4336 3626 :

3957 3647 4030 3715 ib)
4055 3657 4108 3700 et
4132 3647 4168 3716 οῖ
4198 3644 4353 3716 vidit,
4391 3653 4448 3700 et

2766 3761 2993 3817 CODEX
3032 3759 3416 3815 BRIXIANUS.

1481 3853 1603 3932 ditis
1656 3855 1804 3932 mihi.
1851 3857 1980 3932 Quis
2025 3871 2089 3910 ex
2132 3857 2285 3932 vobis
2325 3865 2510 3926 arguet
2560 3871 2646 3910 me
2687 3859 2754 3932 de
2783 3865 3034 3932 peccato.
3145 3856 3486 3922 cognovimus
3505 3852 4002 3932 quiadaemonium
4031 3853 4220 3932 habes.
4253 3851 4702 3932 Abraham.mor-

1478 3923 1533 3977 Si
1584 3926 1863 3980 veritatem
1910 3927 2048 3980 dico.
2093 3927 2213 3994 quia
2280 3923 2408 3980 vos'
2434 3943 2538 3979 non
2607 3923 2825 3980 creditis
2887 3926 3035 3978 mihi.
3147 3934 3266 3976 tuus
3291 3934 3390 3976 est.
3422 3933 3474 3976 et
3503 3924 3816 3989 Proplietae.
3850 3934 3901 3975 et
3930 3934 3980 3976 lu
4012 3924 4223 3977 dicis.Si
4254 3924 4372 3994 quis
4399 3923 4705 3975 sei-nionem

1481 3994 1576 4060 Qui
1628 4006 1709 4049 est
1770 4012 1836 4050 ex
1892 3997 1997 4048 Deo
2058 3993 2216 4050 verba
2279 3996 2373 4049 Di-i
2426 3997 2588 4049 audit.
2649 3997 2895 4066 Proterea
2948 4009 3040 4047 vos
3148 4010 3319 4066 meum
3345 3997 3656 4066 servaverit.
3690 4008 3788 4043 non
3810 3995 4041 4066 gustavit
4068 4004 4302 4066 mortem
4327 3993 4377 4066 iu
4403 4004 4705 4066 aeternum.

1484 4080 1586 4135 non
1637 4066 1850 4119 auditis.
1885 4067 2004 4135 quia
2033 4082 2095 4120 ex
2148 4067 2254 4120 Deo
2295 4082 2398 4119 non
2439 4067 2585 4120 esti<.
2635 4065 3040 4133 RespOuderuut
3149 4062 3411 4129 Numquid
3459 4073 3510 4112 tu
3557 4063 3724 4135 m:ij-»r
3753 4077 3809 4135 es
3849 4061 4568 4135 PatrenoslroAbraham.
4618 4061 4706 4126 qui

1485 4133 1644 4198 igitur
1677 4131 1977 4191 Judaeifet
2025 4138 2274 4191 dixerunt
2321 4138 2390 4190 ei.
2454 4137 2638 4189 Nonne
2680 4131 3042 4207 lwuediciinus
3149 4144 3388 4207 mortuus
3419 4139 3610 4207 est._ct
3634 4131 3924 4207 Prophetao
3947 4132 4254 4207 (llllhl'l-IOI‘llll
4287 4137 4429 4207 sunt.
4458 4132 4709 4207 Quem-te

1488 4215 1604 4276 {108-
1640 4206 1759 4276 Quia
1797 4206 2161 4260 Samaritanus
2191 4223 2250 4261 es
2294 4218 2370 4259 tu.
2411 4207 2816 4260 etdaeniunium
2856 4205 3036 4257 habes.
3148 4205 3319 4268 ipsum
3353 4203 3492 4276 lacis.
3530 4201 3819 4276 Respondit
3845 4199 4016 4253 Jesus.
4040 4199 4096 4276 Si
4128 4215 4225 4263 ego
4250 4198 4602 4276 gloriﬁcome
4632 4201 4710 4276 ip-

1491 4267 1778 4344 Hespo’nclit
1851 4277 2026 4330 .Iesus.
2107 4278 2216 4344 Ego
2279 4277 2653 4344 daemonium,
2701 4292 2802 4329 non
2851 4276 3038 4327 habeo.
3150 4267 3287 4327 sum.
3319 4272 3482 4340 gloria
3514 4286 3626 4324 mea
3653 4271 3780 4344 nihil
3803 4280 3903 4344 est.
3929 4269 4195 4344 estPater
4227 4282 4375 4319 tuens
4417 4269 4504 4331 qui
4545 4267 4712 4333 glori-

1487 4339 1911 4415 sed_lionorilico
1953 4339 2174 4400 Patrem
2213 4362 2410 4400 meum.
2451 4357 2504 4401 et
2528 4360 2623 4400 vos
2644 4343 2730 4415 ’(α)
2759 4347 3042 4399 inhonora-
3153 4339 3406 4415 licatine.
3439 4356 3593 4409 queui
3622 4355 3715 4392 vos
3738 4341 3911 4393 dicitis
3949 4342 4068 4415 quia
4105 4339 4252 4415 Deus.
4287 4345 4466 4415 noster
4505 4345 4610 4388 est.
4661 4346 4714 4414 et

1488 4407 1614 4487 tisi;-
1642 4426 1742 4461 tue.
1778 4411 1889 4478 Ego
1915 4425 2089 4487 autem
2120 4432 2221 4468 non
2245 4432 2444 4474 quaero
2471 4407 2692 4487 gloriam
2713 4407 2914 4487 'mcam.
2963 4425 3046 4487 est

3152 4413 3368 4467 nescitis
3395 4405 3535 4465 eum.
3569 4426 3667 4479 ego
3695 4421 3868 4464 autem
3895 4411 4016 4462 novi
4040 4422 4181 4479 eum.
4216 4406 4279 4458 Et
4308 4408 4349 4479 si
4379 4405 4566 4479 dixero
4587 4408 4710 4471 quia

1489 4482 1576 4544 qui
1624 4489 1843 4546 quaerat
1885 4492 1938 4533 et
1983 4482 2200 4546 judicet.
2235 4487 2402 4537 Amen
2443 4482 2599 4538 ainen
2639 4485 2760 4536 dico
2788 4485 2956 4536 vobis.
3001 4484 3044 4534 si

3153 4483 3332 4536 nescio
3359 4496 3501 4533 eum.
3521 4474 3822 4534 erdsimilis
3846 4481 3993 4532 vobis
4023 4476 4266 4530 mendax.
4302 4474 4404 4528 Sed
4436 4475 4546 4528 scio
4566 4489 4711 4525 eum.

1489 4549 1606 4614 quis
1633 4562 1929 4602 sermonem
1959 4565 2134 4603 mcum
2162 4553 2473 4604 servaverit.
2509 4563 2733 4605 mortem
2766 4567 2872 4604 non
2900 4553 3044 4604 vide-
3153 4563 3204 4605 et
3251 4565 3550 4603 sermonem
3591 4549 3706 4615 ejus
3756 4565 3927 4602 servo.
3980 4548 4245 4615 Abraham
4301 4546 4467 4615 lr'ater
4507 4554 4710 4596 vester.

1489 4618 1567 4672 bit
1615 4618 1670 4671 in
1713 4627 2010 4673 aeternum.
2055 4618 2316 4673 Dixerunt
2365 4634 2492 4688 ergo
2540 4620 2593 4674 ei
2642 4619 2846 4673 Judaei.
2898 4619 3048 4674 Nunc
3155 4618 3412 4673 exultavit
3440 4627 3496 4670 ut
3524 4614 3724 4672 videret
3749 4619 3888 4674 diem
3917 4633 4089 4673 meum
4120 4614 4194 4685 (ὁ)
4228 4614 4340 4684 εισι·
4367 4614 4498 4667 vidit
4542 4625 4592 4666 ct
4625 4629 4717 4682 ga-

2751 4729 2978 4784 CODEX
3017 4728 3474 4784 CORBEIENSIS.

1557 4825 1645 4880 46.
1672 4825 1728 4881 Si
1773 4828 2050 4882 veritatem
2080 4827 2101 4856 ⁸
2135 4825 2293 4892 dico,
2342 4837 2507 4894 quare
2548 4837 2646 4878 vos
2690 4837 2795 4876 non
2834 4821 3051 4876 creditis
3225 4821 3312 4894 52,
3356 4835 3466 4894 nou
3485 4822 3717 4894 gustabit
3759 4833 4019 4886 mortem,
4069 4825 4250 4880 omisso
4290 4824 4343 4878 in
4396 4831 4674 4878 aeternum
4701 4862 4714 4886 ,

1496 4895 1621 4950 mihi
1647 4896 1669 4948 ?
2282 4891 2285 4892 ⁷
2360 4891 2374 4894 ’
3152 4891 3290 4959 quod
3318 4892 3562 4959 supplevit
3587 4895 3831 4946 recentior
3856 4910 4052 4947 manus.

1561 4966 1649 5070 4;.
1688 4965 1970 5035 Propterea
2001 4983 2096 5022 vos
2125 4981 2210 5022 me
2248 4981 2352 5021 non
2382 4964 2599 5030 auditis,
2635 4963 2757 5034 quia
2787 4975 2890 5017 non
2918 4961 3047 5016 estis
3154 4960 3618 5070 ωὲξ.“ἓυριέι¹ᾳύἰά
3660 4972 3717 5018 tu
3765 4965 3934 5032 major
3977 4978 4034 5018 es
4078 4980 4236 5034 quam
4279 4963 4580 5028 Abraham,
4626 4963 4717 5031 qui

1492 5049 1557 5090 ex
1595 5035 1724 5088 Deo.
3154 5042 3394 5084 mortuus
3419 5035 3536 5085 est?
3746 5073 3751 5078 .
4435 5055 4440 5058 ·

1563 5103 1650 5179 t9.
1699 5104 2028 5160 inbouoratis
2071 5122 2177 5179 me.
3155 5167 3170 5179 _
3196 5098 3313 5179 n54.
3355 5101 3410 5156 Si
3436 5116 3535 5172 ego
3563 5103 3923 5160 clariﬁcavero
3949 5105 4463 5176 meipsum,claritas
4487 5119 4608 5160 mea
4633 5104 4715 5157 ni-

1565 5174 1650 5228 50.
1693 5189 1796 5228 nou
1824 5191 2020 5243 quaero
2048 5177 2349 5232 claritatem
2381 5191 2573 5230 meam.
3155 5167 3232 5222 hil
3256 5181 3358 5224 est.

1565 5244 1648 5297 5|.
1691 5260 1796 5298 non
1829 5246 2021 5299 videbit
2046 5256 2272 5300 mortem
2300 5249 2352 5300 in
2379 5255 2677 5301 aeternum.

2710 5334 3096 5393 VARIANTES
3124 5327 3518 5395 LECTIONES.

1557 5430 1576 5502 ξ
1607 5429 1712 5502 ρας.
1741 5429 2157 5502 εξ,έτθῳοῃὶυω.
2190 5428 2332 5502 vulg.
2359 5435 2597 5502 es_tu.‘et
2617 5429 2968 5502 daemonium;
3403 5433 3589 5502 etum.
3608 5441 3779 5502 poster
3799 5442 3890 5487 est.
3925 5438 4065 5502 Vulg.
4087 5446 4252 5489 vester
4275 5445 4368 5488 est.

1557 5491 1712 5565 idat.
1730 5488 2094 5565 AetgPrOphetae
2123 5488 2304 5542 mortui
2329 5499 2442 5542 sunt
2463 5507 2473 5540 :
2494 5498 2546 5542 et
2575 5501 2644 5542 tu.
2670 5491 2814 5553 Vulg.
2849 5501 2899 5539 et
2932 5491 3052 5539 Pro-
3277 5493 3392 5565 ξφ.
3411 5495 3697 5565 et_r_nand_a_ta
3719 5499 3837 5558 ejus.
3871 5488 4085 5565 Vulg."et
4110 5488 4382 5549 sermonem
4411 5497 4536 5559 ejus.

1492 5549 1698 5610 phetae?
1722 5558 1775 5600 et
1798 5558 1864 5600 tu.
1920 5549 1934 5553 “
1959 5615 1962 5618 ν
2692 5617 2696 5622 ι
2765 5549 2785 5553 “
3217 5552 3238 5582 ⁸
3272 5552 3372 5602 Gal.
3395 5559 3440 5602 et
3463 5555 3581 5604 Mm.
3604 5555 3730 5618 dico,
3742 5549 3893 5622 quare
3915 5549 3999 5611 vu's
4019 5574 4132 5610 non.

2819 5632 3180 5690 BLANCHINI
3218 5635 3444 5691 NOTIE.

1577 5753 1649 5819 (η)
1677 5753 1753 5810 lta
1777 5764 1829 5811 et
1857 5764 1966 5812 tex.
1996 5755 2090 5842 Gr.
2123 5755 2409 5826 ἀτιμάζετε.
2439 5783 2511 5798 -
2531 5752 2608 5827 (b)
2635 5742 2829 5819 Addit,
2859 5763 2940 5818 et;
2967 5751 3124 5808 etiam
3153 5751 3205 5807 in
3231 5760 3358 5807 text.
3384 5751 3476 5806 Gr.
3508 5756 3608 5807 καὶ.
