3898 6406
520 367 625 421 427
1034 359 1303 420 EUSEBU
1340 358 1697 417 VERGILL.
1738 361 2182 421 EVANGELIUM
2219 364 2365 423 CUM
2407 363 2631 421 VARUS
2668 362 2825 420 COD.
2862 357 3251 418 COLLATUM.

909 470 1143 528 (ΖΟΒωί
1182 467 1729 526 VERCELLENSHS.

527 569 701 621 habeo
732 564 921 619 iterum

528 636 770 691 sumendi
799 652 937 688 eam.

528 708 639 762 Iloc
668 710 805 761 enim
829 721 975 760 man-

537 778 715 831 hutum
744 778 923 841 accepi

530 864 556 900 a
587 849 661 919 (rt)
690 848 842 902 Patre
870 846 930 915 in

535 915 617 972 i9.
665 919 929 971 Itissensio
957 915 1051 970 ite—

532 1004 646 1041 rum
679 987 807 1040 farta
834 994 916 1040 est

531 1056 669 1111 inter
692 1057 926 1110 Judaeos

530 1137 745 1195 propter
771 1126 867 1179 hus

532 1212 830 1251 εοῑιιιοιιος.

530 1268 616 1321 20.
663 1267 725 1319 Et
750 1264 999 1319 dicebant

536 1336 686 1388 multi
714 1351 778 1389 ex
802 1337 906 1390 illis
940 1350 954 1385 :

536 1404 817 1458 Daemoui—

536 1491 625 1529 um
660 1476 838 1540 habet,
864 1482 921 1529 et

536 1546 732 1597 insanit
765 1566 776 1598 :
806 1542 932 1612 quid

538 1615 687 1667 illum
716 1616 870 1668 audi-

536 1684 597 1738 21
613 1725 626 1737 .
672 1688 738 1738 tis
755 1685 777 1735 ’ἶ
806 1682 909 1738 Alii

538 1755 787 1809 dicebant
816 1771 828 1806 :
865 1752 1009 1805 Ilaec

605 1861 617 1875 .
660 1826 751 1875 rba
783 1836 890 1875 non

544 1901 669 1945 sunt
688 1892 904 1945 daemo-

547 1962 692 2014 nium
719 1961 917 2012 haben-

549 2041 627 2083 tes
662 2049 673 2082 ε
704 2026 955 2098 numquid

547 2100 885 2154 daemonium

551 2180 723 2239 potest
753 2182 939 2223 (33800"

548 2254 665 2293 rum
692 2241 871 2293 oculos

550 2310 759 2375 aperire
775 2312 798 2359 ἰ

518 2414 523 2425 .
552 2373 636 2431 22.
682 2378 839 2433 Facta
863 2384 985 2429 sunt
1014 2373 1116 2428 En-

550 2450 696 2502 cenia
730 2450 782 2501 in
813 2448 933 2501 Ilie—

550 2519 832 2587 rosolymis
858 2535 869 2568 :
894 2524 949 2570 et

550 2588 741 2642 hiemis
768 2597 901 2641 erat.

548 2658 635 2712 25.
680 2658 741 2712 Ει
770 2655 1077 2711 ambulabat

547 2728 701 2809 1Iesus
723 2730 772 2808 in
804 2728 1023 2797 templo,

547 2815 599 2851 ιιι
633 2810 839 2867 porticu

553 2868 877 2921 Solomonis.

548 2937 651 2991 2t.
679 2935 1017 2989 Circuierunt

552 3021 679 3073 ergo
701 3004 847 3057 illum
874 3003 970 3058 Ju-
997 3065 1001 3069 ί

552 3072 694 3137 daei,
724 3084 775 3127 et
799 3072 942 3127 dice-

554 3145 680 3197 bant
704 3145 776 3197 illi
812 3161 823 3194 :
856 3142 955 3198 Us-

551 3228 764 3282 quequo
791 3214 903 3266 ani-

553 3298 695 3335 ηιιιιιι
722 3293 895 3336 nostra
905 3297 954 3336 ιιι

556 3353 753 3406 tolles?
782 3353 823 3404 si
853 3362 905 3404 tu
928 3365 985 3405 es

552 3420 925 3484 Cbristus,dic
958 3420 1062 3472 nob
1103 3454 1116 3468 .
1162 3456 1175 3469 .

687 3501 979 3629 iiéspondit
1008 3558 1112 3613 illis

551 3630 708 3685 Jesus
739 3648 749 3681 :
785 3630 897 3683 Dixi
925 3630 1095 3693 vobis,
1152 3646 1155 3651 ί

550 3710 605 3755 ct
626 3715 727 3754 nOu
760 3701 929 3753 credi-

552 3773 620 3824 tis
650 3788 662 3822 :
688 3784 845 3838 onera
870 3782 1005 3837 quae
1034 3782 1089 3822 e-

551 3854 618 3910 go
647 3839 781 3895 facio
813 3842 866 3893 in
896 3854 993 3893 no—

1348 564 1495 642 mine
1510 562 1707 641 .Patvis

1351 639 1479 693 mei,
1511 639 1623 698 ipsa
1659 639 1764 686 tes—

1268 758 1273 761 ,
1350 700 1641 755 timonium

1349 770 1531 824 dicunt
1554 771 1628 825 de

1350 840 1442 893 26.
1471 855 1557 893 me
1585 858 1600 890 :
1634 838 1728 894 sed
1753 854 1847 896 vos
1872 855 1977 899 non

1352 910 1601 973 creditis,
1627 925 1731 963 non

1352 980 1496 1033 enim
1521 978 1655 1033 estis

1352 1049 1420 1105 de
1449 1048 1639 1102 ovibus
1676 1062 1787 1103 me-

1353 1118 1423 1179 is,
1456 1120 1597 1173 sicut
1617 1118 1725 1171 dixi

1353 1187 1443 1240 27.
1486 1188 1657 1241 vobis.
1689 1186 1789 1252 Qui
1812 1200 1912 1242 sun
1951 1225 1963 1239 .
2021 1224 2038 1238 .

1355 1272 1422 1312 ex
1444 1257 1635 1311 ovibus
1658 1272 1769 1310 mc-

1358 1327 1422 1391 is,
1454 1341 1640 1380 vocem
1669 1341 1782 1381 me-

1356 1413 1441 1449 am
1473 1396 1693 1449 audiunt
1719 1413 1732 1447 :

1359 1475 1412 1521 et
1436 1482 1533 1535 ego
1554 1480 1783 1535 cognos-

1357 1551 1421 1590 co
1450 1538 1588 1600 illas,
1619 1548 1672 1589 et
1702 1549 1786 1589 se-

1357 1615 1549 1659 cuntur
1581 1620 1665 1659 me
1694 1621 1708 1657 τ

1356 1674 1448 1728 28.
1489 1682 1546 1729 et
1565 1689 1663 1741 ego
1682 1673 1844 1728 vitam

1360 1753 1635 1797 aeternam

1364 1811 1720 1866 doilliszetn
1754 1850 1770 1865 .
1813 1848 1829 1865 .

1366 1888 1594 1950 pereunt
1623 1882 1673 1933 in
1700 1894 1823 1948 per-

1367 1960 1607 2020 petuum.
1635 1960 1693 2020 et
1717 1964 1808 2003 ue-

1371 2018 1459 2074 mo
1487 2022 1623 2088 rapit
1647 2018 1762 2071 illas

1366 2092 1382 2121 ¹
1405 2090 1473 2143 de
1501 2105 1655 2142 manu
1684 2103 1796 2143 me-

1364 2159 1454 2214 29.
1496 2176 1545 2213 a.
1576 2160 1731 2212 Pater
1758 2155 1898 2227 quod

1365 2230 1513 2284 dedit
1544 2230 1693 2293 mihi,

1365 2300 1535 2369 majus
1560 2308 1644 2352 est
1672 2312 1785 2351 om-

1366 2369 1521 2424 nibus
1553 2386 1565 2421 :
1589 2380 1644 2424 et
1666 2384 1757 2422 ne—

1367 2454 1457 2494 mo
1482 2448 1657 2509 potest
1685 2454 1767 2493 ra-

1367 2508 1497 2580 pere
1522 2508 1652 2580 illud
1677 2510 1744 2563 de

1365 2596 1521 2634 manu
1546 2579 1716 2633 Patris

1364 2650 1453 2707 30.
1495 2654 1619 2705 mei.
1655 2649 1788 2717 Ego,
1816 2646 1987 2703 etPav

1366 2730 1447 2775 ter
1476 2736 1639 2776 unum
1679 2733 1771 2772 su-

1366 2792 1456 2846 51.
1497 2805 1633 2843 mus.
1660 2788 1919 2843 Tulerth

1363 2874 1493 2928 ergo
1514 2858 1718 2928 lapides

1366 2927 1581 2983 Judaei.
1601 2939 1654 2980 ut
1674 2929 1825 2982 illum

1364 2997 1683 3067 lapidarent.

1367 3065 1458 3121 52.
1503 3065 1796 3128 Respondit
1838 3066 1916 3120 eis

1369 3136 1524 3191 Jesus
1548 3152 1561 3190 :
1596 3135 1753 3189 Multa
1776 3150 1835 3189 o-

1372 3221 1495 3276 pera
1527 3206 1664 3259 bona

1371 3277 1577 3331 osmndi
1604 3289 1696 3329 vo-

1374 3346 1457 3401 bis
1485 3361 1547 3401 ex
1581 3345 1737 3399 Patre

1374 3455 1387 3468 .
1425 3453 1449 3479 ρ
1491 3455 1504 3468 .
1548 3424 1765 3483 propter

1373 3484 1941 3539 ..0deoru....

1372 3569 1458 3608 me
1488 3553 1772 3622 lapidatis?

1371 3624 1460 3678 55.
1504 3622 1802 3691 [ieSpondev
1856 3629 1916 3675 nt

1375 3693 1451 3746 illi
1472 3692 1662 3746 Judaei
1693 3710 1705 3745 :
1735 3692 1791 3743 Dt
1890 3708 1891 3711 ‘

1376 3762 1518 3815 bono
1546 3776 1708 3827 opere

1379 3846 1487 3886 non
1512 3842 1564 3885 te
1590 3829 1792 3899 lapida-

2634 470 2863 528 CODEX
2900 467 3351 525 VEItUNENSIS.

2216 566 2388 620 habeo
2416 566 2608 619 iterum

2167 690 2172 696 ,
2214 635 2457 690 sumendi
2486 651 2603 690 eam
2634 653 2647 687 :

2215 706 2325 759 Hoc
2356 720 2572 786 praece-r

2215 783 2362 842 ptum
2390 790 2516 829 accc
2524 783 2571 843 pi
2603 788 2633 826 a

2215 846 2291 912 (α)
2319 845 2475 897 Patre
2499 845 2557 913 1-.

2217 902 2303 969 ia.
2347 902 2615 967 Dissetisio
2644 902 2837 969 iterum

2215 985 2350 1038 facta
2378 992 2461 1036 est
2491 983 2631 1037 inter

2215 1052 2445 1108 Iudaeos
2475 1060 2692 1122 propter

2215 1137 2491 1177 sermones
2524 1125 2641 1177 bos.

2213 1192 2305 1246 20.
2348 1192 2414 1245 Ει
2436 1192 2685 1246 dicebant

2216 1262 2368 1315 multi
2396 1278 2458 1315 ex
2488 1262 2594 1316 illis
2622 1278 2636 1314 :

2217 1331 2566 1385 Daemonium

2218 1400 2402 1466 habet,
2427 1409 2483 1455 et

2219 1469 2418 1524 insanit
2450 1470 2618 1541 {quid

2218 1554 2340 1593 eum
2372 1539 2520 1592 audi-l

2219 1608 2310 1661 21.
2356 1610 2466 1662 tis?
2496 1608 2597 1661 Alii
2627 1606 2705 1661 di-

2221 1680 2415 1731 cebant
2441 1694 2453 1727 :
2484 1678 2625 1731 Haec

2219 1746 2378 1799 Verba
2411 1760 2515 1799 non

2218 1826 2345 1868 sunt
2372 1815 2589 1870 daemo-

2221 1886 2363 1937 nium
2392 1884 2639 1939 nabentis
2668 1900 2682 1937 :

2220 1956 2474 2021 numquid
2500 1955 2626 2008 dae—

2220 2028 2455 2077 mmtiuin
2483 2032 2656 2091 potest

2221 2108 2499 2149 caecorum
2524 2109 2651 2148 OCU-

2222 2164 2303 2216 los
2329 2164 2584 2226 aperire?

2219 2231 2305 2287 22.
2354 2234 2513 2288 Facta
2542 2240 2666 2287 sunt

2223 2305 2454 2358 Eucenia
2479 2304 2600 2357 Ilie-

2219 2373 2308 2428 25.
2348 2374 2676 2443 rosolymis..
2710 2369 2780 2427 Et

2222 2444 2525 2498 ambulabat
2544 2442 2631 2497 Je—

2219 2528 2310 2568 sus
2336 2515 2388 2567 in
2425 2514 2643 2583 templo,

2220 2583 2272 2636 in
2302 2584 2510 2651 porticu

2218 2653 2545 2708 Salomonis.

2215 2722 2304 2775 24.
2346 2720 2721 2778 Circumdede—

2217 2800 2343 2863 mut
2370 2810 2498 2863 ergo
2522 2809 2647 2847 eum

2216 2862 2425 2933 Judaei,
2444 2862 2511 2917 et

2219 2934 2400 2986 dicunt
2417 2930 2475 2987 ei
2505 2949 2519 2986 ε
2550 2930 2648 2986 Us-

2219 3018 2431 3068 quequo
2452 3001 2565 3054 ani-

2221 3086 2361 3123 mam
2386 3081 2619 3124 littSll'am

2221 3140 2396 3192 tollis?
2426 3142 2469 3193 si
2498 3151 2552 3192 tu

2221 3223 2278 3263 es
2308 3207 2571 3270 Christus,
2599 3206 2687 3262 dic

2222 3279 2376 3333 nobis
2415 3280 2608 3346 palam.
2668 3287 2674 3292 '

2220 3348 2310 3404 25.
2354 3349 2646 3418 Respondit

2221 3421 2302 3474 eis
2323 3418 2482 3473 Jesus
2505 3439 2517 3473 :
2553 3420 2652 3474 Lo—

2222 3503 2358 3558 quor
2386 3490 2561 3555 vobis;

2222 3566 2279 3611 et
2301 3575 2402 3613 non
2425 3560 2599 3614 credi-

2211 3627 2349 3681 .ditis
2374 3646 2387 3680 :
2416 3644 2579 3698 opera

2224 3711 2362 3775 quae
2391 3696 2489 3779 egit
2505 3696 2662 3752 *i‘acio

2228 3781 2280 3817 Ill
2310 3781 2527 3821 nomine

2228 3833 2401 3891 Patris
2429 3837 2557 3901 mei,

3032 563 3164 615 haec
3185 562 3426 616 testimo-

3033 636 3179 685 nium
3205 630 3487 699 perhibent

3031 702 3119 755 26.
3160 702 3227 756 de
3257 715 3338 754 me
3370 719 3383 756 :
3414 700 3513 756 sed

3031 785 3126 824 VOS
3154 787 3256 824 non
3281 784 3402 826 cre—

3031 840 3178 901 ditis.
3202 841 3321 908 quia

3034 925 3140 963 non
3170 912 3300 964 estis
3327 926 3395 965 ex

3032 980 3219 1034 ovibus
3251 982 3406 1047 meis,

3032 1050 3173 1103 sicut
3201 1049 3309 1103 dixi

3030 1118 3120 1171 27.
3160 1118 3335 1172 vobis.
3348 1117 3466 1198 .Qui

3032 1198 3157 1242 sunt
3183 1203 3247 1242 ex
3277 1203 3393 1241 OVI-

3033 1256 3132 1311 bus
3158 1258 3291 1312 meis
3318 1272 3413 1312 vo-

3035 1339 3151 1380 cem
3181 1326 3353 1381 ineam

3036 1396 3255 1449 audiunt
3286 1412 3300 1447 :
3331 1404 3384 1450 et

3038 1478 3138 1532 ego
3164 1479 3433 1535 cognosco

3038 1547 3152 1598 eas,
3183 1543 3238 1588 et
3261 1550 3347 1589 se-

3038 1614 3232 1658 Clﬂlllll‘
3264 1620 3349 1659 me
3377 1620 3389 1655 2
3548 1638 3551 1643 -

3036 1671 3127 1727 28.
3168 1685 3221 1728 et
3245 1688 3344 1742 ego
3373 1673 3541 1728 vitam

3038 1752 3309 1795 aeternam
3337 1742 3406 1796 do

3036 1812 3148 1865 eis:
3177 1820 3233 1866 et
3260 1827 3366 1865 non

3038 1882 3291 1948 peribunt
3315 1881 3367 1934 in

3037 1959 3310 2015 aeternum
3328 1989 3344 2016 ,
3376 1957 3433 2004 et

3034 2032 3139 2073 non
3171 2023 3449 2089 quisquam

3035 2091 3206 2157 rapiet
3233 2106 3323 2143 eas
3353 2091 3420 2144 de

3034 2174 3195 2213 manu
3229 2175 3366 2214 mea.

3031 2227 3123 2299 29.
3155 2230 3313 2283 Pater
3339 2227 3480 2299 quod

3036 2296 3179 2353 dedit
3212 2296 3373 2363 mihi,

3037 2369 3209 2437 majus
3238 2368 3410 2423 Omni-

3038 2437 3138 2516 bus
3166 2448 3248 2493 est
3273 2455 3284 2490 :
3316 2446 3371 2491 et

3036 2514 3191 2562 nemo
3217 2514 3392 2576 palest

3037 2593 3224 2644 rapere
3255 2579 3321 2631 de

3037 2662 3194 2701 manu
3225 2645 3396 2700 Patris

3034 2717 3123 2785 ξι).
3166 2717 3289 2771 mei.
3324 2716 3462 2785 Ego,
3496 2724 3552 2770 et

3036 2784 3193 2839 Pater
3223 2784 3385 2840 unum
3436 2800 3648 2839 sumus.

3034 2855 3124 2909 51.
3166 2856 3509 2910 Sasiulerunt

3036 2938 3163 2993 ergo
3198 2926 3399 2993 lapides

3035 2992 3221 3048 Judaei
3242 2992 3261 3059 ,
3292 3002 3348 3046 ut

3034 3062 3336 3130 lapidarent
3359 3075 3506 3115 eum.

3035 3133 3123 3188 52.
3169 3134 3232 3185 Et
3271 3130 3551 3199 respondit

3035 3206 3115 3257 eis
3144 3202 3300 3255 Jesus
3325 3219 3339 3255 :
3375 3201 3536 3253 Multa

3036 3287 3198 3341 opera
3229 3271 3439 3341 ostendi

3037 3340 3189 3397 vehis
3217 3356 3285 3395 ex
3314 3340 3477 3394 Patre

3038 3426 3160 3467 meo
3179 3453 3194 3473 .
3221 3417 3440 3481 propter

3037 3482 3181 3553 quod
3216 3496 3402 3553 eorum

3039 3546 3173 3618 opus
3203 3565 3289 3604 me
3319 3546 3613 3619 lapidatis?

3040 3622 3128 3677 35.
3171 3620 3591 3689 Responderunt

3042 3694 3091 3748 ei
3120 3692 3306 3746 Judaei
3331 3706 3345 3742 :
3382 3690 3456 3743 De

3046 3762 3188 3815 bono
3217 3775 3381 3829 opere

3048 3844 3155 3886 non
3184 3830 3495 3899 lapidamus

3622 384 3628 390 -
3681 356 3780 415 498

1871 3960 2099 4018 (ΣΟΒΕΧ
2134 3964 2528 4025 BRIXIANUS.

557 4064 727 4117 baheo
756 4065 943 4118 iterum
972 4060 1214 4118 sumendi
1245 4073 1363 4113 eam
1392 4056 1502 4110 Hoc
1530 4063 1869 4122 praeceptum
1899 4068 1926 4105 a
1960 4055 2114 4109 Patre

554 4148 676 4188 meo
696 4136 870 4201 accepi
898 4136 1168 4186 liis-sentio
1192 4127 1545 4201 itermnul‘acla
1569 4135 1651 4179 est
1674 4126 1811 4201 inter
1857 4124 2110 4201 Judaeos.

558 4212 771 4267 propter
799 4196 1069 4256 sermone».
1113 4206 1227 4254 bos.
1263 4200 1324 4253 Et
1363 4198 1615 4267 dicebant
1656 4196 1803 4247 multi
1849 4210 1909 4267 es
1960 4196 2112 4267 ipsis.

561 4263 902 4325 baetittiiiiuttt
938 4273 1096 4322 lubet
1124 4280 1177 4323 et
1222 4270 1434 4321 insanit.
1462 4265 1591 4331 quid
1619 4279 1739 4318 eum
1771 4263 1981 4315 auditis.
2011 4263 2115 4316 Alii

558 4342 823 4394 dicebant.
854 4339 991 4391 llaec
1018 4341 1178 4389 verba
1206 4352 1309 4387 non
1335 4346 1453 4387 sunt
1482 4338 1818 4386 daemonium
1846 4333 2111 4385 habentis.

561 4407 1163 4478 numquiddaemonium
1186 4404 1555 4478 tmtestoeulos
1583 4415 1860 4478 caecwum
1885 4414 2115 4478 aperire.

559 4468 723 4533 Facta-
742 4488 823 4532 est
845 4484 1020 4528 autem
1056 4475 1097 4525 Ι)
1119 4472 1325 4524 -dicatio
1353 4472 1402 4520 iu
1430 4469 1833 4535 Hierosolymis.
1864 4478 1916 4518 et
1946 4468 2113 4519 hiems

559 4562 668 4602 erat
709 4551 771 4600 Ιςι
802 4546 1110 4598 atnlmlabat
1136 4542 1288 4594 Jc-su~
1318 4540 1366 4590 in
1399 4537 1595 4603 templo
1623 4538 1671 4586 in
1713 4537 1915 4600 porticu
1960 4535 2114 4586 Solo-

563 4619 734 4673 monis
753 4615 1233 4670 CircumdmlerUuI
1263 4623 1391 4671 ergo
1419 4623 1537 4661 eum
1565 4605 1769 4658 Judaei.
1798 4614 1851 4657 et
1872 4603 2119 4659 dicebant

563 4691 632 4743 ei.
666 4694 947 4752 Quousque
989 4686 1495 4752 animamuosujam
1546 4673 1848 4752 suspexit-iis:
1895 4674 1936 4725 si
1978 4683 2039 4752 ιιι
2061 4689 2119 4727 es

562 4742 825 4811 Christus.
865 4742 949 4807 diu
978 4754 1130 4805 nobis
1164 4750 1356 4816 palam.
1396 4746 1687 4810 Ιιοςμιιιιιιίι
1724 4744 1802 4797 eis
1825 4743 1996 4816 Jesus
2020 4742 2120 4816 Lp—

563 4843 698 4895 quor
723 4826 868 4876 vobis
891 4834 941 4877 et
972 4840 1075 4876 non
1103 4813 1398 4875 eri-diilitis.
1424 4833 1582 4895 opera
1606 4830 1746 4895 quae
1774 4813 2038 4895 egb__fat'io
2071 4815 2119 4895 in

563 4882 776 4950 tiomine
809 4894 978 4949 Patris
1022 4892 1143 4945 mei.
1178 4892 1307 4943 haec
1343 4882 1707 4942 teStimonium
1740 4885 2018 4954 perhibent
2057 4882 2124 4936 de

2218 4076 2323 4114 me.
2354 4060 2449 4115 sed
2481 4073 2576 4114 vos
2609 4074 2715 4112 non
2745 4040 2985 4112 creditis:
3016 4053 3139 4125 quia
3181 4067 3288 4108 non
3331 4051 3488 4105 eStis.
3518 4064 3584 4104 ex
3615 4046 3806 4101 ovibus

2220 4133 2371 4184 meis.
2399 4134 2536 4185 sicut
2560 4130 2668 4184 dixi
2696 4132 2869 4182 vobis.
2905 4125 3045 4180 Oves
3088 4138 3242 4178 meae
3267 4135 3454 4176 Vocem
3496 4134 3674 4173 meam
3714 4134 3807 4171 au-

2220 4201 2389 4254 diunt.
2432 4214 2485 4256 et
2523 4216 2621 4270 ego
2662 4213 2932 4270 cognosco
2964 4211 3077 4270 eas.
3102 4265 3114 4270 _
3138 4203 3195 4249 et
3247 4200 3548 4261 sequuntur
3573 4204 3699 4270 .me.
3754 4197 3810 4267 et

2220 4285 2318 4337 ego
2384 4265 2580 4324 vitam'
2612 4265 2889 4325 aeternam
2951 4268 3021 4322 do
3067 4265 3167 4321 eis.
3218 4273 3271 4317 et
3322 4278 3429 4337 non
3472 4265 3712 4327 perient.
3756 4265 3808 4311 in

2224 4333 2521 4410 aeternum.
2567 4356 2666 4394 nec
2695 4340 2976 4410 quisquam
3008 4337 3182 4410 rapiet
3220 4348 3313 4410 eas
3355 4333 3423 4386 de
3466 4343 3629 4410 manu
3668 4341 3805 4410 mea.

2229 4405 2388 4459 Pater
2439 4424 2586 4461 meus
2636 4400 2777 4473 quod
2827 4409 2973 4461 dedit
3019 4400 3147 4477 mihi
3191 4404 3363 4477 majus
3406 4400 3669 4477 otitnibus
3704 4406 3805 4477 est.

2232 4486 2285 4526 et
2335 4493 2492 4528 nemo
2552 4467 2725 4541 pcled
2778 4493 2964 4541 rapere
3014 4476 3143 4529 illud
3184 4467 3563 4541 dc'manihus
3632 4467 3806 4519 Patris

2232 4546 2358 4597 mei.
2404 4547 2510 4610 ligo
2550 4558 2598 4597 et
2640 4547 2795 4598 Pater
2833 4540 2997 4597 unum
3036 4558 3243 4597 sumus.
3288 4540 3641 4593 Sus-tulerunt
3680 4551 3807 4610 ergo

2232 4614 2422 4667 iterum
2449 4608 2635 4667 Judaei
2669 4615 2870 4681 lapides
2902 4625 2956 4664 ut
2991 4616 3463 4681 lapidarenteum.
3492 4608 3807 4681 Respondit

2232 4681 2311 4735 eis
2340 4678 2733 4736 Jesus..Mu|ta'
2759 4698 2919 4750 opt-ra
2950 4678 3088 4738 bona
3111 4679 3338 4735 [ostendi
3383 4678 3536 4732 vobis
3578 4696 3604 4729 a
3652 4679 3807 4750 Patre

2233 4767 2371 4825 meo.
2412 4764 2623 4822 propter
2650 4748 2818 4825 quod
2843 4767 3033 4825 eorum,
3068 4767 3203 4818 opus
3239 4750 3491 4819 lapidatis
3526 4763 3637 4803 me.
3674 4748 3808 4825 lies-

2232 4817 2537 4893 poudertuii.
2562 4826 2611 4881 ei
2637 4817 2843 4878 Judaei.
2880 4822 2984 4877 Pro
3022 4817 3163 4879 bono
3202 4817 3387 4889 opere.
3427 4834 3537 4875 non
3580 4826 3636 4873 te
3674 4817 3809 4885 lapi-

1834 5018 2062 5077 CODEX
2098 5015 2553 5081 CORBEIENSIS.

634 5154 725 5206 22.
768 5154 786 5183 ²
817 5150 973 5203 Facta
1000 5156 1078 5199 est
1102 5152 1275 5199 autem
1302 5142 1569 5196 Dedicatio
1599 5143 1649 5194 in
1677 5140 2061 5211 Jerosolymis.

634 5226 723 5280 25.
764 5223 815 5276 in
840 5220 1043 5293 porticu
1069 5214 1385 5277 Sal-.unoais,
1420 5212 1471 5265 in
1503 5212 1723 5279 templo.

2308 5143 2396 5198 51.
2437 5146 2781 5202 Sustulert’mt
2807 5145 3010 5216 lapides
3034 5144 3246 5202 Judaei.

1785 5342 2171 5401 VARIANTES
2208 5342 2605 5403 LECTIONES.

632 5499 645 5523 ι
689 5494 803 5541 Mm.
828 5491 891 5539 de
914 5500 1059 5537 manu
1079 5484 1239 5535 Patris
1261 5482 1378 5532 mei.
1405 5478 1552 5545 Vulg.
1575 5482 1636 5531 de
1660 5492 1804 5530 manu
1826 5491 1954 5529 mea.

2298 5481 2317 5509 ³
2352 5480 2456 5530 ϐαι.
2478 5479 2623 5531 Facta
2645 5487 2807 5531 autem
2834 5484 2949 5531 tunc
2967 5480 3081 5528 sunt
3099 5473 3385 5548 Encheniaa

1861 5596 2221 5656 BLANCHINI
2255 5598 2482 5657 NOTAE.

646 5743 717 5815 (α)
758 5744 877 5799 Post
910 5742 1086 5809 Patre,
1116 5743 1265 5797 deest
1299 5755 1430 5807 meo,
1461 5737 1623 5794 etiam
1657 5736 1710 5793 in
1734 5733 1852 5793 eod.
1879 5733 2035 5790 Cant.
