  <div class='ocr_page' id='page_1' title='image "/cluster/home/n/w/nwhite01/storage/ocr_20150623/12-13/uc1.31175013632818/224.png"; bbox 0 0 1949 3211; ppageno 0'>
   <div class='ocr_carea' id='block_1_1' title="bbox 94 176 146 205">
    <p class='ocr_par' dir='ltr' id='par_1_1' title="bbox 94 176 146 205">
     <span class='ocr_line' id='line_1_1' title="bbox 94 176 146 205; baseline 0.019 -1"><span class='ocrx_word' id='word_1_1' title='bbox 94 176 146 205; x_wconf 68' lang='grc' dir='ltr'><strong>ιὸὂ</strong></span> 
     </span>
    </p>
   </div>
   <div class='ocr_carea' id='block_1_2' title="bbox 287 233 690 263">
    <p class='ocr_par' dir='ltr' id='par_1_2' title="bbox 287 233 690 263">
     <span class='ocr_line' id='line_1_2' title="bbox 287 233 690 263; baseline -0.005 0"><span class='ocrx_word' id='word_1_2' title='bbox 287 234 401 263; x_wconf 83' lang='lat' dir='ltr'><strong>CODEX</strong></span> <span class='ocrx_word' id='word_1_3' title='bbox 423 233 690 263; x_wconf 77' lang='lat' dir='ltr'><strong>VERCELLENSIS.</strong></span> 
     </span>
    </p>
   </div>
   <div class='ocr_carea' id='block_1_3' title="bbox 95 279 800 312">
    <p class='ocr_par' dir='ltr' id='par_1_3' title="bbox 95 279 800 312">
     <span class='ocr_line' id='line_1_3' title="bbox 95 279 800 312; baseline -0.001 -5"><span class='ocrx_word' id='word_1_4' title='bbox 95 286 128 307; x_wconf 91' lang='lat' dir='ltr'><strong>ex</strong></span> <span class='ocrx_word' id='word_1_5' title='bbox 139 279 247 308; x_wconf 72' lang='lat' dir='ltr'><strong>Iudaeis</strong></span> <span class='ocrx_word' id='word_1_6' title='bbox 261 286 306 308; x_wconf 85' lang='lat' dir='ltr'><strong>ve-</strong></span> <span class='ocrx_word' id='word_1_7' title='bbox 507 279 577 312; x_wconf 86' lang='lat' dir='ltr'><strong>quod</strong></span> <span class='ocrx_word' id='word_1_8' title='bbox 592 284 619 307; x_wconf 92' lang='lat' dir='ltr'><strong>tu</strong></span> <span class='ocrx_word' id='word_1_9' title='bbox 636 287 665 307; x_wconf 86' lang='lat' dir='ltr'><strong>es</strong></span> <span class='ocrx_word' id='word_1_10' title='bbox 678 279 800 307; x_wconf 75' lang='lat' dir='ltr'><strong>Christus</strong></span> 
     </span>
    </p>
   </div>
   <div class='ocr_carea' id='block_1_4' title="bbox 96 314 864 351">
    <p class='ocr_par' dir='ltr' id='par_1_4' title="bbox 96 314 864 351">
     <span class='ocr_line' id='line_1_4' title="bbox 96 314 864 351; baseline 0 -10"><span class='ocrx_word' id='word_1_11' title='bbox 96 332 104 341; x_wconf 91' lang='lat'><strong>.</strong></span> <span class='ocrx_word' id='word_1_12' title='bbox 126 334 134 341; x_wconf 94' lang='lat'><strong>.</strong></span> <span class='ocrx_word' id='word_1_13' title='bbox 153 315 274 342; x_wconf 87' lang='lat' dir='ltr'><strong>erantad</strong></span> <span class='ocrx_word' id='word_1_14' title='bbox 507 315 590 351; x_wconf 73' lang='lat' dir='ltr'><strong>Filius</strong></span> <span class='ocrx_word' id='word_1_15' title='bbox 604 314 644 351; x_wconf 88' lang='lat' dir='ltr'><strong>(a)</strong></span> <span class='ocrx_word' id='word_1_16' title='bbox 659 314 671 351; x_wconf 50' lang='grc' dir='ltr'><strong>ἢ</strong></span> <span class='ocrx_word' id='word_1_17' title='bbox 683 315 729 342; x_wconf 88' lang='lat' dir='ltr'><strong>Dei</strong></span> <span class='ocrx_word' id='word_1_18' title='bbox 738 314 768 350; x_wconf 64' lang='lat'><strong>1-,</strong></span> <span class='ocrx_word' id='word_1_19' title='bbox 780 314 825 350; x_wconf 97' lang='lat' dir='ltr'><strong>qui</strong></span> <span class='ocrx_word' id='word_1_20' title='bbox 838 314 864 342; x_wconf 91' lang='lat' dir='ltr'><strong>in</strong></span> 
     </span>
    </p>
   </div>
   <div class='ocr_carea' id='block_1_5' title="bbox 98 350 744 378">
    <p class='ocr_par' dir='ltr' id='par_1_5' title="bbox 98 350 744 378">
     <span class='ocr_line' id='line_1_5' title="bbox 98 350 744 378; baseline 0 -2"><span class='ocrx_word' id='word_1_21' title='bbox 98 354 401 377; x_wconf 86' lang='lat' dir='ltr'><strong>.....a...t&#39;</strong></span> <span class='ocrx_word' id='word_1_22' title='bbox 507 350 744 378; x_wconf 74' lang='lat' dir='ltr'><strong>huncmund...</strong></span> 
     </span>
    </p>
   </div>
   <div class='ocr_carea' id='block_1_6' title="bbox 95 384 847 418">
    <p class='ocr_par' dir='ltr' id='par_1_6' title="bbox 95 384 847 418">
     <span class='ocr_line' id='line_1_6' title="bbox 95 384 847 418; baseline 0.001 -7"><span class='ocrx_word' id='word_1_23' title='bbox 95 384 222 418; x_wconf 86' lang='lat' dir='ltr'><strong>Mariam,</strong></span> <span class='ocrx_word' id='word_1_24' title='bbox 238 390 267 412; x_wconf 90' lang='lat' dir='ltr'><strong>ut</strong></span> <span class='ocrx_word' id='word_1_25' title='bbox 507 385 554 412; x_wconf 88' lang='lat'><strong>28.</strong></span> <span class='ocrx_word' id='word_1_26' title='bbox 574 393 635 412; x_wconf 90' lang='lat' dir='ltr'><strong>ven.</strong></span> <span class='ocrx_word' id='word_1_27' title='bbox 657 405 664 412; x_wconf 89' lang='lat'><strong>.</strong></span> <span class='ocrx_word' id='word_1_28' title='bbox 687 404 693 411; x_wconf 98' lang='lat'><strong>.</strong></span> <span class='ocrx_word' id='word_1_29' title='bbox 717 405 724 412; x_wconf 92' lang='lat'><strong>.</strong></span> <span class='ocrx_word' id='word_1_30' title='bbox 746 405 752 412; x_wconf 93' lang='lat'><strong>.</strong></span> <span class='ocrx_word' id='word_1_31' title='bbox 773 385 847 413; x_wconf 85' lang='lat' dir='ltr'><strong>llaec</strong></span> 
     </span>
    </p>
   </div>
   <div class='ocr_carea' id='block_1_7' title="bbox 94 419 711 452">
    <p class='ocr_par' dir='ltr' id='par_1_7' title="bbox 94 419 711 452">
     <span class='ocr_line' id='line_1_7' title="bbox 94 419 711 452; baseline -0.002 -5"><span class='ocrx_word' id='word_1_32' title='bbox 94 426 139 446; x_wconf 82' lang='lat' dir='ltr'><strong>eas</strong></span> <span class='ocrx_word' id='word_1_33' title='bbox 151 419 275 447; x_wconf 86' lang='lat' dir='ltr'><strong>consola—</strong></span> <span class='ocrx_word' id='word_1_34' title='bbox 506 420 614 452; x_wconf 85' lang='lat' dir='ltr'><strong>dicens,</strong></span> <span class='ocrx_word' id='word_1_35' title='bbox 628 420 711 452; x_wconf 78' lang='lat' dir='ltr'><strong>abiit,</strong></span> 
     </span>
    </p>
   </div>
   <div class='ocr_carea' id='block_1_8' title="bbox 94 455 715 483">
    <p class='ocr_par' dir='ltr' id='par_1_8' title="bbox 94 455 715 483">
     <span class='ocr_line' id='line_1_8' title="bbox 94 455 715 483; baseline 0.002 -2"><span class='ocrx_word' id='word_1_36' title='bbox 94 459 187 481; x_wconf 87' lang='lat' dir='ltr'><strong>rentur</strong></span> <span class='ocrx_word' id='word_1_37' title='bbox 198 455 233 482; x_wconf 91' lang='lat' dir='ltr'><strong>de</strong></span> <span class='ocrx_word' id='word_1_38' title='bbox 506 459 534 483; x_wconf 90' lang='lat' dir='ltr'><strong>et</strong></span> <span class='ocrx_word' id='word_1_39' title='bbox 546 456 649 482; x_wconf 74' lang='lat' dir='ltr'><strong>vomvit</strong></span> <span class='ocrx_word' id='word_1_40' title='bbox 661 455 715 482; x_wconf 88' lang='lat' dir='ltr'><strong>Ma-</strong></span> 
     </span>
    </p>
   </div>
   <div class='ocr_carea' id='block_1_9' title="bbox 507 490 706 518">
    <p class='ocr_par' dir='ltr' id='par_1_9' title="bbox 507 490 706 518">
     <span class='ocr_line' id='line_1_9' title="bbox 507 490 706 518; baseline -0.005 -1"><span class='ocrx_word' id='word_1_41' title='bbox 507 490 572 517; x_wconf 87' lang='lat' dir='ltr'><strong>riam</strong></span> <span class='ocrx_word' id='word_1_42' title='bbox 584 497 706 518; x_wconf 85' lang='lat' dir='ltr'><strong>sororem</strong></span> 
     </span>
    </p>
   </div>
   <div class='ocr_carea' id='block_1_10' title="bbox 506 524 722 557">
    <p class='ocr_par' dir='ltr' id='par_1_10' title="bbox 506 524 722 557">
     <span class='ocr_line' id='line_1_10' title="bbox 506 524 722 557; baseline -0.005 -6"><span class='ocrx_word' id='word_1_43' title='bbox 506 531 581 551; x_wconf 86' lang='lat' dir='ltr'><strong>suam</strong></span> <span class='ocrx_word' id='word_1_44' title='bbox 592 524 701 551; x_wconf 85' lang='lat' dir='ltr'><strong>silentio</strong></span> <span class='ocrx_word' id='word_1_45' title='bbox 713 544 722 557; x_wconf 84' lang='lat'><strong>,</strong></span> 
     </span>
    </p>
   </div>
   <div class='ocr_carea' id='block_1_11' title="bbox 506 559 750 594">
    <p class='ocr_par' dir='ltr' id='par_1_11' title="bbox 506 559 750 594">
     <span class='ocr_line' id='line_1_11' title="bbox 506 559 750 594; baseline 0 -8"><span class='ocrx_word' id='word_1_46' title='bbox 506 559 598 587; x_wconf 89' lang='lat' dir='ltr'><strong>dicens</strong></span> <span class='ocrx_word' id='word_1_47' title='bbox 611 568 618 586; x_wconf 90' lang='lat'><strong>:</strong></span> <span class='ocrx_word' id='word_1_48' title='bbox 631 559 642 574; x_wconf 75' lang='grc'>⁸</span> <span class='ocrx_word' id='word_1_49' title='bbox 655 559 750 594; x_wconf 79' lang='lat' dir='ltr'><strong>Magis-</strong></span> 
     </span>
    </p>
   </div>
   <div class='ocr_carea' id='block_1_12' title="bbox 506 595 694 626">
    <p class='ocr_par' dir='ltr' id='par_1_12' title="bbox 506 595 694 626">
     <span class='ocr_line' id='line_1_12' title="bbox 506 595 694 626; baseline -0.005 -5"><span class='ocrx_word' id='word_1_50' title='bbox 506 598 548 621; x_wconf 88' lang='lat' dir='ltr'><strong>ter</strong></span> <span class='ocrx_word' id='word_1_51' title='bbox 561 595 633 621; x_wconf 91' lang='lat' dir='ltr'><strong>venit</strong></span> <span class='ocrx_word' id='word_1_52' title='bbox 645 614 652 626; x_wconf 93' lang='lat'><strong>,</strong></span> <span class='ocrx_word' id='word_1_53' title='bbox 666 599 694 621; x_wconf 91' lang='lat' dir='ltr'><strong>et</strong></span> 
     </span>
    </p>
   </div>
   <div class='ocr_carea' id='block_1_13' title="bbox 506 634 630 656">
    <p class='ocr_par' dir='ltr' id='par_1_13' title="bbox 506 634 630 656">
     <span class='ocr_line' id='line_1_13' title="bbox 506 634 630 656; baseline 0 0"><span class='ocrx_word' id='word_1_54' title='bbox 506 634 583 656; x_wconf 68' lang='grc' dir='ltr'>νοεει</span> <span class='ocrx_word' id='word_1_55' title='bbox 594 634 619 656; x_wconf 88' lang='lat' dir='ltr'><strong>te</strong></span> <span class='ocrx_word' id='word_1_56' title='bbox 623 649 630 655; x_wconf 83' lang='lat'><strong>.</strong></span> 
     </span>
    </p>
   </div>
   <div class='ocr_carea' id='block_1_14' title="bbox 505 663 791 699">
    <p class='ocr_par' dir='ltr' id='par_1_14' title="bbox 505 663 791 699">
     <span class='ocr_line' id='line_1_14' title="bbox 505 663 791 699; baseline -0.003 -7"><span class='ocrx_word' id='word_1_57' title='bbox 505 663 554 692; x_wconf 55' lang='grc' dir='ltr'>θαι</span> <span class='ocrx_word' id='word_1_58' title='bbox 570 663 618 691; x_wconf 91' lang='lat' dir='ltr'><strong>lila</strong></span> <span class='ocrx_word' id='word_1_59' title='bbox 629 668 657 691; x_wconf 95' lang='lat' dir='ltr'><strong>ut</strong></span> <span class='ocrx_word' id='word_1_60' title='bbox 672 664 791 699; x_wconf 89' lang='lat' dir='ltr'><strong>audivit,</strong></span> 
     </span>
    </p>
   </div>
   <div class='ocr_carea' id='block_1_15' title="bbox 505 699 671 726">
    <p class='ocr_par' dir='ltr' id='par_1_15' title="bbox 505 699 671 726">
     <span class='ocr_line' id='line_1_15' title="bbox 505 699 671 726; baseline 0 0"><span class='ocrx_word' id='word_1_61' title='bbox 505 699 622 726; x_wconf 85' lang='lat' dir='ltr'><strong>surrexit</strong></span> <span class='ocrx_word' id='word_1_62' title='bbox 633 699 671 726; x_wconf 93' lang='lat' dir='ltr'><strong>ci-</strong></span> 
     </span>
    </p>
   </div>
   <div class='ocr_carea' id='block_1_16' title="bbox 505 734 694 766">
    <p class='ocr_par' dir='ltr' id='par_1_16' title="bbox 505 734 694 766">
     <span class='ocr_line' id='line_1_16' title="bbox 505 734 694 766; baseline 0.011 -6"><span class='ocrx_word' id='word_1_63' title='bbox 505 737 549 766; x_wconf 91' lang='lat' dir='ltr'><strong>to,</strong></span> <span class='ocrx_word' id='word_1_64' title='bbox 561 738 589 761; x_wconf 94' lang='lat' dir='ltr'><strong>et</strong></span> <span class='ocrx_word' id='word_1_65' title='bbox 604 734 694 762; x_wconf 79' lang='lat' dir='ltr'><strong>venie-</strong></span> 
     </span>
    </p>
   </div>
   <div class='ocr_carea' id='block_1_17' title="bbox 505 768 705 796">
    <p class='ocr_par' dir='ltr' id='par_1_17' title="bbox 505 768 705 796">
     <span class='ocr_line' id='line_1_17' title="bbox 505 768 705 796; baseline 0.005 -1"><span class='ocrx_word' id='word_1_66' title='bbox 505 768 550 795; x_wconf 92' lang='lat' dir='ltr'><strong>bat</strong></span> <span class='ocrx_word' id='word_1_67' title='bbox 561 768 594 796; x_wconf 87' lang='lat' dir='ltr'><strong>ad</strong></span> <span class='ocrx_word' id='word_1_68' title='bbox 609 768 683 796; x_wconf 90' lang='lat' dir='ltr'><strong>illum</strong></span> <span class='ocrx_word' id='word_1_69' title='bbox 699 778 705 795; x_wconf 87' lang='lat'><strong>:</strong></span> 
     </span>
    </p>
   </div>
   <div class='ocr_carea' id='block_1_18' title="bbox 504 803 729 832">
    <p class='ocr_par' dir='ltr' id='par_1_18' title="bbox 504 803 729 832">
     <span class='ocr_line' id='line_1_18' title="bbox 504 803 729 832; baseline 0.004 -1"><span class='ocrx_word' id='word_1_70' title='bbox 504 803 548 832; x_wconf 80' lang='lat'><strong>&#39;50.</strong></span> <span class='ocrx_word' id='word_1_71' title='bbox 569 803 686 831; x_wconf 86' lang='lat' dir='ltr'><strong>nondum</strong></span> <span class='ocrx_word' id='word_1_72' title='bbox 700 811 729 832; x_wconf 86' lang='lat' dir='ltr'><strong>e-</strong></span> 
     </span>
    </p>
   </div>
   <div class='ocr_carea' id='block_1_19' title="bbox 504 838 684 866">
    <p class='ocr_par' dir='ltr' id='par_1_19' title="bbox 504 838 684 866">
     <span class='ocr_line' id='line_1_19' title="bbox 504 838 684 866; baseline -0.006 0"><span class='ocrx_word' id='word_1_73' title='bbox 504 838 559 866; x_wconf 91' lang='lat' dir='ltr'><strong>nim</strong></span> <span class='ocrx_word' id='word_1_74' title='bbox 573 843 684 866; x_wconf 75' lang='lat' dir='ltr'><strong>venerat</strong></span> 
     </span>
    </p>
   </div>
   <div class='ocr_carea' id='block_1_20' title="bbox 503 873 733 902">
    <p class='ocr_par' dir='ltr' id='par_1_20' title="bbox 503 873 733 902">
     <span class='ocr_line' id='line_1_20' title="bbox 503 873 733 902; baseline 0 -1"><span class='ocrx_word' id='word_1_75' title='bbox 503 873 581 901; x_wconf 77' lang='lat' dir='ltr'><strong>Jesus</strong></span> <span class='ocrx_word' id='word_1_76' title='bbox 596 873 622 901; x_wconf 91' lang='lat' dir='ltr'><strong>in</strong></span> <span class='ocrx_word' id='word_1_77' title='bbox 637 874 733 902; x_wconf 77' lang='lat' dir='ltr'><strong>castel=</strong></span> 
     </span>
    </p>
   </div>
   <div class='ocr_carea' id='block_1_21' title="bbox 504 908 707 936">
    <p class='ocr_par' dir='ltr' id='par_1_21' title="bbox 504 908 707 936">
     <span class='ocr_line' id='line_1_21' title="bbox 504 908 707 936; baseline 0.005 -1"><span class='ocrx_word' id='word_1_78' title='bbox 504 908 559 936; x_wconf 91' lang='lat' dir='ltr'><strong>ium</strong></span> <span class='ocrx_word' id='word_1_79' title='bbox 573 917 580 935; x_wconf 89' lang='lat'>:</span> <span class='ocrx_word' id='word_1_80' title='bbox 593 908 640 936; x_wconf 89' lang='lat' dir='ltr'><strong>sed</strong></span> <span class='ocrx_word' id='word_1_81' title='bbox 658 909 707 936; x_wconf 92' lang='lat' dir='ltr'><strong>ad-</strong></span> 
     </span>
    </p>
   </div>
   <div class='ocr_carea' id='block_1_22' title="bbox 502 943 668 976">
    <p class='ocr_par' dir='ltr' id='par_1_22' title="bbox 502 943 668 976">
     <span class='ocr_line' id='line_1_22' title="bbox 502 943 668 976; baseline 0 -5"><span class='ocrx_word' id='word_1_82' title='bbox 502 944 556 976; x_wconf 79' lang='lat' dir='ltr'><strong>huc</strong></span> <span class='ocrx_word' id='word_1_83' title='bbox 571 946 629 971; x_wconf 89' lang='lat' dir='ltr'><strong>erat</strong></span> <span class='ocrx_word' id='word_1_84' title='bbox 641 943 668 971; x_wconf 88' lang='lat' dir='ltr'><strong>in</strong></span> 
     </span>
    </p>
   </div>
   <div class='ocr_carea' id='block_1_23' title="bbox 504 979 685 1011">
    <p class='ocr_par' dir='ltr' id='par_1_23' title="bbox 504 979 685 1011">
     <span class='ocr_line' id='line_1_23' title="bbox 504 979 685 1011; baseline -0.006 -5"><span class='ocrx_word' id='word_1_85' title='bbox 504 979 563 1006; x_wconf 87' lang='lat' dir='ltr'><strong>loco</strong></span> <span class='ocrx_word' id='word_1_86' title='bbox 575 979 623 1006; x_wconf 92' lang='lat' dir='ltr'><strong>illo</strong></span> <span class='ocrx_word' id='word_1_87' title='bbox 634 999 641 1011; x_wconf 89' lang='lat'><strong>,</strong></span> <span class='ocrx_word' id='word_1_88' title='bbox 658 979 685 1005; x_wconf 94' lang='lat' dir='ltr'><strong>in</strong></span> 
     </span>
    </p>
   </div>
   <div class='ocr_carea' id='block_1_24' title="bbox 503 1021 695 1048">
    <p class='ocr_par' dir='ltr' id='par_1_24' title="bbox 503 1021 695 1048">
     <span class='ocr_line' id='line_1_24' title="bbox 503 1021 695 1048; baseline 0.01 -8"><span class='ocrx_word' id='word_1_89' title='bbox 503 1021 556 1048; x_wconf 90' lang='lat' dir='ltr'><strong>quo</strong></span> <span class='ocrx_word' id='word_1_90' title='bbox 569 1021 695 1042; x_wconf 88' lang='lat' dir='ltr'><strong>occurre-</strong></span> 
     </span>
    </p>
   </div>
   <div class='ocr_carea' id='block_1_25' title="bbox 493 1048 677 1076">
    <p class='ocr_par' dir='ltr' id='par_1_25' title="bbox 493 1048 677 1076">
     <span class='ocr_line' id='line_1_25' title="bbox 493 1048 677 1076; baseline 0.005 -1"><span class='ocrx_word' id='word_1_91' title='bbox 493 1053 544 1075; x_wconf 64' lang='lat' dir='ltr'><strong>‘rat</strong></span> <span class='ocrx_word' id='word_1_92' title='bbox 557 1048 595 1076; x_wconf 87' lang='lat' dir='ltr'><strong>illi</strong></span> <span class='ocrx_word' id='word_1_93' title='bbox 609 1048 677 1076; x_wconf 81' lang='lat' dir='ltr'><strong>Mar-</strong></span> 
     </span>
    </p>
   </div>
   <div class='ocr_carea' id='block_1_26' title="bbox 502 1084 558 1111">
    <p class='ocr_par' dir='ltr' id='par_1_26' title="bbox 502 1084 558 1111">
     <span class='ocr_line' id='line_1_26' title="bbox 502 1084 558 1111; baseline 0.018 -1"><span class='ocrx_word' id='word_1_94' title='bbox 502 1084 558 1111; x_wconf 85' lang='lat' dir='ltr'><strong>tha.</strong></span> 
     </span>
    </p>
   </div>
   <div class='ocr_carea' id='block_1_27' title="bbox 502 1118 772 1152">
    <p class='ocr_par' dir='ltr' id='par_1_27' title="bbox 502 1118 772 1152">
     <span class='ocr_line' id='line_1_27' title="bbox 502 1118 772 1152; baseline 0.004 -7"><span class='ocrx_word' id='word_1_95' title='bbox 502 1119 533 1146; x_wconf 77' lang='lat'><strong>3|</strong></span> <span class='ocrx_word' id='word_1_96' title='bbox 540 1137 547 1145; x_wconf 93' lang='lat'><strong>.</strong></span> <span class='ocrx_word' id='word_1_97' title='bbox 567 1118 660 1146; x_wconf 86' lang='lat' dir='ltr'><strong>Judaei</strong></span> <span class='ocrx_word' id='word_1_98' title='bbox 670 1123 772 1152; x_wconf 89' lang='lat' dir='ltr'><strong>autem,</strong></span> 
     </span>
    </p>
   </div>
   <div class='ocr_carea' id='block_1_28' title="bbox 503 1154 714 1194">
    <p class='ocr_par' dir='ltr' id='par_1_28' title="bbox 503 1154 714 1194">
     <span class='ocr_line' id='line_1_28' title="bbox 503 1154 714 1194; baseline 0.005 -14"><span class='ocrx_word' id='word_1_99' title='bbox 503 1154 548 1194; x_wconf 78' lang='lat' dir='ltr'><strong>qui</strong></span> <span class='ocrx_word' id='word_1_100' title='bbox 562 1159 639 1194; x_wconf 73' lang='lat' dir='ltr'><strong>erant</strong></span> <span class='ocrx_word' id='word_1_101' title='bbox 651 1161 714 1181; x_wconf 88' lang='lat' dir='ltr'><strong>cum</strong></span> 
     </span>
    </p>
   </div>
   <div class='ocr_carea' id='block_1_29' title="bbox 94 488 249 517">
    <p class='ocr_par' dir='ltr' id='par_1_29' title="bbox 94 488 249 517">
     <span class='ocr_line' id='line_1_29' title="bbox 94 488 249 517; baseline 0 -1"><span class='ocrx_word' id='word_1_102' title='bbox 94 488 176 516; x_wconf 78' lang='lat' dir='ltr'><strong>fratre</strong></span> <span class='ocrx_word' id='word_1_103' title='bbox 190 497 249 517; x_wconf 86' lang='lat' dir='ltr'><strong>suo.</strong></span> 
     </span>
    </p>
   </div>
   <div class='ocr_carea' id='block_1_30' title="bbox 92 523 341 560">
    <p class='ocr_par' dir='ltr' id='par_1_30' title="bbox 92 523 341 560">
     <span class='ocr_line' id='line_1_30' title="bbox 92 523 341 560; baseline 0.012 -10"><span class='ocrx_word' id='word_1_104' title='bbox 92 523 138 551; x_wconf 84' lang='lat'><strong>20.</strong></span> <span class='ocrx_word' id='word_1_105' title='bbox 159 524 262 560; x_wconf 66' lang='lat' dir='ltr'><strong>marina</strong></span> <span class='ocrx_word' id='word_1_106' title='bbox 276 531 341 560; x_wconf 72' lang='lat' dir='ltr'><strong>ergo</strong></span> 
     </span>
    </p>
   </div>
   <div class='ocr_carea' id='block_1_31' title="bbox 93 559 237 586">
    <p class='ocr_par' dir='ltr' id='par_1_31' title="bbox 93 559 237 586">
     <span class='ocr_line' id='line_1_31' title="bbox 93 559 237 586; baseline 0.007 -1"><span class='ocrx_word' id='word_1_107' title='bbox 93 563 122 585; x_wconf 88' lang='lat' dir='ltr'><strong>ut</strong></span> <span class='ocrx_word' id='word_1_108' title='bbox 136 559 237 586; x_wconf 91' lang='lat' dir='ltr'><strong>audivit</strong></span> 
     </span>
    </p>
   </div>
   <div class='ocr_carea' id='block_1_32' title="bbox 92 593 305 628">
    <p class='ocr_par' dir='ltr' id='par_1_32' title="bbox 92 593 305 628">
     <span class='ocr_line' id='line_1_32' title="bbox 92 593 305 628; baseline 0.009 -8"><span class='ocrx_word' id='word_1_109' title='bbox 92 593 152 628; x_wconf 82' lang='lat' dir='ltr'><strong>quia</strong></span> <span class='ocrx_word' id='word_1_110' title='bbox 168 594 247 622; x_wconf 83' lang='lat' dir='ltr'><strong>Jesus</strong></span> <span class='ocrx_word' id='word_1_111' title='bbox 260 601 305 622; x_wconf 90' lang='lat' dir='ltr'><strong>ve-</strong></span> 
     </span>
    </p>
   </div>
   <div class='ocr_carea' id='block_1_33' title="bbox 93 629 343 661">
    <p class='ocr_par' dir='ltr' id='par_1_33' title="bbox 93 629 343 661">
     <span class='ocr_line' id='line_1_33' title="bbox 93 629 343 661; baseline 0.004 -6"><span class='ocrx_word' id='word_1_112' title='bbox 93 629 148 661; x_wconf 85' lang='lat' dir='ltr'><strong>nit,</strong></span> <span class='ocrx_word' id='word_1_113' title='bbox 164 636 230 657; x_wconf 89' lang='lat' dir='ltr'><strong>occu</strong></span> <span class='ocrx_word' id='word_1_114' title='bbox 251 649 258 656; x_wconf 95' lang='lat'><strong>.</strong></span> <span class='ocrx_word' id='word_1_115' title='bbox 279 647 288 656; x_wconf 87' lang='lat'><strong>.</strong></span> <span class='ocrx_word' id='word_1_116' title='bbox 307 629 343 656; x_wconf 89' lang='lat' dir='ltr'><strong>rit</strong></span> 
     </span>
    </p>
   </div>
   <div class='ocr_carea' id='block_1_34' title="bbox 93 663 307 692">
    <p class='ocr_par' dir='ltr' id='par_1_34' title="bbox 93 663 307 692">
     <span class='ocr_line' id='line_1_34' title="bbox 93 663 307 692; baseline 0.009 -2"><span class='ocrx_word' id='word_1_117' title='bbox 93 663 131 690; x_wconf 91' lang='lat' dir='ltr'><strong>illi</strong></span> <span class='ocrx_word' id='word_1_118' title='bbox 143 672 150 691; x_wconf 72' lang='grc' dir='ltr'>ε</span> <span class='ocrx_word' id='word_1_119' title='bbox 165 664 246 692; x_wconf 82' lang='lat' dir='ltr'><strong>Maria</strong></span> <span class='ocrx_word' id='word_1_120' title='bbox 259 671 307 692; x_wconf 86' lang='lat' dir='ltr'><strong>au-</strong></span> 
     </span>
    </p>
   </div>
   <div class='ocr_carea' id='block_1_35' title="bbox 92 698 286 726">
    <p class='ocr_par' dir='ltr' id='par_1_35' title="bbox 92 698 286 726">
     <span class='ocr_line' id='line_1_35' title="bbox 92 698 286 726; baseline 0.01 -2"><span class='ocrx_word' id='word_1_121' title='bbox 92 702 145 725; x_wconf 89' lang='lat' dir='ltr'><strong>tem</strong></span> <span class='ocrx_word' id='word_1_122' title='bbox 158 698 228 726; x_wconf 87' lang='lat' dir='ltr'><strong>domi</strong></span> <span class='ocrx_word' id='word_1_123' title='bbox 242 706 286 726; x_wconf 85' lang='lat' dir='ltr'><strong>se-</strong></span> 
     </span>
    </p>
   </div>
   <div class='ocr_carea' id='block_1_36' title="bbox 91 733 363 762">
    <p class='ocr_par' dir='ltr' id='par_1_36' title="bbox 91 733 363 762">
     <span class='ocr_line' id='line_1_36' title="bbox 91 733 363 762; baseline 0.007 -3"><span class='ocrx_word' id='word_1_124' title='bbox 91 733 136 760; x_wconf 81' lang='lat' dir='ltr'><strong>2t.</strong></span> <span class='ocrx_word' id='word_1_125' title='bbox 156 733 246 761; x_wconf 88' lang='lat' dir='ltr'><strong>debat.</strong></span> <span class='ocrx_word' id='word_1_126' title='bbox 263 734 307 762; x_wconf 84' lang='lat' dir='ltr'><strong>Ait</strong></span> <span class='ocrx_word' id='word_1_127' title='bbox 321 740 363 761; x_wconf 89' lang='lat' dir='ltr'><strong>er-</strong></span> 
     </span>
    </p>
   </div>
   <div class='ocr_carea' id='block_1_37' title="bbox 91 768 240 802">
    <p class='ocr_par' dir='ltr' id='par_1_37' title="bbox 91 768 240 802">
     <span class='ocr_line' id='line_1_37' title="bbox 91 768 240 802; baseline 0.013 -9"><span class='ocrx_word' id='word_1_128' title='bbox 91 776 124 802; x_wconf 76' lang='lat' dir='ltr'><strong>go</strong></span> <span class='ocrx_word' id='word_1_129' title='bbox 139 768 240 795; x_wconf 86' lang='lat' dir='ltr'><strong>Martha</strong></span> 
     </span>
    </p>
   </div>
   <div class='ocr_carea' id='block_1_38' title="bbox 89 803 394 837">
    <p class='ocr_par' dir='ltr' id='par_1_38' title="bbox 89 803 394 837">
     <span class='ocr_line' id='line_1_38' title="bbox 89 803 394 837; baseline 0.01 -8"><span class='ocrx_word' id='word_1_130' title='bbox 89 803 121 829; x_wconf 86' lang='lat' dir='ltr'><strong>ad</strong></span> <span class='ocrx_word' id='word_1_131' title='bbox 136 803 225 830; x_wconf 88' lang='lat' dir='ltr'><strong>Jesum</strong></span> <span class='ocrx_word' id='word_1_132' title='bbox 244 814 249 830; x_wconf 91' lang='lat'>:</span> <span class='ocrx_word' id='word_1_133' title='bbox 267 803 394 837; x_wconf 83' lang='lat' dir='ltr'><strong>Domine,</strong></span> 
     </span>
    </p>
   </div>
   <div class='ocr_carea' id='block_1_39' title="bbox 89 838 291 871">
    <p class='ocr_par' dir='ltr' id='par_1_39' title="bbox 89 838 291 871">
     <span class='ocr_line' id='line_1_39' title="bbox 89 838 291 871; baseline 0.01 -7"><span class='ocrx_word' id='word_1_134' title='bbox 89 838 110 864; x_wconf 96' lang='lat' dir='ltr'><strong>si</strong></span> <span class='ocrx_word' id='word_1_135' title='bbox 123 838 165 865; x_wconf 89' lang='lat' dir='ltr'><strong>hic</strong></span> <span class='ocrx_word' id='word_1_136' title='bbox 182 839 274 866; x_wconf 85' lang='lat' dir='ltr'><strong>iuisses</strong></span> <span class='ocrx_word' id='word_1_137' title='bbox 283 859 291 871; x_wconf 90' lang='lat'><strong>,</strong></span> 
     </span>
    </p>
   </div>
   <div class='ocr_carea' id='block_1_40' title="bbox 90 879 312 901">
    <p class='ocr_par' dir='ltr' id='par_1_40' title="bbox 90 879 312 901">
     <span class='ocr_line' id='line_1_40' title="bbox 90 879 312 901; baseline 0.014 -3"><span class='ocrx_word' id='word_1_138' title='bbox 90 880 142 899; x_wconf 88' lang='lat' dir='ltr'><strong>non</strong></span> <span class='ocrx_word' id='word_1_139' title='bbox 156 879 228 900; x_wconf 84' lang='lat' dir='ltr'><strong>esset</strong></span> <span class='ocrx_word' id='word_1_140' title='bbox 241 881 312 901; x_wconf 90' lang='lat' dir='ltr'><strong>mor-</strong></span> 
     </span>
    </p>
   </div>
   <div class='ocr_carea' id='block_1_41' title="bbox 90 908 249 935">
    <p class='ocr_par' dir='ltr' id='par_1_41' title="bbox 90 908 249 935">
     <span class='ocr_line' id='line_1_41' title="bbox 90 908 249 935; baseline 0.013 -2"><span class='ocrx_word' id='word_1_141' title='bbox 90 913 149 935; x_wconf 88' lang='lat' dir='ltr'><strong>tuus</strong></span> <span class='ocrx_word' id='word_1_142' title='bbox 165 908 249 935; x_wconf 82' lang='lat' dir='ltr'><strong>frater</strong></span> 
     </span>
    </p>
   </div>
   <div class='ocr_carea' id='block_1_42' title="bbox 88 943 378 971">
    <p class='ocr_par' dir='ltr' id='par_1_42' title="bbox 88 943 378 971">
     <span class='ocr_line' id='line_1_42' title="bbox 88 943 378 971; baseline 0.01 -3"><span class='ocrx_word' id='word_1_143' title='bbox 88 943 132 969; x_wconf 78' lang='lat'><strong>22.</strong></span> <span class='ocrx_word' id='word_1_144' title='bbox 154 951 229 970; x_wconf 84' lang='lat' dir='ltr'><strong>meus</strong></span> <span class='ocrx_word' id='word_1_145' title='bbox 264 948 290 971; x_wconf 87' lang='lat' dir='ltr'><strong>et</strong></span> <span class='ocrx_word' id='word_1_146' title='bbox 308 951 378 971; x_wconf 92' lang='lat' dir='ltr'><strong>nunc</strong></span> 
     </span>
    </p>
   </div>
   <div class='ocr_carea' id='block_1_43' title="bbox 88 979 284 1012">
    <p class='ocr_par' dir='ltr' id='par_1_43' title="bbox 88 979 284 1012">
     <span class='ocr_line' id='line_1_43' title="bbox 88 979 284 1012; baseline 0.005 -8"><span class='ocrx_word' id='word_1_147' title='bbox 88 979 145 1004; x_wconf 85' lang='lat' dir='ltr'><strong>scio</strong></span> <span class='ocrx_word' id='word_1_148' title='bbox 159 979 284 1012; x_wconf 86' lang='lat' dir='ltr'><strong>quoniam</strong></span> 
     </span>
    </p>
   </div>
   <div class='ocr_carea' id='block_1_44' title="bbox 88 1020 231 1046">
    <p class='ocr_par' dir='ltr' id='par_1_44' title="bbox 88 1020 231 1046">
     <span class='ocr_line' id='line_1_44' title="bbox 88 1020 231 1046; baseline 0.014 -8"><span class='ocrx_word' id='word_1_149' title='bbox 88 1020 231 1046; x_wconf 87' lang='lat' dir='ltr'><strong>quaecum-</strong></span> 
     </span>
    </p>
   </div>
   <div class='ocr_carea' id='block_1_45' title="bbox 88 1049 281 1081">
    <p class='ocr_par' dir='ltr' id='par_1_45' title="bbox 88 1049 281 1081">
     <span class='ocr_line' id='line_1_45' title="bbox 88 1049 281 1081; baseline 0.01 -8"><span class='ocrx_word' id='word_1_150' title='bbox 88 1055 139 1081; x_wconf 85' lang='lat' dir='ltr'><strong>que</strong></span> <span class='ocrx_word' id='word_1_151' title='bbox 152 1049 159 1062; x_wconf 83' lang='lat'>‘</span> <span class='ocrx_word' id='word_1_152' title='bbox 174 1049 281 1081; x_wconf 66' lang='lat' dir='ltr'><strong>petieris</strong></span> 
     </span>
    </p>
   </div>
   <div class='ocr_carea' id='block_1_46' title="bbox 88 1082 321 1114">
    <p class='ocr_par' dir='ltr' id='par_1_46' title="bbox 88 1082 321 1114">
     <span class='ocr_line' id='line_1_46' title="bbox 88 1082 321 1114; baseline 0.009 -7"><span class='ocrx_word' id='word_1_153' title='bbox 88 1089 101 1107; x_wconf 91' lang='lat' dir='ltr'><strong>a</strong></span> <span class='ocrx_word' id='word_1_154' title='bbox 116 1082 187 1114; x_wconf 89' lang='lat' dir='ltr'><strong>Deo,</strong></span> <span class='ocrx_word' id='word_1_155' title='bbox 201 1083 273 1109; x_wconf 84' lang='lat' dir='ltr'><strong>dabit</strong></span> <span class='ocrx_word' id='word_1_156' title='bbox 287 1083 321 1109; x_wconf 85' lang='lat' dir='ltr'><strong>ti—</strong></span> 
     </span>
    </p>
   </div>
   <div class='ocr_carea' id='block_1_47' title="bbox 89 1117 213 1144">
    <p class='ocr_par' dir='ltr' id='par_1_47' title="bbox 89 1117 213 1144">
     <span class='ocr_line' id='line_1_47' title="bbox 89 1117 213 1144; baseline 0.016 -2"><span class='ocrx_word' id='word_1_157' title='bbox 89 1117 114 1142; x_wconf 93' lang='lat' dir='ltr'><strong>bi</strong></span> <span class='ocrx_word' id='word_1_158' title='bbox 133 1118 213 1144; x_wconf 88' lang='lat' dir='ltr'><strong>Deus.</strong></span> 
     </span>
    </p>
   </div>
   <div class='ocr_carea' id='block_1_48' title="bbox 88 1151 468 1182">
    <p class='ocr_par' dir='ltr' id='par_1_48' title="bbox 88 1151 468 1182">
     <span class='ocr_line' id='line_1_48' title="bbox 88 1151 468 1182; baseline 0.013 -5"><span class='ocrx_word' id='word_1_159' title='bbox 88 1151 132 1178; x_wconf 76' lang='lat'><strong>25.</strong></span> <span class='ocrx_word' id='word_1_160' title='bbox 151 1170 158 1177; x_wconf 92' lang='lat'><strong>.</strong></span> <span class='ocrx_word' id='word_1_161' title='bbox 181 1172 188 1178; x_wconf 90' lang='lat'><strong>.</strong></span> <span class='ocrx_word' id='word_1_162' title='bbox 212 1173 217 1178; x_wconf 96' lang='lat'><strong>.</strong></span> <span class='ocrx_word' id='word_1_163' title='bbox 239 1152 468 1182; x_wconf 81' lang='lat' dir='ltr'><strong>itiIIiJesus:Re-</strong></span> 
     </span>
    </p>
   </div>
   <div class='ocr_carea' id='block_1_49' title="bbox 90 1188 723 1216">
    <p class='ocr_par' dir='ltr' id='par_1_49' title="bbox 90 1188 723 1216">
     <span class='ocr_line' id='line_1_49' title="bbox 90 1188 723 1216; baseline 0.006 -4"><span class='ocrx_word' id='word_1_164' title='bbox 90 1191 354 1214; x_wconf 90' lang='lat' dir='ltr'><strong>.....t..a-</strong></span> <span class='ocrx_word' id='word_1_165' title='bbox 503 1188 723 1216; x_wconf 86' lang='lat' dir='ltr'><strong>il..indotn..</strong></span> 
     </span>
    </p>
   </div>
   <div class='ocr_carea' id='block_1_50' title="bbox 88 1225 746 1251">
    <p class='ocr_par' dir='ltr' id='par_1_50' title="bbox 88 1225 746 1251">
     <span class='ocr_line' id='line_1_50' title="bbox 88 1225 746 1251; baseline 0.005 -3"><span class='ocrx_word' id='word_1_166' title='bbox 88 1225 129 1248; x_wconf 72' lang='lat' dir='ltr'><strong>16f</strong></span> <span class='ocrx_word' id='word_1_167' title='bbox 144 1226 214 1249; x_wconf 74' lang='lat' dir='ltr'><strong>IIIIIB.</strong></span> <span class='ocrx_word' id='word_1_168' title='bbox 505 1243 512 1251; x_wconf 74' lang='grc' dir='ltr'><strong>ι</strong></span> <span class='ocrx_word' id='word_1_169' title='bbox 552 1242 560 1251; x_wconf 81' lang='grc'><strong><em>.</em></strong></span> <span class='ocrx_word' id='word_1_170' title='bbox 598 1242 606 1249; x_wconf 91' lang='grc'><strong>-</strong></span> <span class='ocrx_word' id='word_1_171' title='bbox 645 1243 652 1250; x_wconf 88' lang='grc'><em>.</em></span> <span class='ocrx_word' id='word_1_172' title='bbox 690 1242 699 1250; x_wconf 83' lang='lat'><em>.</em></span> <span class='ocrx_word' id='word_1_173' title='bbox 739 1244 746 1251; x_wconf 88' lang='lat'><strong>.</strong></span> 
     </span>
    </p>
   </div>
   <div class='ocr_carea' id='block_1_51' title="bbox 87 1255 718 1292">
    <p class='ocr_par' dir='ltr' id='par_1_51' title="bbox 87 1255 718 1292">
     <span class='ocr_line' id='line_1_51' title="bbox 87 1255 718 1292; baseline 0.005 -10"><span class='ocrx_word' id='word_1_174' title='bbox 87 1255 131 1283; x_wconf 66' lang='lat'><strong>24.</strong></span> <span class='ocrx_word' id='word_1_175' title='bbox 153 1257 200 1292; x_wconf 86' lang='lat' dir='ltr'><strong>Ait</strong></span> <span class='ocrx_word' id='word_1_176' title='bbox 211 1257 313 1285; x_wconf 85' lang='lat' dir='ltr'><strong>Martha</strong></span> <span class='ocrx_word' id='word_1_177' title='bbox 326 1266 333 1284; x_wconf 86' lang='lat'><strong>:</strong></span> <span class='ocrx_word' id='word_1_178' title='bbox 348 1257 405 1286; x_wconf 88' lang='lat' dir='ltr'><strong>Sci-</strong></span> <span class='ocrx_word' id='word_1_179' title='bbox 502 1258 628 1285; x_wconf 85' lang='lat' dir='ltr'><strong>labautur</strong></span> <span class='ocrx_word' id='word_1_180' title='bbox 637 1265 697 1285; x_wconf 81' lang='lat' dir='ltr'><strong>eam</strong></span> <span class='ocrx_word' id='word_1_181' title='bbox 710 1279 718 1292; x_wconf 91' lang='lat'><strong>,</strong></span> 
     </span>
    </p>
   </div>
   <div class='ocr_carea' id='block_1_52' title="bbox 87 1291 694 1325">
    <p class='ocr_par' dir='ltr' id='par_1_52' title="bbox 87 1291 694 1325">
     <span class='ocr_line' id='line_1_52' title="bbox 87 1291 694 1325; baseline 0.003 -7"><span class='ocrx_word' id='word_1_182' title='bbox 87 1298 104 1318; x_wconf 92' lang='lat' dir='ltr'><strong>o</strong></span> <span class='ocrx_word' id='word_1_183' title='bbox 118 1291 188 1325; x_wconf 89' lang='lat' dir='ltr'><strong>quod</strong></span> <span class='ocrx_word' id='word_1_184' title='bbox 200 1299 289 1319; x_wconf 88' lang='lat' dir='ltr'><strong>resur-</strong></span> <span class='ocrx_word' id='word_1_185' title='bbox 502 1292 625 1320; x_wconf 72' lang='lat' dir='ltr'><strong>videntes</strong></span> <span class='ocrx_word' id='word_1_186' title='bbox 638 1292 694 1320; x_wconf 85' lang='lat' dir='ltr'><strong>Ma-</strong></span> 
     </span>
    </p>
   </div>
   <div class='ocr_carea' id='block_1_53' title="bbox 86 1327 720 1362">
    <p class='ocr_par' dir='ltr' id='par_1_53' title="bbox 86 1327 720 1362">
     <span class='ocr_line' id='line_1_53' title="bbox 86 1327 720 1362; baseline 0.003 -9"><span class='ocrx_word' id='word_1_187' title='bbox 86 1331 132 1360; x_wconf 65' lang='lat' dir='ltr'><strong>get</strong></span> <span class='ocrx_word' id='word_1_188' title='bbox 148 1327 174 1362; x_wconf 81' lang='lat' dir='ltr'><strong>in</strong></span> <span class='ocrx_word' id='word_1_189' title='bbox 185 1334 275 1354; x_wconf 87' lang='lat' dir='ltr'><strong>resur-</strong></span> <span class='ocrx_word' id='word_1_190' title='bbox 501 1328 571 1355; x_wconf 90' lang='lat' dir='ltr'><strong>riam</strong></span> <span class='ocrx_word' id='word_1_191' title='bbox 584 1327 655 1362; x_wconf 88' lang='lat' dir='ltr'><strong>quod</strong></span> <span class='ocrx_word' id='word_1_192' title='bbox 675 1335 720 1355; x_wconf 87' lang='lat' dir='ltr'><strong>ve-</strong></span> 
     </span>
    </p>
   </div>
   <div class='ocr_carea' id='block_1_54' title="bbox 87 1361 669 1390">
    <p class='ocr_par' dir='ltr' id='par_1_54' title="bbox 87 1361 669 1390">
     <span class='ocr_line' id='line_1_54' title="bbox 87 1361 669 1390; baseline 0.002 -2"><span class='ocrx_word' id='word_1_193' title='bbox 87 1361 236 1389; x_wconf 86' lang='lat' dir='ltr'><strong>rectionem</strong></span> <span class='ocrx_word' id='word_1_194' title='bbox 502 1361 600 1390; x_wconf 77' lang='lat' dir='ltr'><strong>lociter</strong></span> <span class='ocrx_word' id='word_1_195' title='bbox 609 1370 669 1389; x_wconf 84' lang='lat' dir='ltr'><strong>stir-</strong></span> 
     </span>
    </p>
   </div>
   <div class='ocr_carea' id='block_1_55' title="bbox 87 1396 754 1431">
    <p class='ocr_par' dir='ltr' id='par_1_55' title="bbox 87 1396 754 1431">
     <span class='ocr_line' id='line_1_55' title="bbox 87 1396 754 1431; baseline 0.003 -8"><span class='ocrx_word' id='word_1_196' title='bbox 87 1396 114 1423; x_wconf 91' lang='lat' dir='ltr'><strong>in</strong></span> <span class='ocrx_word' id='word_1_197' title='bbox 130 1397 244 1424; x_wconf 85' lang='lat' dir='ltr'><strong>novissi—</strong></span> <span class='ocrx_word' id='word_1_198' title='bbox 502 1398 572 1425; x_wconf 83' lang='lat' dir='ltr'><strong>rexit</strong></span> <span class='ocrx_word' id='word_1_199' title='bbox 583 1419 590 1429; x_wconf 85' lang='lat'><strong>.</strong></span> <span class='ocrx_word' id='word_1_200' title='bbox 606 1398 617 1413; x_wconf 86' lang='lat'><strong>&#39;</strong></span> <span class='ocrx_word' id='word_1_201' title='bbox 631 1402 658 1425; x_wconf 91' lang='lat' dir='ltr'><strong>et</strong></span> <span class='ocrx_word' id='word_1_202' title='bbox 673 1397 754 1431; x_wconf 87' lang='lat' dir='ltr'><strong>exiit,</strong></span> 
     </span>
    </p>
   </div>
   <div class='ocr_carea' id='block_1_56' title="bbox 87 1431 658 1461">
    <p class='ocr_par' dir='ltr' id='par_1_56' title="bbox 87 1431 658 1461">
     <span class='ocr_line' id='line_1_56' title="bbox 87 1431 658 1461; baseline 0.002 -3"><span class='ocrx_word' id='word_1_203' title='bbox 87 1438 130 1458; x_wconf 83' lang='lat' dir='ltr'><strong>ma</strong></span> <span class='ocrx_word' id='word_1_204' title='bbox 145 1431 199 1458; x_wconf 85' lang='lat' dir='ltr'><strong>die.</strong></span> <span class='ocrx_word' id='word_1_205' title='bbox 502 1433 587 1461; x_wconf 90' lang='lat' dir='ltr'><strong>secuti</strong></span> <span class='ocrx_word' id='word_1_206' title='bbox 596 1437 658 1460; x_wconf 91' lang='lat' dir='ltr'><strong>sunt</strong></span> 
     </span>
    </p>
   </div>
   <div class='ocr_carea' id='block_1_57' title="bbox 86 1465 433 1506">
    <p class='ocr_par' dir='ltr' id='par_1_57' title="bbox 86 1465 433 1506">
     <span class='ocr_line' id='line_1_57' title="bbox 86 1465 433 1506; baseline 0.009 -13"><span class='ocrx_word' id='word_1_207' title='bbox 86 1465 131 1494; x_wconf 81' lang='lat'><strong>25.</strong></span> <span class='ocrx_word' id='word_1_208' title='bbox 154 1466 226 1495; x_wconf 82' lang='lat' dir='ltr'><strong>Dixit</strong></span> <span class='ocrx_word' id='word_1_209' title='bbox 235 1466 274 1494; x_wconf 91' lang='lat' dir='ltr'><strong>illi</strong></span> <span class='ocrx_word' id='word_1_210' title='bbox 287 1466 365 1506; x_wconf 60' lang='lat' dir='ltr'><strong>Iesus</strong></span> <span class='ocrx_word' id='word_1_211' title='bbox 374 1476 383 1494; x_wconf 90' lang='lat'><strong>:</strong></span> <span class='ocrx_word' id='word_1_212' title='bbox 395 1468 433 1496; x_wconf 80' lang='lat' dir='ltr'><strong>E-</strong></span> 
     </span>
    </p>
   </div>
   <div class='ocr_carea' id='block_1_58' title="bbox 87 1503 465 1536">
    <p class='ocr_par' dir='ltr' id='par_1_58' title="bbox 87 1503 465 1536">
     <span class='ocr_line' id='line_1_58' title="bbox 87 1503 465 1536; baseline 0.005 -8"><span class='ocrx_word' id='word_1_213' title='bbox 87 1508 121 1536; x_wconf 77' lang='lat' dir='ltr'><strong>go</strong></span> <span class='ocrx_word' id='word_1_214' title='bbox 131 1509 190 1529; x_wconf 91' lang='lat' dir='ltr'><strong>sum</strong></span> <span class='ocrx_word' id='word_1_215' title='bbox 203 1503 337 1530; x_wconf 81' lang='lat' dir='ltr'><strong>resurreet</strong></span> <span class='ocrx_word' id='word_1_216' title='bbox 370 1523 378 1530; x_wconf 93' lang='lat'><strong>.</strong></span> <span class='ocrx_word' id='word_1_217' title='bbox 399 1523 406 1530; x_wconf 90' lang='lat'><strong>.</strong></span> <span class='ocrx_word' id='word_1_218' title='bbox 420 1506 424 1513; x_wconf 96' lang='lat'><strong><em>‘</em></strong></span> <span class='ocrx_word' id='word_1_219' title='bbox 439 1503 465 1531; x_wconf 91' lang='lat' dir='ltr'><strong>ui</strong></span> 
     </span>
    </p>
   </div>
   <div class='ocr_carea' id='block_1_59' title="bbox 87 1536 365 1569">
    <p class='ocr_par' dir='ltr' id='par_1_59' title="bbox 87 1536 365 1569">
     <span class='ocr_line' id='line_1_59' title="bbox 87 1536 365 1569; baseline 0.011 -6"><span class='ocrx_word' id='word_1_220' title='bbox 87 1536 176 1563; x_wconf 78' lang='lat' dir='ltr'><strong>credit</strong></span> <span class='ocrx_word' id='word_1_221' title='bbox 188 1537 216 1564; x_wconf 92' lang='lat' dir='ltr'><strong>in</strong></span> <span class='ocrx_word' id='word_1_222' title='bbox 228 1544 286 1569; x_wconf 88' lang='lat' dir='ltr'><strong>tne,</strong></span> <span class='ocrx_word' id='word_1_223' title='bbox 301 1543 329 1565; x_wconf 90' lang='lat' dir='ltr'><strong>et</strong></span> <span class='ocrx_word' id='word_1_224' title='bbox 342 1538 365 1566; x_wconf 92' lang='lat' dir='ltr'><strong>si</strong></span> 
     </span>
    </p>
   </div>
   <div class='ocr_carea' id='block_1_60' title="bbox 67 1572 288 1600">
    <p class='ocr_par' dir='ltr' id='par_1_60' title="bbox 67 1572 288 1600">
     <span class='ocr_line' id='line_1_60' title="bbox 67 1572 288 1600; baseline -0.005 0"><span class='ocrx_word' id='word_1_225' title='bbox 67 1595 69 1600; x_wconf 98' lang='lat'><strong>.</strong></span> <span class='ocrx_word' id='word_1_226' title='bbox 88 1576 211 1599; x_wconf 85' lang='lat' dir='ltr'><strong>mortuus</strong></span> <span class='ocrx_word' id='word_1_227' title='bbox 232 1572 288 1600; x_wconf 89' lang='lat' dir='ltr'><strong>fue-</strong></span> 
     </span>
    </p>
   </div>
   <div class='ocr_carea' id='block_1_61' title="bbox 87 1604 375 1647">
    <p class='ocr_par' dir='ltr' id='par_1_61' title="bbox 87 1604 375 1647">
     <span class='ocr_line' id='line_1_61' title="bbox 87 1604 375 1647; baseline 0.014 -15"><span class='ocrx_word' id='word_1_228' title='bbox 87 1604 134 1633; x_wconf 82' lang='lat'><strong>26.</strong></span> <span class='ocrx_word' id='word_1_229' title='bbox 154 1607 205 1647; x_wconf 73' lang='lat' dir='ltr'><strong>rit,</strong></span> <span class='ocrx_word' id='word_1_230' title='bbox 219 1608 294 1647; x_wconf 62' lang='lat' dir='ltr'><strong>vivet</strong></span> <span class='ocrx_word' id='word_1_231' title='bbox 301 1616 309 1635; x_wconf 89' lang='lat'><strong>:</strong></span> <span class='ocrx_word' id='word_1_232' title='bbox 323 1608 337 1628; x_wconf 66' lang='grc' dir='ltr'><strong><em>³η</em></strong></span> <span class='ocrx_word' id='word_1_233' title='bbox 347 1612 375 1636; x_wconf 85' lang='lat' dir='ltr'><strong>et</strong></span> 
     </span>
    </p>
   </div>
   <div class='ocr_carea' id='block_1_62' title="bbox 88 1642 308 1676">
    <p class='ocr_par' dir='ltr' id='par_1_62' title="bbox 88 1642 308 1676">
     <span class='ocr_line' id='line_1_62' title="bbox 88 1642 308 1676; baseline 0.014 -9"><span class='ocrx_word' id='word_1_234' title='bbox 88 1642 176 1676; x_wconf 86' lang='lat' dir='ltr'><strong>omnis</strong></span> <span class='ocrx_word' id='word_1_235' title='bbox 185 1662 193 1673; x_wconf 89' lang='lat'><strong>,</strong></span> <span class='ocrx_word' id='word_1_236' title='bbox 209 1642 254 1676; x_wconf 88' lang='lat' dir='ltr'><strong>qui</strong></span> <span class='ocrx_word' id='word_1_237' title='bbox 268 1642 308 1670; x_wconf 81' lang='lat' dir='ltr'><strong>vi-</strong></span> 
     </span>
    </p>
   </div>
   <div class='ocr_carea' id='block_1_63' title="bbox 87 1675 299 1708">
    <p class='ocr_par' dir='ltr' id='par_1_63' title="bbox 87 1675 299 1708">
     <span class='ocr_line' id='line_1_63' title="bbox 87 1675 299 1708; baseline 0.019 -7"><span class='ocrx_word' id='word_1_238' title='bbox 87 1675 134 1702; x_wconf 86' lang='lat' dir='ltr'><strong>det</strong></span> <span class='ocrx_word' id='word_1_239' title='bbox 140 1697 147 1708; x_wconf 88' lang='lat'><strong>,</strong></span> <span class='ocrx_word' id='word_1_240' title='bbox 165 1681 192 1702; x_wconf 89' lang='lat' dir='ltr'><strong>et</strong></span> <span class='ocrx_word' id='word_1_241' title='bbox 207 1675 299 1705; x_wconf 76' lang='lat' dir='ltr'><strong>credet</strong></span> 
     </span>
    </p>
   </div>
   <div class='ocr_carea' id='block_1_64' title="bbox 503 1468 677 1496">
    <p class='ocr_par' dir='ltr' id='par_1_64' title="bbox 503 1468 677 1496">
     <span class='ocr_line' id='line_1_64' title="bbox 503 1468 677 1496; baseline 0.006 -1"><span class='ocrx_word' id='word_1_242' title='bbox 503 1468 575 1495; x_wconf 86' lang='lat' dir='ltr'><strong>illam</strong></span> <span class='ocrx_word' id='word_1_243' title='bbox 586 1468 677 1496; x_wconf 88' lang='lat' dir='ltr'><strong>dicen-</strong></span> 
     </span>
    </p>
   </div>
   <div class='ocr_carea' id='block_1_65' title="bbox 504 1501 734 1537">
    <p class='ocr_par' dir='ltr' id='par_1_65' title="bbox 504 1501 734 1537">
     <span class='ocr_line' id='line_1_65' title="bbox 504 1501 734 1537; baseline 0 -7"><span class='ocrx_word' id='word_1_244' title='bbox 504 1507 544 1531; x_wconf 85' lang='lat' dir='ltr'><strong>tes</strong></span> <span class='ocrx_word' id='word_1_245' title='bbox 556 1512 563 1529; x_wconf 86' lang='lat'><strong>:</strong></span> <span class='ocrx_word' id='word_1_246' title='bbox 579 1503 645 1537; x_wconf 82' lang='lat' dir='ltr'><strong>Quia</strong></span> <span class='ocrx_word' id='word_1_247' title='bbox 660 1501 734 1530; x_wconf 80' lang='lat' dir='ltr'><strong>vadit</strong></span> 
     </span>
    </p>
   </div>
   <div class='ocr_carea' id='block_1_66' title="bbox 502 1538 709 1566">
    <p class='ocr_par' dir='ltr' id='par_1_66' title="bbox 502 1538 709 1566">
     <span class='ocr_line' id='line_1_66' title="bbox 502 1538 709 1566; baseline -0.005 -1"><span class='ocrx_word' id='word_1_248' title='bbox 502 1538 535 1565; x_wconf 88' lang='lat' dir='ltr'><strong>ad</strong></span> <span class='ocrx_word' id='word_1_249' title='bbox 550 1545 709 1566; x_wconf 86' lang='lat' dir='ltr'><strong>monumen—</strong></span> 
     </span>
    </p>
   </div>
   <div class='ocr_carea' id='block_1_67' title="bbox 472 1573 727 1607">
    <p class='ocr_par' dir='ltr' id='par_1_67' title="bbox 472 1573 727 1607">
     <span class='ocr_line' id='line_1_67' title="bbox 472 1573 727 1607; baseline 0.004 -8"><span class='ocrx_word' id='word_1_250' title='bbox 472 1600 476 1605; x_wconf 43' lang='lat'><strong>,</strong></span> <span class='ocrx_word' id='word_1_251' title='bbox 504 1577 559 1600; x_wconf 90' lang='lat' dir='ltr'><strong>tum</strong></span> <span class='ocrx_word' id='word_1_252' title='bbox 571 1593 578 1606; x_wconf 98' lang='lat'><strong>,</strong></span> <span class='ocrx_word' id='word_1_253' title='bbox 594 1578 624 1600; x_wconf 91' lang='lat' dir='ltr'><strong>ut</strong></span> <span class='ocrx_word' id='word_1_254' title='bbox 639 1573 727 1607; x_wconf 85' lang='lat' dir='ltr'><strong>ploret</strong></span> 
     </span>
    </p>
   </div>
   <div class='ocr_carea' id='block_1_68' title="bbox 502 1607 714 1648">
    <p class='ocr_par' dir='ltr' id='par_1_68' title="bbox 502 1607 714 1648">
     <span class='ocr_line' id='line_1_68' title="bbox 502 1607 714 1648; baseline -0.005 -13"><span class='ocrx_word' id='word_1_255' title='bbox 502 1608 547 1635; x_wconf 76' lang='lat'><strong>52.</strong></span> <span class='ocrx_word' id='word_1_256' title='bbox 569 1608 622 1648; x_wconf 61' lang='lat' dir='ltr'><strong>ibi.</strong></span> <span class='ocrx_word' id='word_1_257' title='bbox 632 1607 714 1648; x_wconf 74' lang='lat' dir='ltr'><strong>Maria</strong></span> 
     </span>
    </p>
   </div>
   <div class='ocr_carea' id='block_1_69' title="bbox 502 1646 729 1710">
    <p class='ocr_par' dir='ltr' id='par_1_69' title="bbox 502 1646 729 1710">
     <span class='ocr_line' id='line_1_69' title="bbox 502 1646 712 1683; baseline -0.005 -13"><span class='ocrx_word' id='word_1_258' title='bbox 502 1649 566 1683; x_wconf 67' lang='lat' dir='ltr'><strong>ergo</strong></span> <span class='ocrx_word' id='word_1_259' title='bbox 576 1663 583 1674; x_wconf 88' lang='lat'><strong>,</strong></span> <span class='ocrx_word' id='word_1_260' title='bbox 597 1647 627 1669; x_wconf 86' lang='lat' dir='ltr'><strong>ut</strong></span> <span class='ocrx_word' id='word_1_261' title='bbox 639 1646 712 1670; x_wconf 83' lang='lat' dir='ltr'><strong>venit</strong></span> 
     </span>
     <span class='ocr_line' id='line_1_70' title="bbox 502 1677 729 1710; baseline 0 -6"><span class='ocrx_word' id='word_1_262' title='bbox 502 1677 548 1704; x_wconf 84' lang='lat' dir='ltr'><strong>ubi</strong></span> <span class='ocrx_word' id='word_1_263' title='bbox 562 1682 619 1704; x_wconf 91' lang='lat' dir='ltr'><strong>erat</strong></span> <span class='ocrx_word' id='word_1_264' title='bbox 631 1677 709 1704; x_wconf 85' lang='lat' dir='ltr'><strong>Jesus</strong></span> <span class='ocrx_word' id='word_1_265' title='bbox 722 1698 729 1710; x_wconf 92' lang='lat'><strong>,</strong></span> 
     </span>
    </p>
   </div>
   <div class='ocr_carea' id='block_1_70' title="bbox 90 1710 718 1744">
    <p class='ocr_par' dir='ltr' id='par_1_70' title="bbox 90 1710 718 1744">
     <span class='ocr_line' id='line_1_71' title="bbox 90 1710 718 1744; baseline 0.003 -8"><span class='ocrx_word' id='word_1_266' title='bbox 90 1710 116 1736; x_wconf 92' lang='lat' dir='ltr'><strong>in</strong></span> <span class='ocrx_word' id='word_1_267' title='bbox 131 1718 184 1740; x_wconf 85' lang='lat' dir='ltr'><strong>me.</strong></span> <span class='ocrx_word' id='word_1_268' title='bbox 201 1718 256 1738; x_wconf 92' lang='lat' dir='ltr'><strong>nun</strong></span> <span class='ocrx_word' id='word_1_269' title='bbox 502 1716 530 1739; x_wconf 90' lang='lat' dir='ltr'><strong>et</strong></span> <span class='ocrx_word' id='word_1_270' title='bbox 542 1712 610 1738; x_wconf 85' lang='lat' dir='ltr'><strong>vidit</strong></span> <span class='ocrx_word' id='word_1_271' title='bbox 626 1711 699 1739; x_wconf 89' lang='lat' dir='ltr'><strong>illum</strong></span> <span class='ocrx_word' id='word_1_272' title='bbox 709 1731 718 1744; x_wconf 88' lang='lat'><strong>,</strong></span> 
     </span>
    </p>
   </div>
   <div class='ocr_carea' id='block_1_71' title="bbox 89 1744 713 1780">
    <p class='ocr_par' dir='ltr' id='par_1_71' title="bbox 89 1744 713 1780">
     <span class='ocr_line' id='line_1_72' title="bbox 89 1744 713 1780; baseline 0.005 -10"><span class='ocrx_word' id='word_1_273' title='bbox 89 1744 220 1772; x_wconf 85' lang='lat' dir='ltr'><strong>morietur</strong></span> <span class='ocrx_word' id='word_1_274' title='bbox 232 1745 261 1772; x_wconf 88' lang='lat' dir='ltr'><strong>in</strong></span> <span class='ocrx_word' id='word_1_275' title='bbox 413 1760 419 1764; x_wconf 73' lang='grc' dir='ltr'><strong><em>σ</em></strong></span> <span class='ocrx_word' id='word_1_276' title='bbox 501 1746 598 1773; x_wconf 86' lang='lat' dir='ltr'><strong>cecidit</strong></span> <span class='ocrx_word' id='word_1_277' title='bbox 618 1746 651 1773; x_wconf 88' lang='lat' dir='ltr'><strong>ad</strong></span> <span class='ocrx_word' id='word_1_278' title='bbox 665 1753 713 1780; x_wconf 85' lang='lat' dir='ltr'><strong>pe—</strong></span> 
     </span>
    </p>
   </div>
   <div class='ocr_carea' id='block_1_72' title="bbox 89 1781 765 1814">
    <p class='ocr_par' dir='ltr' id='par_1_72' title="bbox 89 1781 765 1814">
     <span class='ocr_line' id='line_1_73' title="bbox 89 1781 765 1814; baseline 0.004 -9"><span class='ocrx_word' id='word_1_279' title='bbox 89 1783 243 1814; x_wconf 72' lang='lat' dir='ltr'><strong>aeternum.</strong></span> <span class='ocrx_word' id='word_1_280' title='bbox 502 1781 550 1808; x_wconf 89' lang='lat' dir='ltr'><strong>des</strong></span> <span class='ocrx_word' id='word_1_281' title='bbox 563 1781 632 1814; x_wconf 87' lang='lat' dir='ltr'><strong>ejus,</strong></span> <span class='ocrx_word' id='word_1_282' title='bbox 647 1781 742 1808; x_wconf 89' lang='lat' dir='ltr'><strong>dicens</strong></span> <span class='ocrx_word' id='word_1_283' title='bbox 758 1789 765 1808; x_wconf 91' lang='lat'>:</span> 
     </span>
    </p>
   </div>
   <div class='ocr_carea' id='block_1_73' title="bbox 89 1812 309 1842">
    <p class='ocr_par' dir='ltr' id='par_1_73' title="bbox 89 1812 309 1842">
     <span class='ocr_line' id='line_1_74' title="bbox 89 1812 309 1842; baseline 0.009 -3"><span class='ocrx_word' id='word_1_284' title='bbox 89 1812 184 1841; x_wconf 84' lang='lat' dir='ltr'><strong>Credis</strong></span> <span class='ocrx_word' id='word_1_285' title='bbox 194 1815 221 1841; x_wconf 95' lang='lat' dir='ltr'><strong>in</strong></span> <span class='ocrx_word' id='word_1_286' title='bbox 235 1814 287 1842; x_wconf 89' lang='lat' dir='ltr'><strong>hoc</strong></span> <span class='ocrx_word' id='word_1_287' title='bbox 296 1814 309 1841; x_wconf 79' lang='lat'><strong>?</strong></span> 
     </span>
    </p>
   </div>
   <div class='ocr_carea' id='block_1_74' title="bbox 89 1848 395 1878">
    <p class='ocr_par' dir='ltr' id='par_1_74' title="bbox 89 1848 395 1878">
     <span class='ocr_line' id='line_1_75' title="bbox 89 1848 395 1878; baseline 0.007 -4"><span class='ocrx_word' id='word_1_288' title='bbox 89 1848 134 1874; x_wconf 89' lang='lat' dir='ltr'><strong>2&#39;l.</strong></span> <span class='ocrx_word' id='word_1_289' title='bbox 154 1848 202 1875; x_wconf 90' lang='lat' dir='ltr'><strong>Ait</strong></span> <span class='ocrx_word' id='word_1_290' title='bbox 217 1849 256 1876; x_wconf 89' lang='lat' dir='ltr'><strong>illi</strong></span> <span class='ocrx_word' id='word_1_291' title='bbox 272 1849 374 1878; x_wconf 84' lang='lat' dir='ltr'><strong>Martha</strong></span> <span class='ocrx_word' id='word_1_292' title='bbox 388 1859 395 1876; x_wconf 92' lang='lat'>:</span> 
     </span>
    </p>
   </div>
   <div class='ocr_carea' id='block_1_75' title="bbox 90 1882 329 1919">
    <p class='ocr_par' dir='ltr' id='par_1_75' title="bbox 90 1882 329 1919">
     <span class='ocr_line' id='line_1_76' title="bbox 90 1882 329 1919; baseline 0.013 -9"><span class='ocrx_word' id='word_1_293' title='bbox 90 1882 187 1918; x_wconf 85' lang='lat' dir='ltr'><strong>Utique</strong></span> <span class='ocrx_word' id='word_1_294' title='bbox 201 1883 329 1919; x_wconf 88' lang='lat' dir='ltr'><strong>Domine,</strong></span> 
     </span>
    </p>
   </div>
   <div class='ocr_carea' id='block_1_76' title="bbox 90 1918 257 1953">
    <p class='ocr_par' dir='ltr' id='par_1_76' title="bbox 90 1918 257 1953">
     <span class='ocr_line' id='line_1_77' title="bbox 90 1918 257 1953; baseline 0.006 -7"><span class='ocrx_word' id='word_1_295' title='bbox 90 1924 139 1953; x_wconf 75' lang='lat' dir='ltr'><strong>ego</strong></span> <span class='ocrx_word' id='word_1_296' title='bbox 153 1918 257 1947; x_wconf 81' lang='lat' dir='ltr'><strong>credidi</strong></span> 
     </span>
    </p>
   </div>
   <div class='ocr_carea' id='block_1_77' title="bbox 502 1816 808 1849">
    <p class='ocr_par' dir='ltr' id='par_1_77' title="bbox 502 1816 808 1849">
     <span class='ocr_line' id='line_1_78' title="bbox 502 1816 808 1849; baseline 0.003 -6"><span class='ocrx_word' id='word_1_297' title='bbox 502 1816 614 1843; x_wconf 89' lang='lat' dir='ltr'><strong>Domine</strong></span> <span class='ocrx_word' id='word_1_298' title='bbox 625 1836 632 1849; x_wconf 93' lang='lat'><strong>,</strong></span> <span class='ocrx_word' id='word_1_299' title='bbox 644 1816 667 1843; x_wconf 87' lang='lat' dir='ltr'><strong>si</strong></span> <span class='ocrx_word' id='word_1_300' title='bbox 682 1816 726 1844; x_wconf 91' lang='lat' dir='ltr'><strong>hic</strong></span> <span class='ocrx_word' id='word_1_301' title='bbox 744 1816 808 1844; x_wconf 93' lang='lat' dir='ltr'><strong>fuis-</strong></span> 
     </span>
    </p>
   </div>
   <div class='ocr_carea' id='block_1_78' title="bbox 502 1856 721 1884">
    <p class='ocr_par' dir='ltr' id='par_1_78' title="bbox 502 1856 721 1884">
     <span class='ocr_line' id='line_1_79' title="bbox 502 1856 721 1884; baseline 0.005 -7"><span class='ocrx_word' id='word_1_302' title='bbox 502 1858 547 1878; x_wconf 87' lang='lat' dir='ltr'><strong>ses</strong></span> <span class='ocrx_word' id='word_1_303' title='bbox 558 1871 566 1884; x_wconf 93' lang='lat'><strong>,</strong></span> <span class='ocrx_word' id='word_1_304' title='bbox 583 1858 636 1877; x_wconf 91' lang='lat' dir='ltr'><strong>non</strong></span> <span class='ocrx_word' id='word_1_305' title='bbox 647 1856 721 1878; x_wconf 81' lang='lat' dir='ltr'><strong>esset</strong></span> 
     </span>
    </p>
   </div>
   <div class='ocr_carea' id='block_1_79' title="bbox 502 1886 686 1914">
    <p class='ocr_par' dir='ltr' id='par_1_79' title="bbox 502 1886 686 1914">
     <span class='ocr_line' id='line_1_80' title="bbox 502 1886 686 1914; baseline 0.005 -2"><span class='ocrx_word' id='word_1_306' title='bbox 502 1891 623 1914; x_wconf 90' lang='lat' dir='ltr'><strong>mortuus</strong></span> <span class='ocrx_word' id='word_1_307' title='bbox 634 1886 686 1913; x_wconf 85' lang='lat' dir='ltr'><strong>ira-</strong></span> 
     </span>
    </p>
   </div>
   <div class='ocr_carea' id='block_1_80' title="bbox 503 1924 650 1949">
    <p class='ocr_par' dir='ltr' id='par_1_80' title="bbox 503 1924 650 1949">
     <span class='ocr_line' id='line_1_81' title="bbox 503 1924 650 1949; baseline -0.007 0"><span class='ocrx_word' id='word_1_308' title='bbox 503 1924 545 1949; x_wconf 87' lang='lat' dir='ltr'><strong>ter</strong></span> <span class='ocrx_word' id='word_1_309' title='bbox 564 1928 650 1949; x_wconf 86' lang='lat' dir='ltr'><strong>meus.</strong></span> 
     </span>
    </p>
   </div>
   <div class='ocr_carea' id='block_1_81' title="bbox 90 2028 876 2058">
    <p class='ocr_par' dir='ltr' id='par_1_81' title="bbox 90 2028 876 2058">
     <span class='ocr_line' id='line_1_82' title="bbox 90 2028 876 2058; baseline 0 -2"><span class='ocrx_word' id='word_1_310' title='bbox 90 2028 164 2057; x_wconf 84' lang='lat' dir='ltr'><strong>daeis</strong></span> <span class='ocrx_word' id='word_1_311' title='bbox 186 2034 370 2058; x_wconf 82' lang='lat' dir='ltr'><strong>convenerant</strong></span> <span class='ocrx_word' id='word_1_312' title='bbox 383 2029 416 2057; x_wconf 85' lang='lat' dir='ltr'><strong>ad</strong></span> <span class='ocrx_word' id='word_1_313' title='bbox 430 2029 570 2058; x_wconf 75' lang='lat' dir='ltr'><strong>Martinam.</strong></span> <span class='ocrx_word' id='word_1_314' title='bbox 585 2034 611 2057; x_wconf 90' lang='lat' dir='ltr'><strong>et</strong></span> <span class='ocrx_word' id='word_1_315' title='bbox 626 2030 746 2057; x_wconf 87' lang='lat' dir='ltr'><strong>Mariam.</strong></span> <span class='ocrx_word' id='word_1_316' title='bbox 768 2033 796 2056; x_wconf 91' lang='lat' dir='ltr'><strong>ut</strong></span> <span class='ocrx_word' id='word_1_317' title='bbox 811 2037 876 2056; x_wconf 87' lang='lat' dir='ltr'><strong>cou-</strong></span> 
     </span>
    </p>
   </div>
   <div class='ocr_carea' id='block_1_82' title="bbox 89 2064 875 2098">
    <p class='ocr_par' dir='ltr' id='par_1_82' title="bbox 89 2064 875 2098">
     <span class='ocr_line' id='line_1_83' title="bbox 89 2064 875 2098; baseline -0.003 -7"><span class='ocrx_word' id='word_1_318' title='bbox 89 2065 243 2092; x_wconf 88' lang='lat' dir='ltr'><strong>solarentur</strong></span> <span class='ocrx_word' id='word_1_319' title='bbox 254 2073 300 2093; x_wconf 90' lang='lat' dir='ltr'><strong>eas</strong></span> <span class='ocrx_word' id='word_1_320' title='bbox 310 2065 344 2093; x_wconf 91' lang='lat' dir='ltr'><strong>de</strong></span> <span class='ocrx_word' id='word_1_321' title='bbox 359 2066 440 2092; x_wconf 86' lang='lat' dir='ltr'><strong>fratre</strong></span> <span class='ocrx_word' id='word_1_322' title='bbox 451 2072 510 2092; x_wconf 86' lang='lat' dir='ltr'><strong>suo.</strong></span> <span class='ocrx_word' id='word_1_323' title='bbox 528 2065 630 2091; x_wconf 80' lang='lat' dir='ltr'><strong>Martha</strong></span> <span class='ocrx_word' id='word_1_324' title='bbox 644 2071 718 2098; x_wconf 75' lang='lat' dir='ltr'><strong>ergo.</strong></span> <span class='ocrx_word' id='word_1_325' title='bbox 736 2068 764 2089; x_wconf 84' lang='grc' dir='ltr'><strong>ιιι</strong></span> <span class='ocrx_word' id='word_1_326' title='bbox 774 2064 875 2090; x_wconf 84' lang='lat' dir='ltr'><strong>audivit</strong></span> 
     </span>
    </p>
   </div>
   <div class='ocr_carea' id='block_1_83' title="bbox 90 2098 875 2129">
    <p class='ocr_par' dir='ltr' id='par_1_83' title="bbox 90 2098 875 2129">
     <span class='ocr_line' id='line_1_84' title="bbox 90 2098 875 2129; baseline -0.001 -4"><span class='ocrx_word' id='word_1_327' title='bbox 90 2100 149 2129; x_wconf 81' lang='lat' dir='ltr'><strong>uuia</strong></span> <span class='ocrx_word' id='word_1_328' title='bbox 175 2100 256 2128; x_wconf 82' lang='lat' dir='ltr'><strong>Jcsus</strong></span> <span class='ocrx_word' id='word_1_329' title='bbox 279 2100 362 2127; x_wconf 84' lang='lat' dir='ltr'><strong>venit.</strong></span> <span class='ocrx_word' id='word_1_330' title='bbox 386 2101 502 2126; x_wconf 90' lang='lat' dir='ltr'><strong>occurrit</strong></span> <span class='ocrx_word' id='word_1_331' title='bbox 530 2100 578 2126; x_wconf 88' lang='lat' dir='ltr'><strong>illi.</strong></span> <span class='ocrx_word' id='word_1_332' title='bbox 599 2098 678 2125; x_wconf 78' lang='lat' dir='ltr'><strong>Maria</strong></span> <span class='ocrx_word' id='word_1_333' title='bbox 699 2103 789 2125; x_wconf 87' lang='lat' dir='ltr'><strong>autent</strong></span> <span class='ocrx_word' id='word_1_334' title='bbox 802 2098 875 2124; x_wconf 87' lang='lat' dir='ltr'><strong>domi</strong></span> 
     </span>
    </p>
   </div>
   <div class='ocr_carea' id='block_1_84' title="bbox 90 2132 875 2169">
    <p class='ocr_par' dir='ltr' id='par_1_84' title="bbox 90 2132 875 2169">
     <span class='ocr_line' id='line_1_85' title="bbox 90 2132 875 2169; baseline -0.004 -8"><span class='ocrx_word' id='word_1_335' title='bbox 90 2135 213 2162; x_wconf 85' lang='lat' dir='ltr'><strong>sedebat.</strong></span> <span class='ocrx_word' id='word_1_336' title='bbox 231 2136 303 2161; x_wconf 80' lang='lat' dir='ltr'><strong>Dixit</strong></span> <span class='ocrx_word' id='word_1_337' title='bbox 316 2142 380 2169; x_wconf 75' lang='lat' dir='ltr'><strong>ergo</strong></span> <span class='ocrx_word' id='word_1_338' title='bbox 391 2134 492 2161; x_wconf 81' lang='lat' dir='ltr'><strong>Martha</strong></span> <span class='ocrx_word' id='word_1_339' title='bbox 506 2133 538 2160; x_wconf 87' lang='lat' dir='ltr'><strong>ad</strong></span> <span class='ocrx_word' id='word_1_340' title='bbox 553 2132 652 2160; x_wconf 73' lang='lat' dir='ltr'><strong>Iesum.</strong></span> <span class='ocrx_word' id='word_1_341' title='bbox 668 2132 781 2169; x_wconf 72' lang='lat' dir='ltr'><strong>Domitio</strong></span> <span class='ocrx_word' id='word_1_342' title='bbox 795 2133 816 2158; x_wconf 90' lang='lat' dir='ltr'><strong>si</strong></span> <span class='ocrx_word' id='word_1_343' title='bbox 832 2132 875 2159; x_wconf 80' lang='lat' dir='ltr'><strong>hic</strong></span> 
     </span>
    </p>
   </div>
   <div class='ocr_carea' id='block_1_85' title="bbox 90 2167 875 2197">
    <p class='ocr_par' dir='ltr' id='par_1_85' title="bbox 90 2167 875 2197">
     <span class='ocr_line' id='line_1_86' title="bbox 90 2167 875 2197; baseline -0.004 -1"><span class='ocrx_word' id='word_1_344' title='bbox 90 2169 188 2197; x_wconf 83' lang='lat' dir='ltr'><strong>fuisses</strong></span> <span class='ocrx_word' id='word_1_345' title='bbox 203 2169 286 2196; x_wconf 73' lang='lat' dir='ltr'><strong>frater</strong></span> <span class='ocrx_word' id='word_1_346' title='bbox 302 2167 376 2196; x_wconf 78' lang='lat' dir='ltr'><strong>meus</strong></span> <span class='ocrx_word' id='word_1_347' title='bbox 390 2176 442 2195; x_wconf 90' lang='lat' dir='ltr'><strong>non</strong></span> <span class='ocrx_word' id='word_1_348' title='bbox 458 2171 531 2195; x_wconf 85' lang='lat' dir='ltr'><strong>esset</strong></span> <span class='ocrx_word' id='word_1_349' title='bbox 548 2173 669 2194; x_wconf 84' lang='lat' dir='ltr'><strong>mortuus</strong></span> <span class='ocrx_word' id='word_1_350' title='bbox 692 2167 739 2194; x_wconf 86' lang='lat' dir='ltr'><strong>sed</strong></span> <span class='ocrx_word' id='word_1_351' title='bbox 753 2171 779 2193; x_wconf 89' lang='lat' dir='ltr'><strong>ct</strong></span> <span class='ocrx_word' id='word_1_352' title='bbox 805 2174 875 2194; x_wconf 90' lang='lat' dir='ltr'><strong>nunc</strong></span> 
     </span>
    </p>
   </div>
   <div class='ocr_carea' id='block_1_86' title="bbox 90 2201 875 2239">
    <p class='ocr_par' dir='ltr' id='par_1_86' title="bbox 90 2201 875 2239">
     <span class='ocr_line' id='line_1_87' title="bbox 90 2201 875 2239; baseline -0.004 -7"><span class='ocrx_word' id='word_1_353' title='bbox 90 2206 157 2232; x_wconf 80' lang='lat' dir='ltr'><strong>scio.</strong></span> <span class='ocrx_word' id='word_1_354' title='bbox 173 2205 235 2239; x_wconf 85' lang='lat' dir='ltr'><strong>quia</strong></span> <span class='ocrx_word' id='word_1_355' title='bbox 259 2210 442 2239; x_wconf 84' lang='lat' dir='ltr'><strong>quaecumque</strong></span> <span class='ocrx_word' id='word_1_356' title='bbox 457 2203 611 2239; x_wconf 72' lang='lat' dir='ltr'><strong>poposceris</strong></span> <span class='ocrx_word' id='word_1_357' title='bbox 627 2210 640 2229; x_wconf 88' lang='lat' dir='ltr'><strong>a</strong></span> <span class='ocrx_word' id='word_1_358' title='bbox 656 2202 709 2229; x_wconf 80' lang='lat' dir='ltr'><strong>Deo</strong></span> <span class='ocrx_word' id='word_1_359' title='bbox 730 2201 803 2239; x_wconf 71' lang='lat' dir='ltr'><strong>dabit</strong></span> <span class='ocrx_word' id='word_1_360' title='bbox 819 2202 875 2239; x_wconf 76' lang='lat' dir='ltr'><strong>tibi</strong></span> 
     </span>
    </p>
   </div>
   <div class='ocr_carea' id='block_1_87' title="bbox 91 2237 877 2272">
    <p class='ocr_par' dir='ltr' id='par_1_87' title="bbox 91 2237 877 2272">
     <span class='ocr_line' id='line_1_88' title="bbox 91 2237 877 2272; baseline -0.003 -6"><span class='ocrx_word' id='word_1_361' title='bbox 91 2237 297 2267; x_wconf 51' lang='lat' dir='ltr'><strong>Deustixiti-i</strong></span> <span class='ocrx_word' id='word_1_362' title='bbox 313 2239 401 2266; x_wconf 86' lang='lat' dir='ltr'><strong>Jesus.</strong></span> <span class='ocrx_word' id='word_1_363' title='bbox 423 2239 553 2272; x_wconf 62' lang='lat' dir='ltr'><strong>liesurget</strong></span> <span class='ocrx_word' id='word_1_364' title='bbox 575 2238 656 2264; x_wconf 83' lang='lat' dir='ltr'><strong>frater</strong></span> <span class='ocrx_word' id='word_1_365' title='bbox 675 2242 745 2264; x_wconf 88' lang='lat' dir='ltr'><strong>tuus.</strong></span> <span class='ocrx_word' id='word_1_366' title='bbox 770 2237 838 2264; x_wconf 87' lang='lat' dir='ltr'><strong>Dicit</strong></span> <span class='ocrx_word' id='word_1_367' title='bbox 852 2237 877 2264; x_wconf 91' lang='lat' dir='ltr'><strong>ei</strong></span> 
     </span>
    </p>
   </div>
   <div class='ocr_carea' id='block_1_88' title="bbox 91 2273 878 2308">
    <p class='ocr_par' dir='ltr' id='par_1_88' title="bbox 91 2273 878 2308">
     <span class='ocr_line' id='line_1_89' title="bbox 91 2273 878 2308; baseline -0.003 -8"><span class='ocrx_word' id='word_1_368' title='bbox 91 2274 193 2301; x_wconf 85' lang='lat' dir='ltr'><strong>Martha</strong></span> <span class='ocrx_word' id='word_1_369' title='bbox 208 2274 271 2302; x_wconf 83' lang='lat' dir='ltr'><strong>Scin</strong></span> <span class='ocrx_word' id='word_1_370' title='bbox 285 2275 343 2308; x_wconf 85' lang='lat' dir='ltr'><strong>quia</strong></span> <span class='ocrx_word' id='word_1_371' title='bbox 362 2279 492 2307; x_wconf 81' lang='lat' dir='ltr'><strong>resurget.</strong></span> <span class='ocrx_word' id='word_1_372' title='bbox 516 2274 542 2300; x_wconf 91' lang='lat' dir='ltr'><strong>in</strong></span> <span class='ocrx_word' id='word_1_373' title='bbox 562 2273 771 2300; x_wconf 84' lang='lat' dir='ltr'><strong>resurrectione.</strong></span> <span class='ocrx_word' id='word_1_374' title='bbox 789 2273 814 2298; x_wconf 91' lang='lat' dir='ltr'><strong>in</strong></span> <span class='ocrx_word' id='word_1_375' title='bbox 830 2279 878 2299; x_wconf 90' lang='lat' dir='ltr'><strong>no-</strong></span> 
     </span>
    </p>
   </div>
   <div class='ocr_carea' id='block_1_89' title="bbox 91 2308 881 2343">
    <p class='ocr_par' dir='ltr' id='par_1_89' title="bbox 91 2308 881 2343">
     <span class='ocr_line' id='line_1_90' title="bbox 91 2308 881 2343; baseline 0 -9"><span class='ocrx_word' id='word_1_376' title='bbox 91 2309 203 2335; x_wconf 76' lang='lat' dir='ltr'><strong>vissimo</strong></span> <span class='ocrx_word' id='word_1_377' title='bbox 218 2309 272 2336; x_wconf 80' lang='lat' dir='ltr'><strong>die.</strong></span> <span class='ocrx_word' id='word_1_378' title='bbox 296 2310 367 2336; x_wconf 82' lang='lat' dir='ltr'><strong>Dixit</strong></span> <span class='ocrx_word' id='word_1_379' title='bbox 380 2310 404 2336; x_wconf 86' lang='lat' dir='ltr'><strong>ei</strong></span> <span class='ocrx_word' id='word_1_380' title='bbox 419 2308 509 2336; x_wconf 84' lang='lat' dir='ltr'><strong>Jesus.</strong></span> <span class='ocrx_word' id='word_1_381' title='bbox 533 2308 588 2343; x_wconf 76' lang='lat' dir='ltr'><strong>Ego</strong></span> <span class='ocrx_word' id='word_1_382' title='bbox 604 2315 662 2343; x_wconf 86' lang='lat' dir='ltr'><strong>sum</strong></span> <span class='ocrx_word' id='word_1_383' title='bbox 676 2309 838 2335; x_wconf 80' lang='lat' dir='ltr'><strong>resurrectio</strong></span> <span class='ocrx_word' id='word_1_384' title='bbox 853 2313 881 2335; x_wconf 85' lang='lat' dir='ltr'><strong>et</strong></span> 
     </span>
    </p>
   </div>
   <div class='ocr_carea' id='block_1_90' title="bbox 90 2342 880 2377">
    <p class='ocr_par' dir='ltr' id='par_1_90' title="bbox 90 2342 880 2377">
     <span class='ocr_line' id='line_1_91' title="bbox 90 2342 880 2377; baseline 0.003 -9"><span class='ocrx_word' id='word_1_385' title='bbox 90 2344 155 2369; x_wconf 88' lang='lat' dir='ltr'><strong>vita.</strong></span> <span class='ocrx_word' id='word_1_386' title='bbox 169 2344 216 2377; x_wconf 86' lang='lat' dir='ltr'><strong>qui</strong></span> <span class='ocrx_word' id='word_1_387' title='bbox 230 2344 316 2371; x_wconf 88' lang='lat' dir='ltr'><strong>credit</strong></span> <span class='ocrx_word' id='word_1_388' title='bbox 329 2344 355 2370; x_wconf 92' lang='lat' dir='ltr'><strong>in</strong></span> <span class='ocrx_word' id='word_1_389' title='bbox 375 2352 428 2372; x_wconf 90' lang='lat' dir='ltr'><strong>tne.</strong></span> <span class='ocrx_word' id='word_1_390' title='bbox 449 2344 499 2372; x_wconf 86' lang='lat' dir='ltr'><strong>eisi</strong></span> <span class='ocrx_word' id='word_1_391' title='bbox 515 2342 636 2370; x_wconf 79' lang='lat' dir='ltr'><strong>mortuus</strong></span> <span class='ocrx_word' id='word_1_392' title='bbox 650 2342 732 2370; x_wconf 90' lang='lat' dir='ltr'><strong>fuerit</strong></span> <span class='ocrx_word' id='word_1_393' title='bbox 749 2343 828 2370; x_wconf 82' lang='lat' dir='ltr'><strong>vivet.</strong></span> <span class='ocrx_word' id='word_1_394' title='bbox 852 2347 880 2370; x_wconf 85' lang='lat' dir='ltr'><strong>et</strong></span> 
     </span>
    </p>
   </div>
   <div class='ocr_carea' id='block_1_91' title="bbox 90 2378 880 2411">
    <p class='ocr_par' dir='ltr' id='par_1_91' title="bbox 90 2378 880 2411">
     <span class='ocr_line' id='line_1_92' title="bbox 90 2378 880 2411; baseline -0.001 -6"><span class='ocrx_word' id='word_1_395' title='bbox 90 2378 177 2405; x_wconf 84' lang='lat' dir='ltr'><strong>Omnis</strong></span> <span class='ocrx_word' id='word_1_396' title='bbox 187 2379 232 2411; x_wconf 85' lang='grc' dir='ltr'>ιιιιί</span> <span class='ocrx_word' id='word_1_397' title='bbox 241 2379 305 2406; x_wconf 88' lang='lat' dir='ltr'><strong>vivit</strong></span> <span class='ocrx_word' id='word_1_398' title='bbox 315 2379 435 2406; x_wconf 87' lang='lat' dir='ltr'><strong>etcredit</strong></span> <span class='ocrx_word' id='word_1_399' title='bbox 451 2380 477 2406; x_wconf 93' lang='lat' dir='ltr'><strong>in</strong></span> <span class='ocrx_word' id='word_1_400' title='bbox 492 2386 544 2405; x_wconf 91' lang='lat' dir='ltr'><strong>me.</strong></span> <span class='ocrx_word' id='word_1_401' title='bbox 556 2385 608 2404; x_wconf 92' lang='lat' dir='ltr'><strong>non</strong></span> <span class='ocrx_word' id='word_1_402' title='bbox 619 2378 781 2404; x_wconf 90' lang='lat' dir='ltr'><strong>morieturin</strong></span> <span class='ocrx_word' id='word_1_403' title='bbox 792 2380 880 2411; x_wconf 78' lang='lat' dir='ltr'><strong>aeter-</strong></span> 
     </span>
    </p>
   </div>
   <div class='ocr_carea' id='block_1_92' title="bbox 91 2409 878 2448">
    <p class='ocr_par' dir='ltr' id='par_1_92' title="bbox 91 2409 878 2448">
     <span class='ocr_line' id='line_1_93' title="bbox 91 2409 878 2448; baseline -0.003 -8"><span class='ocrx_word' id='word_1_404' title='bbox 91 2421 154 2440; x_wconf 91' lang='lat' dir='ltr'><strong>num</strong></span> <span class='ocrx_word' id='word_1_405' title='bbox 167 2409 265 2440; x_wconf 79' lang='lat' dir='ltr'><strong>credis</strong></span> <span class='ocrx_word' id='word_1_406' title='bbox 278 2413 339 2441; x_wconf 87' lang='lat' dir='ltr'><strong>hoc.</strong></span> <span class='ocrx_word' id='word_1_407' title='bbox 350 2414 394 2441; x_wconf 89' lang='lat' dir='ltr'><strong>Ait</strong></span> <span class='ocrx_word' id='word_1_408' title='bbox 407 2414 455 2441; x_wconf 89' lang='lat' dir='ltr'><strong>illi.</strong></span> <span class='ocrx_word' id='word_1_409' title='bbox 465 2413 562 2448; x_wconf 83' lang='lat' dir='ltr'><strong>Utique</strong></span> <span class='ocrx_word' id='word_1_410' title='bbox 573 2412 694 2440; x_wconf 85' lang='lat' dir='ltr'><strong>Domine.</strong></span> <span class='ocrx_word' id='word_1_411' title='bbox 703 2419 753 2447; x_wconf 74' lang='lat' dir='ltr'><strong>ego</strong></span> <span class='ocrx_word' id='word_1_412' title='bbox 763 2409 878 2439; x_wconf 69' lang='lat' dir='ltr'><strong>credidi.</strong></span> 
     </span>
    </p>
   </div>
   <div class='ocr_carea' id='block_1_93' title="bbox 124 2516 502 2551">
    <p class='ocr_par' dir='ltr' id='par_1_93' title="bbox 124 2516 502 2551">
     <span class='ocr_line' id='line_1_94' title="bbox 124 2516 502 2551; baseline -0.003 -7"><span class='ocrx_word' id='word_1_413' title='bbox 124 2517 169 2545; x_wconf 74' lang='lat'><strong>25.</strong></span> <span class='ocrx_word' id='word_1_414' title='bbox 187 2517 253 2545; x_wconf 84' lang='lat' dir='ltr'><strong>licet</strong></span> <span class='ocrx_word' id='word_1_415' title='bbox 268 2517 412 2551; x_wconf 85' lang='lat' dir='ltr'><strong>moriatur,</strong></span> <span class='ocrx_word' id='word_1_416' title='bbox 428 2516 502 2544; x_wconf 87' lang='lat' dir='ltr'><strong>vivit.</strong></span> 
     </span>
    </p>
   </div>
   <div class='ocr_carea' id='block_1_94' title="bbox 124 2551 486 2581">
    <p class='ocr_par' dir='ltr' id='par_1_94' title="bbox 124 2551 486 2581">
     <span class='ocr_line' id='line_1_95' title="bbox 124 2551 486 2581; baseline -0.008 -1"><span class='ocrx_word' id='word_1_417' title='bbox 124 2552 171 2580; x_wconf 80' lang='lat'><strong>29.</strong></span> <span class='ocrx_word' id='word_1_418' title='bbox 191 2556 221 2580; x_wconf 88' lang='lat' dir='ltr'><strong>et</strong></span> <span class='ocrx_word' id='word_1_419' title='bbox 231 2552 356 2581; x_wconf 81' lang='lat' dir='ltr'><strong>veniebat</strong></span> <span class='ocrx_word' id='word_1_420' title='bbox 367 2551 401 2579; x_wconf 84' lang='lat' dir='ltr'><strong>ad</strong></span> <span class='ocrx_word' id='word_1_421' title='bbox 414 2558 486 2579; x_wconf 88' lang='lat' dir='ltr'><strong>eum.</strong></span> 
     </span>
    </p>
   </div>
   <div class='ocr_carea' id='block_1_95' title="bbox 590 170 1226 205">
    <p class='ocr_par' dir='ltr' id='par_1_95' title="bbox 590 170 1226 205">
     <span class='ocr_line' id='line_1_96' title="bbox 590 170 1226 205; baseline 0 -1"><span class='ocrx_word' id='word_1_422' title='bbox 590 175 813 205; x_wconf 79' lang='lat' dir='ltr'><strong>EVANGELIUM</strong></span> <span class='ocrx_word' id='word_1_423' title='bbox 832 175 1015 205; x_wconf 82' lang='lat' dir='ltr'><strong>SECUNDUM</strong></span> <span class='ocrx_word' id='word_1_424' title='bbox 1033 170 1226 205; x_wconf 79' lang='lat' dir='ltr'><strong>JOIIANNEM.</strong></span> 
     </span>
    </p>
   </div>
   <div class='ocr_carea' id='block_1_96' title="bbox 926 1361 1208 1389">
    <p class='ocr_par' dir='ltr' id='par_1_96' title="bbox 926 1361 1208 1389">
     <span class='ocr_line' id='line_1_97' title="bbox 926 1361 1208 1389; baseline -0.004 -1"><span class='ocrx_word' id='word_1_425' title='bbox 926 1361 971 1388; x_wconf 84' lang='lat'><strong>25.</strong></span> <span class='ocrx_word' id='word_1_426' title='bbox 991 1362 1063 1389; x_wconf 82' lang='lat' dir='ltr'><strong>Dixit</strong></span> <span class='ocrx_word' id='word_1_427' title='bbox 1079 1366 1168 1388; x_wconf 87' lang='lat' dir='ltr'><strong>autem</strong></span> <span class='ocrx_word' id='word_1_428' title='bbox 1184 1361 1208 1388; x_wconf 93' lang='lat' dir='ltr'><strong>ei</strong></span> 
     </span>
    </p>
   </div>
   <div class='ocr_carea' id='block_1_97' title="bbox 1666 176 1719 204">
    <p class='ocr_par' dir='ltr' id='par_1_97' title="bbox 1666 176 1719 204">
     <span class='ocr_line' id='line_1_98' title="bbox 1666 176 1719 204; baseline 0 0"><span class='ocrx_word' id='word_1_429' title='bbox 1666 176 1719 204; x_wconf 72' lang='grc'><strong>454</strong></span> 
     </span>
    </p>
   </div>
   <div class='ocr_carea' id='block_1_98' title="bbox 1145 232 1504 263">
    <p class='ocr_par' dir='ltr' id='par_1_98' title="bbox 1145 232 1504 263">
     <span class='ocr_line' id='line_1_99' title="bbox 1145 232 1504 263; baseline 0 -2"><span class='ocrx_word' id='word_1_430' title='bbox 1145 232 1259 261; x_wconf 80' lang='lat' dir='ltr'><strong>CODEX</strong></span> <span class='ocrx_word' id='word_1_431' title='bbox 1279 233 1504 263; x_wconf 79' lang='lat' dir='ltr'><strong>VERONENSIS.</strong></span> 
     </span>
    </p>
   </div>
   <div class='ocr_carea' id='block_1_99' title="bbox 932 280 1484 309">
    <p class='ocr_par' dir='ltr' id='par_1_99' title="bbox 932 280 1484 309">
     <span class='ocr_line' id='line_1_100' title="bbox 932 280 1484 309; baseline 0 0"><span class='ocrx_word' id='word_1_432' title='bbox 932 288 966 309; x_wconf 86' lang='lat' dir='ltr'><strong>ex</strong></span> <span class='ocrx_word' id='word_1_433' title='bbox 980 280 1088 309; x_wconf 82' lang='lat' dir='ltr'><strong>Judacis</strong></span> <span class='ocrx_word' id='word_1_434' title='bbox 1101 288 1148 308; x_wconf 87' lang='lat' dir='ltr'><strong>ve-</strong></span> <span class='ocrx_word' id='word_1_435' title='bbox 1342 283 1404 309; x_wconf 89' lang='lat' dir='ltr'><strong>auia</strong></span> <span class='ocrx_word' id='word_1_436' title='bbox 1414 286 1441 308; x_wconf 89' lang='lat' dir='ltr'><strong>tu</strong></span> <span class='ocrx_word' id='word_1_437' title='bbox 1454 289 1484 309; x_wconf 90' lang='lat' dir='ltr'><strong>es</strong></span> 
     </span>
    </p>
   </div>
   <div class='ocr_carea' id='block_1_100' title="bbox 932 316 1558 344">
    <p class='ocr_par' dir='ltr' id='par_1_100' title="bbox 932 316 1558 344">
     <span class='ocr_line' id='line_1_101' title="bbox 932 316 1558 344; baseline -0.002 -1"><span class='ocrx_word' id='word_1_438' title='bbox 932 320 1027 344; x_wconf 86' lang='lat' dir='ltr'><strong>nerant</strong></span> <span class='ocrx_word' id='word_1_439' title='bbox 1040 316 1072 343; x_wconf 89' lang='lat' dir='ltr'><strong>ad</strong></span> <span class='ocrx_word' id='word_1_440' title='bbox 1085 316 1152 343; x_wconf 87' lang='lat' dir='ltr'><strong>Mar-</strong></span> <span class='ocrx_word' id='word_1_441' title='bbox 1341 316 1461 344; x_wconf 83' lang='lat' dir='ltr'><strong>Christus</strong></span> <span class='ocrx_word' id='word_1_442' title='bbox 1472 316 1558 344; x_wconf 85' lang='lat' dir='ltr'><strong>Filius</strong></span> 
     </span>
    </p>
   </div>
   <div class='ocr_carea' id='block_1_101' title="bbox 933 351 1540 387">
    <p class='ocr_par' dir='ltr' id='par_1_101' title="bbox 933 351 1540 387">
     <span class='ocr_line' id='line_1_102' title="bbox 933 351 1540 387; baseline 0 -9"><span class='ocrx_word' id='word_1_443' title='bbox 933 351 1006 387; x_wconf 70' lang='lat' dir='ltr'><strong>tinam</strong></span> <span class='ocrx_word' id='word_1_444' title='bbox 1016 371 1023 384; x_wconf 93' lang='lat'><strong>,</strong></span> <span class='ocrx_word' id='word_1_445' title='bbox 1036 357 1064 378; x_wconf 89' lang='lat' dir='ltr'><strong>et</strong></span> <span class='ocrx_word' id='word_1_446' title='bbox 1079 351 1132 378; x_wconf 90' lang='lat' dir='ltr'><strong>Ma-</strong></span> <span class='ocrx_word' id='word_1_447' title='bbox 1342 352 1381 386; x_wconf 84' lang='lat' dir='ltr'><strong>(a)</strong></span> <span class='ocrx_word' id='word_1_448' title='bbox 1393 352 1438 379; x_wconf 88' lang='lat' dir='ltr'><strong>Dei</strong></span> <span class='ocrx_word' id='word_1_449' title='bbox 1450 351 1481 387; x_wconf 70' lang='lat'><strong>1-,</strong></span> <span class='ocrx_word' id='word_1_450' title='bbox 1495 351 1540 385; x_wconf 90' lang='lat' dir='ltr'><strong>qui</strong></span> 
     </span>
    </p>
   </div>
   <div class='ocr_carea' id='block_1_102' title="bbox 932 386 1543 418">
    <p class='ocr_par' dir='ltr' id='par_1_102' title="bbox 932 386 1543 418">
     <span class='ocr_line' id='line_1_103' title="bbox 932 386 1543 418; baseline -0.002 -4"><span class='ocrx_word' id='word_1_451' title='bbox 932 386 1011 418; x_wconf 88' lang='lat' dir='ltr'><strong>riam,</strong></span> <span class='ocrx_word' id='word_1_452' title='bbox 1023 391 1051 413; x_wconf 91' lang='lat' dir='ltr'><strong>ut</strong></span> <span class='ocrx_word' id='word_1_453' title='bbox 1067 393 1131 413; x_wconf 87' lang='lat' dir='ltr'><strong>con-</strong></span> <span class='ocrx_word' id='word_1_454' title='bbox 1342 388 1367 414; x_wconf 86' lang='lat' dir='ltr'><strong>iu</strong></span> <span class='ocrx_word' id='word_1_455' title='bbox 1385 387 1455 414; x_wconf 89' lang='lat' dir='ltr'><strong>hunc</strong></span> <span class='ocrx_word' id='word_1_456' title='bbox 1466 394 1543 413; x_wconf 87' lang='lat' dir='ltr'><strong>mun-</strong></span> 
     </span>
    </p>
   </div>
   <div class='ocr_carea' id='block_1_103' title="bbox 931 421 1526 449">
    <p class='ocr_par' dir='ltr' id='par_1_103' title="bbox 931 421 1526 449">
     <span class='ocr_line' id='line_1_104' title="bbox 931 421 1526 449; baseline 0 -1"><span class='ocrx_word' id='word_1_457' title='bbox 931 421 1083 448; x_wconf 88' lang='lat' dir='ltr'><strong>solarentur</strong></span> <span class='ocrx_word' id='word_1_458' title='bbox 1094 428 1140 449; x_wconf 89' lang='lat' dir='ltr'><strong>eas</strong></span> <span class='ocrx_word' id='word_1_459' title='bbox 1341 422 1404 449; x_wconf 91' lang='lat' dir='ltr'><strong>dum</strong></span> <span class='ocrx_word' id='word_1_460' title='bbox 1419 421 1526 448; x_wconf 88' lang='lat' dir='ltr'><strong>venisti.</strong></span> 
     </span>
    </p>
   </div>
   <div class='ocr_carea' id='block_1_104' title="bbox 932 455 1589 484">
    <p class='ocr_par' dir='ltr' id='par_1_104' title="bbox 932 455 1589 484">
     <span class='ocr_line' id='line_1_105' title="bbox 932 455 1589 484; baseline 0 -1"><span class='ocrx_word' id='word_1_461' title='bbox 932 456 966 483; x_wconf 89' lang='lat' dir='ltr'><strong>de</strong></span> <span class='ocrx_word' id='word_1_462' title='bbox 977 455 1061 483; x_wconf 82' lang='lat' dir='ltr'><strong>fratre</strong></span> <span class='ocrx_word' id='word_1_463' title='bbox 1076 463 1135 483; x_wconf 84' lang='lat' dir='ltr'><strong>suo.</strong></span> <span class='ocrx_word' id='word_1_464' title='bbox 1341 456 1385 484; x_wconf 82' lang='lat' dir='ltr'><strong>2S.</strong></span> <span class='ocrx_word' id='word_1_465' title='bbox 1400 456 1432 483; x_wconf 85' lang='lat' dir='ltr'><strong>Et</strong></span> <span class='ocrx_word' id='word_1_466' title='bbox 1446 463 1504 483; x_wconf 90' lang='lat' dir='ltr'><strong>cum</strong></span> <span class='ocrx_word' id='word_1_467' title='bbox 1523 456 1589 483; x_wconf 85' lang='lat' dir='ltr'><strong>haec</strong></span> 
     </span>
    </p>
   </div>
   <div class='ocr_carea' id='block_1_105' title="bbox 932 490 1548 526">
    <p class='ocr_par' dir='ltr' id='par_1_105' title="bbox 932 490 1548 526">
     <span class='ocr_line' id='line_1_106' title="bbox 932 490 1548 526; baseline -0.002 -8"><span class='ocrx_word' id='word_1_468' title='bbox 932 490 976 518; x_wconf 80' lang='lat'><strong>20.</strong></span> <span class='ocrx_word' id='word_1_469' title='bbox 998 491 1098 517; x_wconf 78' lang='lat' dir='ltr'><strong>Martha</strong></span> <span class='ocrx_word' id='word_1_470' title='bbox 1110 498 1175 526; x_wconf 76' lang='lat' dir='ltr'><strong>ergo</strong></span> <span class='ocrx_word' id='word_1_471' title='bbox 1341 492 1462 522; x_wconf 71' lang='lat' dir='ltr'><strong>dixisset.</strong></span> <span class='ocrx_word' id='word_1_472' title='bbox 1474 490 1548 523; x_wconf 85' lang='lat' dir='ltr'><strong>abiit,</strong></span> 
     </span>
    </p>
   </div>
   <div class='ocr_carea' id='block_1_106' title="bbox 933 526 1479 554">
    <p class='ocr_par' dir='ltr' id='par_1_106' title="bbox 933 526 1479 554">
     <span class='ocr_line' id='line_1_107' title="bbox 933 526 1479 554; baseline -0.002 -1"><span class='ocrx_word' id='word_1_473' title='bbox 933 530 961 553; x_wconf 90' lang='lat' dir='ltr'><strong>ut</strong></span> <span class='ocrx_word' id='word_1_474' title='bbox 970 526 1072 553; x_wconf 85' lang='lat' dir='ltr'><strong>audivit</strong></span> <span class='ocrx_word' id='word_1_475' title='bbox 1341 531 1368 554; x_wconf 90' lang='lat' dir='ltr'><strong>et</strong></span> <span class='ocrx_word' id='word_1_476' title='bbox 1376 527 1479 552; x_wconf 78' lang='lat' dir='ltr'><strong>vocavit</strong></span> 
     </span>
    </p>
   </div>
   <div class='ocr_carea' id='block_1_107' title="bbox 931 560 1535 596">
    <p class='ocr_par' dir='ltr' id='par_1_107' title="bbox 931 560 1535 596">
     <span class='ocr_line' id='line_1_108' title="bbox 931 560 1535 596; baseline 0.002 -10"><span class='ocrx_word' id='word_1_477' title='bbox 931 561 992 596; x_wconf 89' lang='lat' dir='ltr'><strong>quia</strong></span> <span class='ocrx_word' id='word_1_478' title='bbox 1006 560 1085 588; x_wconf 82' lang='lat' dir='ltr'><strong>Jesus</strong></span> <span class='ocrx_word' id='word_1_479' title='bbox 1103 569 1148 588; x_wconf 89' lang='lat' dir='ltr'><strong>ve-</strong></span> <span class='ocrx_word' id='word_1_480' title='bbox 1340 561 1449 589; x_wconf 90' lang='lat' dir='ltr'><strong>Mariam</strong></span> <span class='ocrx_word' id='word_1_481' title='bbox 1460 567 1535 588; x_wconf 90' lang='lat' dir='ltr'><strong>soro-</strong></span> 
     </span>
    </p>
   </div>
   <div class='ocr_carea' id='block_1_108' title="bbox 931 596 1483 627">
    <p class='ocr_par' dir='ltr' id='par_1_108' title="bbox 931 596 1483 627">
     <span class='ocr_line' id='line_1_109' title="bbox 931 596 1483 627; baseline 0.002 -5"><span class='ocrx_word' id='word_1_482' title='bbox 931 600 1021 627; x_wconf 85' lang='lat' dir='ltr'><strong>nerat,</strong></span> <span class='ocrx_word' id='word_1_483' title='bbox 1036 596 1151 623; x_wconf 91' lang='lat' dir='ltr'><strong>occurrit</strong></span> <span class='ocrx_word' id='word_1_484' title='bbox 1340 604 1396 624; x_wconf 90' lang='lat' dir='ltr'><strong>rem</strong></span> <span class='ocrx_word' id='word_1_485' title='bbox 1408 604 1483 623; x_wconf 82' lang='lat' dir='ltr'><strong>suam</strong></span> 
     </span>
    </p>
   </div>
   <div class='ocr_carea' id='block_1_109' title="bbox 931 630 1579 662">
    <p class='ocr_par' dir='ltr' id='par_1_109' title="bbox 931 630 1579 662">
     <span class='ocr_line' id='line_1_110' title="bbox 931 630 1579 662; baseline 0 -5"><span class='ocrx_word' id='word_1_486' title='bbox 931 630 971 657; x_wconf 91' lang='lat' dir='ltr'><strong>illi</strong></span> <span class='ocrx_word' id='word_1_487' title='bbox 984 640 990 657; x_wconf 87' lang='lat'>:</span> <span class='ocrx_word' id='word_1_488' title='bbox 1005 630 1085 658; x_wconf 86' lang='lat' dir='ltr'><strong>Maria</strong></span> <span class='ocrx_word' id='word_1_489' title='bbox 1340 631 1457 662; x_wconf 89' lang='lat' dir='ltr'><strong>silentio,</strong></span> <span class='ocrx_word' id='word_1_490' title='bbox 1469 630 1579 657; x_wconf 85' lang='lat' dir='ltr'><strong>dicens:</strong></span> 
     </span>
    </p>
   </div>
   <div class='ocr_carea' id='block_1_110' title="bbox 930 665 1564 700">
    <p class='ocr_par' dir='ltr' id='par_1_110' title="bbox 930 665 1564 700">
     <span class='ocr_line' id='line_1_111' title="bbox 930 665 1564 700; baseline -0.002 -8"><span class='ocrx_word' id='word_1_491' title='bbox 930 670 1019 692; x_wconf 88' lang='lat' dir='ltr'><strong>autem</strong></span> <span class='ocrx_word' id='word_1_492' title='bbox 1033 665 1105 692; x_wconf 87' lang='lat' dir='ltr'><strong>domi</strong></span> <span class='ocrx_word' id='word_1_493' title='bbox 1340 666 1465 700; x_wconf 74' lang='lat' dir='ltr'><strong>Magister</strong></span> <span class='ocrx_word' id='word_1_494' title='bbox 1478 665 1564 700; x_wconf 76' lang='lat' dir='ltr'><strong>adest,</strong></span> 
     </span>
    </p>
   </div>
   <div class='ocr_carea' id='block_1_111' title="bbox 929 699 1570 734">
    <p class='ocr_par' dir='ltr' id='par_1_111' title="bbox 929 699 1570 734">
     <span class='ocr_line' id='line_1_112' title="bbox 929 699 1570 734; baseline -0.003 -7"><span class='ocrx_word' id='word_1_495' title='bbox 929 700 1050 727; x_wconf 85' lang='lat' dir='ltr'><strong>sedebat.</strong></span> <span class='ocrx_word' id='word_1_496' title='bbox 1341 701 1362 734; x_wconf 73' lang='grc'><strong>-1-</strong></span> <span class='ocrx_word' id='word_1_497' title='bbox 1374 699 1484 728; x_wconf 64' lang='grc' dir='ltr'>έινοοιιι</span> <span class='ocrx_word' id='word_1_498' title='bbox 1498 704 1533 726; x_wconf 91' lang='lat' dir='ltr'><strong>te.</strong></span> <span class='ocrx_word' id='word_1_499' title='bbox 1549 699 1570 734; x_wconf 58' lang='grc' dir='ltr'><strong>-ιη</strong></span> 
     </span>
    </p>
   </div>
   <div class='ocr_carea' id='block_1_112' title="bbox 929 733 1604 770">
    <p class='ocr_par' dir='ltr' id='par_1_112' title="bbox 929 733 1604 770">
     <span class='ocr_line' id='line_1_113' title="bbox 929 733 1604 770; baseline -0.001 -9"><span class='ocrx_word' id='word_1_500' title='bbox 929 734 974 762; x_wconf 81' lang='lat' dir='ltr'><strong>2i.</strong></span> <span class='ocrx_word' id='word_1_501' title='bbox 996 735 1067 761; x_wconf 89' lang='lat' dir='ltr'><strong>Dixit</strong></span> <span class='ocrx_word' id='word_1_502' title='bbox 1080 735 1169 770; x_wconf 73' lang='lat' dir='ltr'><strong>itaque</strong></span> <span class='ocrx_word' id='word_1_503' title='bbox 1340 733 1384 764; x_wconf 81' lang='lat'><strong>29.</strong></span> <span class='ocrx_word' id='word_1_504' title='bbox 1401 736 1434 763; x_wconf 88' lang='lat' dir='ltr'><strong>Et</strong></span> <span class='ocrx_word' id='word_1_505' title='bbox 1448 735 1490 762; x_wconf 93' lang='lat' dir='ltr'><strong>iiia</strong></span> <span class='ocrx_word' id='word_1_506' title='bbox 1501 739 1530 761; x_wconf 91' lang='lat' dir='ltr'><strong>ut</strong></span> <span class='ocrx_word' id='word_1_507' title='bbox 1543 733 1604 761; x_wconf 87' lang='lat' dir='ltr'><strong>audi</strong></span> 
     </span>
    </p>
   </div>
   <div class='ocr_carea' id='block_1_113' title="bbox 929 769 1514 802">
    <p class='ocr_par' dir='ltr' id='par_1_113' title="bbox 929 769 1514 802">
     <span class='ocr_line' id='line_1_114' title="bbox 929 769 1514 802; baseline 0 -6"><span class='ocrx_word' id='word_1_508' title='bbox 929 770 1030 797; x_wconf 82' lang='lat' dir='ltr'><strong>Martha</strong></span> <span class='ocrx_word' id='word_1_509' title='bbox 1046 770 1078 796; x_wconf 90' lang='lat' dir='ltr'><strong>ad</strong></span> <span class='ocrx_word' id='word_1_510' title='bbox 1092 769 1137 797; x_wconf 79' lang='lat' dir='ltr'><strong>Je-</strong></span> <span class='ocrx_word' id='word_1_511' title='bbox 1340 771 1387 802; x_wconf 80' lang='lat' dir='ltr'><strong>vit.</strong></span> <span class='ocrx_word' id='word_1_512' title='bbox 1397 771 1514 798; x_wconf 84' lang='lat' dir='ltr'><strong>surrexit</strong></span> 
     </span>
    </p>
   </div>
   <div class='ocr_carea' id='block_1_114' title="bbox 929 805 1548 839">
    <p class='ocr_par' dir='ltr' id='par_1_114' title="bbox 929 805 1548 839">
     <span class='ocr_line' id='line_1_115' title="bbox 929 805 1548 839; baseline -0.002 -7"><span class='ocrx_word' id='word_1_513' title='bbox 929 812 987 832; x_wconf 89' lang='lat' dir='ltr'><strong>sum</strong></span> <span class='ocrx_word' id='word_1_514' title='bbox 1005 814 1011 830; x_wconf 74' lang='grc' dir='ltr'>ε</span> <span class='ocrx_word' id='word_1_515' title='bbox 1029 805 1138 831; x_wconf 85' lang='lat' dir='ltr'><strong>Domine</strong></span> <span class='ocrx_word' id='word_1_516' title='bbox 1151 825 1158 837; x_wconf 92' lang='lat'><strong>,</strong></span> <span class='ocrx_word' id='word_1_517' title='bbox 1339 806 1403 839; x_wconf 88' lang='lat' dir='ltr'><strong>cito,</strong></span> <span class='ocrx_word' id='word_1_518' title='bbox 1417 810 1443 832; x_wconf 90' lang='lat' dir='ltr'><strong>et</strong></span> <span class='ocrx_word' id='word_1_519' title='bbox 1457 805 1548 832; x_wconf 81' lang='lat' dir='ltr'><strong>venie-</strong></span> 
     </span>
    </p>
   </div>
   <div class='ocr_carea' id='block_1_115' title="bbox 929 839 1525 873">
    <p class='ocr_par' dir='ltr' id='par_1_115' title="bbox 929 839 1525 873">
     <span class='ocr_line' id='line_1_116' title="bbox 929 839 1525 873; baseline -0.003 -6"><span class='ocrx_word' id='word_1_520' title='bbox 929 840 952 867; x_wconf 88' lang='lat' dir='ltr'><strong>si</strong></span> <span class='ocrx_word' id='word_1_521' title='bbox 966 840 1008 866; x_wconf 83' lang='lat' dir='ltr'><strong>hic</strong></span> <span class='ocrx_word' id='word_1_522' title='bbox 1023 839 1136 873; x_wconf 86' lang='lat' dir='ltr'><strong>fuisses,</strong></span> <span class='ocrx_word' id='word_1_523' title='bbox 1339 840 1386 867; x_wconf 89' lang='lat' dir='ltr'><strong>bat</strong></span> <span class='ocrx_word' id='word_1_524' title='bbox 1396 840 1428 867; x_wconf 86' lang='lat' dir='ltr'><strong>ad</strong></span> <span class='ocrx_word' id='word_1_525' title='bbox 1443 848 1502 866; x_wconf 88' lang='lat' dir='ltr'><strong>eum</strong></span> <span class='ocrx_word' id='word_1_526' title='bbox 1518 848 1525 865; x_wconf 88' lang='lat'>:</span> 
     </span>
    </p>
   </div>
   <div class='ocr_carea' id='block_1_116' title="bbox 1339 875 1595 903">
    <p class='ocr_par' dir='ltr' id='par_1_116' title="bbox 1339 875 1595 903">
     <span class='ocr_line' id='line_1_117' title="bbox 1339 875 1595 903; baseline -0.008 0"><span class='ocrx_word' id='word_1_527' title='bbox 1339 875 1384 903; x_wconf 77' lang='lat'><strong>&#39;50.</strong></span> <span class='ocrx_word' id='word_1_528' title='bbox 1398 876 1514 902; x_wconf 74' lang='lat' dir='ltr'><strong>nantium</strong></span> <span class='ocrx_word' id='word_1_529' title='bbox 1524 875 1595 902; x_wconf 91' lang='lat' dir='ltr'><strong>enim</strong></span> 
     </span>
    </p>
   </div>
   <div class='ocr_carea' id='block_1_117' title="bbox 1340 911 1534 938">
    <p class='ocr_par' dir='ltr' id='par_1_117' title="bbox 1340 911 1534 938">
     <span class='ocr_line' id='line_1_118' title="bbox 1340 911 1534 938; baseline 0.005 -2"><span class='ocrx_word' id='word_1_530' title='bbox 1340 915 1450 938; x_wconf 88' lang='lat' dir='ltr'><strong>venerat</strong></span> <span class='ocrx_word' id='word_1_531' title='bbox 1457 911 1534 937; x_wconf 87' lang='lat' dir='ltr'><strong>.lesus</strong></span> 
     </span>
    </p>
   </div>
   <div class='ocr_carea' id='block_1_118' title="bbox 1339 946 1535 973">
    <p class='ocr_par' dir='ltr' id='par_1_118' title="bbox 1339 946 1535 973">
     <span class='ocr_line' id='line_1_119' title="bbox 1339 946 1535 973; baseline -0.005 -1"><span class='ocrx_word' id='word_1_532' title='bbox 1339 946 1367 972; x_wconf 93' lang='lat' dir='ltr'><strong>in</strong></span> <span class='ocrx_word' id='word_1_533' title='bbox 1377 946 1516 973; x_wconf 89' lang='lat' dir='ltr'><strong>castellum</strong></span> <span class='ocrx_word' id='word_1_534' title='bbox 1528 953 1535 971; x_wconf 90' lang='lat'><strong>:</strong></span> 
     </span>
    </p>
   </div>
   <div class='ocr_carea' id='block_1_119' title="bbox 1340 979 1560 1008">
    <p class='ocr_par' dir='ltr' id='par_1_119' title="bbox 1340 979 1560 1008">
     <span class='ocr_line' id='line_1_120' title="bbox 1340 979 1560 1008; baseline -0.009 0"><span class='ocrx_word' id='word_1_535' title='bbox 1340 980 1387 1008; x_wconf 84' lang='lat' dir='ltr'><strong>sed</strong></span> <span class='ocrx_word' id='word_1_536' title='bbox 1401 985 1459 1007; x_wconf 85' lang='lat' dir='ltr'><strong>erat</strong></span> <span class='ocrx_word' id='word_1_537' title='bbox 1472 979 1560 1007; x_wconf 89' lang='lat' dir='ltr'><strong>adhuc</strong></span> 
     </span>
    </p>
   </div>
   <div class='ocr_carea' id='block_1_120' title="bbox 1340 1015 1525 1045">
    <p class='ocr_par' dir='ltr' id='par_1_120' title="bbox 1340 1015 1525 1045">
     <span class='ocr_line' id='line_1_121' title="bbox 1340 1015 1525 1045; baseline -0.005 -3"><span class='ocrx_word' id='word_1_538' title='bbox 1340 1015 1387 1042; x_wconf 94' lang='lat' dir='ltr'><strong>illo</strong></span> <span class='ocrx_word' id='word_1_539' title='bbox 1399 1015 1467 1045; x_wconf 83' lang='lat' dir='ltr'><strong>loco.</strong></span> <span class='ocrx_word' id='word_1_540' title='bbox 1481 1015 1525 1041; x_wconf 88' lang='lat' dir='ltr'><strong>ubi</strong></span> 
     </span>
    </p>
   </div>
   <div class='ocr_carea' id='block_1_121' title="bbox 1340 1049 1528 1078">
    <p class='ocr_par' dir='ltr' id='par_1_121' title="bbox 1340 1049 1528 1078">
     <span class='ocr_line' id='line_1_122' title="bbox 1340 1049 1528 1078; baseline -0.005 -1"><span class='ocrx_word' id='word_1_541' title='bbox 1340 1054 1492 1078; x_wconf 78' lang='lat' dir='ltr'><strong>occurrerat</strong></span> <span class='ocrx_word' id='word_1_542' title='bbox 1502 1049 1528 1076; x_wconf 91' lang='lat' dir='ltr'><strong>ei</strong></span> 
     </span>
    </p>
   </div>
   <div class='ocr_carea' id='block_1_122' title="bbox 1340 1085 1454 1112">
    <p class='ocr_par' dir='ltr' id='par_1_122' title="bbox 1340 1085 1454 1112">
     <span class='ocr_line' id='line_1_123' title="bbox 1340 1085 1454 1112; baseline -0.009 0"><span class='ocrx_word' id='word_1_543' title='bbox 1340 1085 1454 1112; x_wconf 84' lang='lat' dir='ltr'><strong>Martha.</strong></span> 
     </span>
    </p>
   </div>
   <div class='ocr_carea' id='block_1_123' title="bbox 1341 1120 1596 1147">
    <p class='ocr_par' dir='ltr' id='par_1_123' title="bbox 1341 1120 1596 1147">
     <span class='ocr_line' id='line_1_124' title="bbox 1341 1120 1596 1147; baseline 0 -1"><span class='ocrx_word' id='word_1_544' title='bbox 1341 1120 1385 1147; x_wconf 75' lang='lat'><strong>3!.</strong></span> <span class='ocrx_word' id='word_1_545' title='bbox 1399 1120 1492 1147; x_wconf 84' lang='lat' dir='ltr'><strong>Judaei</strong></span> <span class='ocrx_word' id='word_1_546' title='bbox 1505 1123 1596 1147; x_wconf 88' lang='lat' dir='ltr'><strong>autem</strong></span> 
     </span>
    </p>
   </div>
   <div class='ocr_carea' id='block_1_124' title="bbox 930 874 1102 902">
    <p class='ocr_par' dir='ltr' id='par_1_124' title="bbox 930 874 1102 902">
     <span class='ocr_line' id='line_1_125' title="bbox 930 874 1102 902; baseline 0 -1"><span class='ocrx_word' id='word_1_547' title='bbox 930 874 1013 902; x_wconf 85' lang='lat' dir='ltr'><strong>frater</strong></span> <span class='ocrx_word' id='word_1_548' title='bbox 1026 882 1102 902; x_wconf 87' lang='lat' dir='ltr'><strong>meus</strong></span> 
     </span>
    </p>
   </div>
   <div class='ocr_carea' id='block_1_125' title="bbox 930 914 1158 937">
    <p class='ocr_par' dir='ltr' id='par_1_125' title="bbox 930 914 1158 937">
     <span class='ocr_line' id='line_1_126' title="bbox 930 914 1158 937; baseline -0.004 -1"><span class='ocrx_word' id='word_1_549' title='bbox 930 917 983 936; x_wconf 91' lang='lat' dir='ltr'><strong>non</strong></span> <span class='ocrx_word' id='word_1_550' title='bbox 999 914 1072 937; x_wconf 85' lang='lat' dir='ltr'><strong>esset</strong></span> <span class='ocrx_word' id='word_1_551' title='bbox 1086 917 1158 936; x_wconf 91' lang='lat' dir='ltr'><strong>mor-</strong></span> 
     </span>
    </p>
   </div>
   <div class='ocr_carea' id='block_1_126' title="bbox 929 944 1225 972">
    <p class='ocr_par' dir='ltr' id='par_1_126' title="bbox 929 944 1225 972">
     <span class='ocr_line' id='line_1_127' title="bbox 929 944 1225 972; baseline 0 -1"><span class='ocrx_word' id='word_1_552' title='bbox 929 944 974 971; x_wconf 88' lang='lat'><strong>22.</strong></span> <span class='ocrx_word' id='word_1_553' title='bbox 997 949 1056 971; x_wconf 87' lang='lat' dir='ltr'><strong>tuus</strong></span> <span class='ocrx_word' id='word_1_554' title='bbox 1070 953 1075 970; x_wconf 91' lang='lat'>:</span> <span class='ocrx_word' id='word_1_555' title='bbox 1091 944 1139 971; x_wconf 91' lang='lat' dir='ltr'><strong>sed</strong></span> <span class='ocrx_word' id='word_1_556' title='bbox 1153 951 1225 972; x_wconf 87' lang='lat' dir='ltr'><strong>nunc</strong></span> 
     </span>
    </p>
   </div>
   <div class='ocr_carea' id='block_1_127' title="bbox 929 980 1158 1014">
    <p class='ocr_par' dir='ltr' id='par_1_127' title="bbox 929 980 1158 1014">
     <span class='ocr_line' id='line_1_128' title="bbox 929 980 1158 1014; baseline 0 -8"><span class='ocrx_word' id='word_1_557' title='bbox 929 980 987 1007; x_wconf 88' lang='lat' dir='ltr'><strong>scio</strong></span> <span class='ocrx_word' id='word_1_558' title='bbox 1002 980 1062 1014; x_wconf 86' lang='lat' dir='ltr'><strong>quia</strong></span> <span class='ocrx_word' id='word_1_559' title='bbox 1077 986 1158 1014; x_wconf 86' lang='lat' dir='ltr'><strong>quae-</strong></span> 
     </span>
    </p>
   </div>
   <div class='ocr_carea' id='block_1_128' title="bbox 928 1014 1164 1048">
    <p class='ocr_par' dir='ltr' id='par_1_128' title="bbox 928 1014 1164 1048">
     <span class='ocr_line' id='line_1_129' title="bbox 928 1014 1164 1048; baseline -0.004 -7"><span class='ocrx_word' id='word_1_560' title='bbox 928 1021 1043 1048; x_wconf 89' lang='lat' dir='ltr'><strong>cumque</strong></span> <span class='ocrx_word' id='word_1_561' title='bbox 1055 1014 1164 1048; x_wconf 87' lang='lat' dir='ltr'><strong>petieris</strong></span> 
     </span>
    </p>
   </div>
   <div class='ocr_carea' id='block_1_129' title="bbox 928 1049 1165 1081">
    <p class='ocr_par' dir='ltr' id='par_1_129' title="bbox 928 1049 1165 1081">
     <span class='ocr_line' id='line_1_130' title="bbox 928 1049 1165 1081; baseline 0.004 -6"><span class='ocrx_word' id='word_1_562' title='bbox 928 1056 943 1075; x_wconf 89' lang='lat' dir='ltr'><strong>a</strong></span> <span class='ocrx_word' id='word_1_563' title='bbox 958 1050 1012 1077; x_wconf 84' lang='lat' dir='ltr'><strong>Deo</strong></span> <span class='ocrx_word' id='word_1_564' title='bbox 1025 1069 1032 1081; x_wconf 87' lang='lat'><strong>,</strong></span> <span class='ocrx_word' id='word_1_565' title='bbox 1046 1049 1120 1076; x_wconf 92' lang='lat' dir='ltr'><strong>dabit</strong></span> <span class='ocrx_word' id='word_1_566' title='bbox 1161 1060 1165 1062; x_wconf 50' lang='grc'>&gt;</span> 
     </span>
    </p>
   </div>
   <div class='ocr_carea' id='block_1_130' title="bbox 929 1085 1098 1111">
    <p class='ocr_par' dir='ltr' id='par_1_130' title="bbox 929 1085 1098 1111">
     <span class='ocr_line' id='line_1_131' title="bbox 929 1085 1098 1111; baseline 0 -1"><span class='ocrx_word' id='word_1_567' title='bbox 929 1085 976 1111; x_wconf 90' lang='lat' dir='ltr'><strong>tibi</strong></span> <span class='ocrx_word' id='word_1_568' title='bbox 992 1085 1071 1111; x_wconf 88' lang='lat' dir='ltr'><strong>Detts.</strong></span> <span class='ocrx_word' id='word_1_569' title='bbox 1095 1094 1098 1097; x_wconf 58' lang='grc' dir='ltr'>ν</span> 
     </span>
    </p>
   </div>
   <div class='ocr_carea' id='block_1_131' title="bbox 928 1118 1215 1146">
    <p class='ocr_par' dir='ltr' id='par_1_131' title="bbox 928 1118 1215 1146">
     <span class='ocr_line' id='line_1_132' title="bbox 928 1118 1215 1146; baseline 0 0"><span class='ocrx_word' id='word_1_570' title='bbox 928 1119 974 1146; x_wconf 77' lang='lat'><strong>23.</strong></span> <span class='ocrx_word' id='word_1_571' title='bbox 996 1119 1062 1146; x_wconf 85' lang='lat' dir='ltr'><strong>Dicit</strong></span> <span class='ocrx_word' id='word_1_572' title='bbox 1076 1119 1099 1145; x_wconf 84' lang='lat' dir='ltr'><strong>ei</strong></span> <span class='ocrx_word' id='word_1_573' title='bbox 1116 1118 1195 1146; x_wconf 65' lang='lat' dir='ltr'><strong>Iesus</strong></span> <span class='ocrx_word' id='word_1_574' title='bbox 1207 1125 1215 1146; x_wconf 88' lang='lat'><strong>:</strong></span> 
     </span>
    </p>
   </div>
   <div class='ocr_carea' id='block_1_132' title="bbox 929 1153 1242 1182">
    <p class='ocr_par' dir='ltr' id='par_1_132' title="bbox 929 1153 1242 1182">
     <span class='ocr_line' id='line_1_133' title="bbox 929 1153 1242 1182; baseline 0 -2"><span class='ocrx_word' id='word_1_575' title='bbox 929 1153 1062 1182; x_wconf 75' lang='lat' dir='ltr'><strong>Resttrtret</strong></span> <span class='ocrx_word' id='word_1_576' title='bbox 1075 1153 1159 1181; x_wconf 87' lang='lat' dir='ltr'><strong>frater</strong></span> <span class='ocrx_word' id='word_1_577' title='bbox 1170 1157 1242 1181; x_wconf 90' lang='lat' dir='ltr'><strong>tuus.</strong></span> 
     </span>
    </p>
   </div>
   <div class='ocr_carea' id='block_1_133' title="bbox 928 1189 1183 1216">
    <p class='ocr_par' dir='ltr' id='par_1_133' title="bbox 928 1189 1183 1216">
     <span class='ocr_line' id='line_1_134' title="bbox 928 1189 1183 1216; baseline -0.004 0"><span class='ocrx_word' id='word_1_578' title='bbox 928 1189 974 1216; x_wconf 63' lang='lat'><strong>24.</strong></span> <span class='ocrx_word' id='word_1_579' title='bbox 995 1189 1064 1216; x_wconf 82' lang='lat' dir='ltr'><strong>Dicit</strong></span> <span class='ocrx_word' id='word_1_580' title='bbox 1077 1190 1101 1215; x_wconf 87' lang='lat' dir='ltr'><strong>ei</strong></span> <span class='ocrx_word' id='word_1_581' title='bbox 1114 1189 1183 1215; x_wconf 86' lang='lat' dir='ltr'><strong>Mar-</strong></span> 
     </span>
    </p>
   </div>
   <div class='ocr_carea' id='block_1_134' title="bbox 930 1222 1151 1259">
    <p class='ocr_par' dir='ltr' id='par_1_134' title="bbox 930 1222 1151 1259">
     <span class='ocr_line' id='line_1_135' title="bbox 930 1222 1151 1259; baseline -0.005 -9"><span class='ocrx_word' id='word_1_582' title='bbox 930 1224 973 1250; x_wconf 87' lang='lat' dir='ltr'><strong>tha</strong></span> <span class='ocrx_word' id='word_1_583' title='bbox 991 1233 998 1251; x_wconf 91' lang='lat'>:</span> <span class='ocrx_word' id='word_1_584' title='bbox 1014 1222 1078 1251; x_wconf 76' lang='lat' dir='ltr'><strong>Scitf</strong></span> <span class='ocrx_word' id='word_1_585' title='bbox 1089 1224 1151 1259; x_wconf 84' lang='lat' dir='ltr'><strong>quia</strong></span> 
     </span>
    </p>
   </div>
   <div class='ocr_carea' id='block_1_135' title="bbox 929 1259 1150 1291">
    <p class='ocr_par' dir='ltr' id='par_1_135' title="bbox 929 1259 1150 1291">
     <span class='ocr_line' id='line_1_136' title="bbox 929 1259 1150 1291; baseline 0 -7"><span class='ocrx_word' id='word_1_586' title='bbox 929 1263 1053 1291; x_wconf 72' lang='lat' dir='ltr'><strong>resurget</strong></span> <span class='ocrx_word' id='word_1_587' title='bbox 1066 1259 1091 1284; x_wconf 90' lang='lat' dir='ltr'><strong>in</strong></span> <span class='ocrx_word' id='word_1_588' title='bbox 1108 1265 1150 1285; x_wconf 91' lang='lat' dir='ltr'><strong>re-</strong></span> 
     </span>
    </p>
   </div>
   <div class='ocr_carea' id='block_1_136' title="bbox 929 1292 1136 1320">
    <p class='ocr_par' dir='ltr' id='par_1_136' title="bbox 929 1292 1136 1320">
     <span class='ocr_line' id='line_1_137' title="bbox 929 1292 1136 1320; baseline -0.01 0"><span class='ocrx_word' id='word_1_589' title='bbox 929 1293 1096 1320; x_wconf 88' lang='lat' dir='ltr'><strong>surrectione</strong></span> <span class='ocrx_word' id='word_1_590' title='bbox 1109 1292 1136 1319; x_wconf 91' lang='lat' dir='ltr'><strong>in</strong></span> 
     </span>
    </p>
   </div>
   <div class='ocr_carea' id='block_1_137' title="bbox 928 1327 1142 1355">
    <p class='ocr_par' dir='ltr' id='par_1_137' title="bbox 928 1327 1142 1355">
     <span class='ocr_line' id='line_1_138' title="bbox 928 1327 1142 1355; baseline -0.005 -1"><span class='ocrx_word' id='word_1_591' title='bbox 928 1328 1075 1355; x_wconf 83' lang='lat' dir='ltr'><strong>nobissimo</strong></span> <span class='ocrx_word' id='word_1_592' title='bbox 1089 1327 1142 1354; x_wconf 88' lang='lat' dir='ltr'><strong>die.</strong></span> 
     </span>
    </p>
   </div>
   <div class='ocr_carea' id='block_1_138' title="bbox 1341 1156 1548 1190">
    <p class='ocr_par' dir='ltr' id='par_1_138' title="bbox 1341 1156 1548 1190">
     <span class='ocr_line' id='line_1_139' title="bbox 1341 1156 1548 1190; baseline 0 -9"><span class='ocrx_word' id='word_1_593' title='bbox 1341 1156 1385 1190; x_wconf 93' lang='lat' dir='ltr'><strong>qui</strong></span> <span class='ocrx_word' id='word_1_594' title='bbox 1397 1159 1474 1182; x_wconf 85' lang='lat' dir='ltr'><strong>erant</strong></span> <span class='ocrx_word' id='word_1_595' title='bbox 1488 1162 1548 1181; x_wconf 91' lang='lat' dir='ltr'><strong>cum</strong></span> 
     </span>
    </p>
   </div>
   <div class='ocr_carea' id='block_1_139' title="bbox 1340 1189 1567 1225">
    <p class='ocr_par' dir='ltr' id='par_1_139' title="bbox 1340 1189 1567 1225">
     <span class='ocr_line' id='line_1_140' title="bbox 1340 1189 1567 1225; baseline -0.009 -8"><span class='ocrx_word' id='word_1_596' title='bbox 1340 1189 1372 1217; x_wconf 84' lang='lat' dir='ltr'><strong>ea</strong></span> <span class='ocrx_word' id='word_1_597' title='bbox 1385 1190 1421 1225; x_wconf 76' lang='lat' dir='ltr'><strong>(b)</strong></span> <span class='ocrx_word' id='word_1_598' title='bbox 1437 1190 1463 1217; x_wconf 92' lang='lat' dir='ltr'><strong>iu</strong></span> <span class='ocrx_word' id='word_1_599' title='bbox 1476 1189 1567 1221; x_wconf 89' lang='lat' dir='ltr'><strong>domo,</strong></span> 
     </span>
    </p>
   </div>
   <div class='ocr_carea' id='block_1_140' title="bbox 1340 1225 1577 1260">
    <p class='ocr_par' dir='ltr' id='par_1_140' title="bbox 1340 1225 1577 1260">
     <span class='ocr_line' id='line_1_141' title="bbox 1340 1225 1577 1260; baseline 0 -9"><span class='ocrx_word' id='word_1_600' title='bbox 1340 1225 1385 1259; x_wconf 94' lang='lat' dir='ltr'><strong>qui</strong></span> <span class='ocrx_word' id='word_1_601' title='bbox 1396 1225 1577 1260; x_wconf 86' lang='lat' dir='ltr'><strong>adloqueban-</strong></span> 
     </span>
    </p>
   </div>
   <div class='ocr_carea' id='block_1_141' title="bbox 1339 1260 1568 1294">
    <p class='ocr_par' dir='ltr' id='par_1_141' title="bbox 1339 1260 1568 1294">
     <span class='ocr_line' id='line_1_142' title="bbox 1339 1260 1568 1294; baseline 0 -8"><span class='ocrx_word' id='word_1_602' title='bbox 1339 1263 1383 1286; x_wconf 88' lang='lat' dir='ltr'><strong>tur</strong></span> <span class='ocrx_word' id='word_1_603' title='bbox 1395 1260 1414 1294; x_wconf 68' lang='grc'><strong>1-</strong></span> <span class='ocrx_word' id='word_1_604' title='bbox 1428 1267 1488 1287; x_wconf 86' lang='lat' dir='ltr'><strong>cum</strong></span> <span class='ocrx_word' id='word_1_605' title='bbox 1496 1267 1568 1292; x_wconf 88' lang='lat' dir='ltr'><strong>eam,</strong></span> 
     </span>
    </p>
   </div>
   <div class='ocr_carea' id='block_1_142' title="bbox 1339 1294 1546 1321">
    <p class='ocr_par' dir='ltr' id='par_1_142' title="bbox 1339 1294 1546 1321">
     <span class='ocr_line' id='line_1_143' title="bbox 1339 1294 1546 1321; baseline 0.005 -1"><span class='ocrx_word' id='word_1_606' title='bbox 1339 1301 1399 1321; x_wconf 90' lang='lat' dir='ltr'><strong>cum</strong></span> <span class='ocrx_word' id='word_1_607' title='bbox 1415 1294 1546 1321; x_wconf 85' lang='lat' dir='ltr'><strong>vidissent</strong></span> 
     </span>
    </p>
   </div>
   <div class='ocr_carea' id='block_1_143' title="bbox 1339 1328 1497 1362">
    <p class='ocr_par' dir='ltr' id='par_1_143' title="bbox 1339 1328 1497 1362">
     <span class='ocr_line' id='line_1_144' title="bbox 1339 1328 1497 1362; baseline 0.006 -8"><span class='ocrx_word' id='word_1_608' title='bbox 1339 1328 1420 1355; x_wconf 86' lang='lat' dir='ltr'><strong>Maria</strong></span> <span class='ocrx_word' id='word_1_609' title='bbox 1436 1329 1497 1362; x_wconf 88' lang='lat' dir='ltr'><strong>quia</strong></span> 
     </span>
    </p>
   </div>
   <div class='ocr_carea' id='block_1_144' title="bbox 1339 1363 1529 1395">
    <p class='ocr_par' dir='ltr' id='par_1_144' title="bbox 1339 1363 1529 1395">
     <span class='ocr_line' id='line_1_145' title="bbox 1339 1363 1529 1395; baseline 0 -6"><span class='ocrx_word' id='word_1_610' title='bbox 1339 1363 1394 1390; x_wconf 89' lang='lat' dir='ltr'><strong>cito</strong></span> <span class='ocrx_word' id='word_1_611' title='bbox 1402 1363 1529 1395; x_wconf 67' lang='lat' dir='ltr'><strong>surrexit,</strong></span> 
     </span>
    </p>
   </div>
   <div class='ocr_carea' id='block_1_145' title="bbox 1339 1398 1527 1431">
    <p class='ocr_par' dir='ltr' id='par_1_145' title="bbox 1339 1398 1527 1431">
     <span class='ocr_line' id='line_1_146' title="bbox 1339 1398 1527 1431; baseline -0.005 -6"><span class='ocrx_word' id='word_1_612' title='bbox 1339 1402 1366 1425; x_wconf 91' lang='lat' dir='ltr'><strong>et</strong></span> <span class='ocrx_word' id='word_1_613' title='bbox 1375 1398 1468 1431; x_wconf 84' lang='lat' dir='ltr'><strong>exivit,</strong></span> <span class='ocrx_word' id='word_1_614' title='bbox 1483 1405 1527 1425; x_wconf 86' lang='lat' dir='ltr'><strong>se-</strong></span> 
     </span>
    </p>
   </div>
   <div class='ocr_carea' id='block_1_146' title="bbox 927 1396 1392 1439">
    <p class='ocr_par' dir='ltr' id='par_1_146' title="bbox 927 1396 1392 1439">
     <span class='ocr_line' id='line_1_147' title="bbox 927 1396 1392 1439; baseline 0.002 -15"><span class='ocrx_word' id='word_1_615' title='bbox 927 1396 1006 1424; x_wconf 80' lang='lat' dir='ltr'><strong>Jesus</strong></span> <span class='ocrx_word' id='word_1_616' title='bbox 1021 1406 1028 1424; x_wconf 91' lang='lat'>:</span> <span class='ocrx_word' id='word_1_617' title='bbox 1044 1397 1100 1439; x_wconf 59' lang='lat' dir='ltr'><strong>Ego</strong></span> <span class='ocrx_word' id='word_1_618' title='bbox 1113 1403 1172 1423; x_wconf 87' lang='lat' dir='ltr'><strong>sum</strong></span> <span class='ocrx_word' id='word_1_619' title='bbox 1339 1402 1392 1439; x_wconf 79' lang='lat' dir='ltr'><strong>ete</strong></span> 
     </span>
    </p>
   </div>
   <div class='ocr_carea' id='block_1_147' title="bbox 1339 1438 1556 1464">
    <p class='ocr_par' dir='ltr' id='par_1_147' title="bbox 1339 1438 1556 1464">
     <span class='ocr_line' id='line_1_148' title="bbox 1339 1438 1556 1464; baseline -0.005 -4"><span class='ocrx_word' id='word_1_620' title='bbox 1339 1438 1395 1460; x_wconf 86' lang='lat' dir='ltr'><strong>cuit</strong></span> <span class='ocrx_word' id='word_1_621' title='bbox 1408 1438 1471 1461; x_wconf 75' lang='lat' dir='ltr'><strong>sunt</strong></span> <span class='ocrx_word' id='word_1_622' title='bbox 1485 1440 1556 1464; x_wconf 84' lang='lat' dir='ltr'><strong>eam.</strong></span> 
     </span>
    </p>
   </div>
   <div class='ocr_carea' id='block_1_148' title="bbox 927 1433 1110 1464">
    <p class='ocr_par' dir='ltr' id='par_1_148' title="bbox 927 1433 1110 1464">
     <span class='ocr_line' id='line_1_149' title="bbox 927 1433 1110 1464; baseline 0 -5"><span class='ocrx_word' id='word_1_623' title='bbox 927 1433 1090 1460; x_wconf 86' lang='lat' dir='ltr'><strong>resurrectio</strong></span> <span class='ocrx_word' id='word_1_624' title='bbox 1102 1451 1110 1464; x_wconf 87' lang='lat'><strong>.</strong></span> 
     </span>
    </p>
   </div>
   <div class='ocr_carea' id='block_1_149' title="bbox 927 1466 1564 1501">
    <p class='ocr_par' dir='ltr' id='par_1_149' title="bbox 927 1466 1564 1501">
     <span class='ocr_line' id='line_1_150' title="bbox 927 1466 1564 1501; baseline 0.002 -7"><span class='ocrx_word' id='word_1_625' title='bbox 927 1471 955 1494; x_wconf 81' lang='lat' dir='ltr'><strong>et</strong></span> <span class='ocrx_word' id='word_1_626' title='bbox 969 1469 1022 1494; x_wconf 89' lang='lat' dir='ltr'><strong>vita</strong></span> <span class='ocrx_word' id='word_1_627' title='bbox 1035 1489 1042 1500; x_wconf 82' lang='grc'>,</span> <span class='ocrx_word' id='word_1_628' title='bbox 1059 1466 1104 1501; x_wconf 89' lang='lat' dir='ltr'><strong>qui</strong></span> <span class='ocrx_word' id='word_1_629' title='bbox 1339 1467 1459 1495; x_wconf 87' lang='lat' dir='ltr'><strong>dicentes</strong></span> <span class='ocrx_word' id='word_1_630' title='bbox 1475 1476 1481 1495; x_wconf 85' lang='lat'><strong>:</strong></span> <span class='ocrx_word' id='word_1_631' title='bbox 1496 1467 1564 1501; x_wconf 82' lang='lat' dir='ltr'><strong>Quia</strong></span> 
     </span>
    </p>
   </div>
   <div class='ocr_carea' id='block_1_150' title="bbox 927 1502 1526 1543">
    <p class='ocr_par' dir='ltr' id='par_1_150' title="bbox 927 1502 1526 1543">
     <span class='ocr_line' id='line_1_151' title="bbox 927 1502 1526 1543; baseline 0.002 -14"><span class='ocrx_word' id='word_1_632' title='bbox 927 1502 1013 1543; x_wconf 78' lang='lat' dir='ltr'><strong>credit</strong></span> <span class='ocrx_word' id='word_1_633' title='bbox 1024 1502 1051 1543; x_wconf 79' lang='lat' dir='ltr'><strong>in</strong></span> <span class='ocrx_word' id='word_1_634' title='bbox 1066 1508 1109 1541; x_wconf 78' lang='lat' dir='ltr'><strong>me</strong></span> <span class='ocrx_word' id='word_1_635' title='bbox 1119 1518 1127 1534; x_wconf 80' lang='lat'><em>.</em></span> <span class='ocrx_word' id='word_1_636' title='bbox 1338 1502 1411 1530; x_wconf 86' lang='lat' dir='ltr'><strong>vadit</strong></span> <span class='ocrx_word' id='word_1_637' title='bbox 1420 1503 1453 1530; x_wconf 88' lang='lat' dir='ltr'><strong>ad</strong></span> <span class='ocrx_word' id='word_1_638' title='bbox 1468 1510 1526 1530; x_wconf 86' lang='lat' dir='ltr'><strong>mo-</strong></span> 
     </span>
    </p>
   </div>
   <div class='ocr_carea' id='block_1_151' title="bbox 928 1541 1552 1571">
    <p class='ocr_par' dir='ltr' id='par_1_151' title="bbox 928 1541 1552 1571">
     <span class='ocr_line' id='line_1_152' title="bbox 928 1541 1552 1571; baseline 0 -7"><span class='ocrx_word' id='word_1_639' title='bbox 928 1541 1008 1564; x_wconf 88' lang='lat' dir='ltr'><strong>etiam</strong></span> <span class='ocrx_word' id='word_1_640' title='bbox 1024 1541 1047 1564; x_wconf 88' lang='lat' dir='ltr'><strong>si</strong></span> <span class='ocrx_word' id='word_1_641' title='bbox 1066 1544 1139 1564; x_wconf 90' lang='lat' dir='ltr'><strong>mor—</strong></span> <span class='ocrx_word' id='word_1_642' title='bbox 1338 1542 1505 1571; x_wconf 89' lang='lat' dir='ltr'><strong>numenium,</strong></span> <span class='ocrx_word' id='word_1_643' title='bbox 1521 1541 1552 1564; x_wconf 86' lang='lat' dir='ltr'><strong>ut</strong></span> 
     </span>
    </p>
   </div>
   <div class='ocr_carea' id='block_1_152' title="bbox 929 1572 1458 1609">
    <p class='ocr_par' dir='ltr' id='par_1_152' title="bbox 929 1572 1458 1609">
     <span class='ocr_line' id='line_1_153' title="bbox 929 1572 1458 1609; baseline 0.002 -10"><span class='ocrx_word' id='word_1_644' title='bbox 929 1576 990 1609; x_wconf 79' lang='lat' dir='ltr'><strong>tuus</strong></span> <span class='ocrx_word' id='word_1_645' title='bbox 1002 1572 1098 1605; x_wconf 87' lang='lat' dir='ltr'><strong>fuerit,</strong></span> <span class='ocrx_word' id='word_1_646' title='bbox 1337 1572 1458 1609; x_wconf 28' lang='lat' dir='ltr'><strong>geatAibi.</strong></span> 
     </span>
    </p>
   </div>
   <div class='ocr_carea' id='block_1_153' title="bbox 1338 1607 1591 1635">
    <p class='ocr_par' dir='ltr' id='par_1_153' title="bbox 1338 1607 1591 1635">
     <span class='ocr_line' id='line_1_154' title="bbox 1338 1607 1591 1635; baseline 0.004 -1"><span class='ocrx_word' id='word_1_647' title='bbox 1338 1607 1383 1635; x_wconf 74' lang='lat'><strong>52.</strong></span> <span class='ocrx_word' id='word_1_648' title='bbox 1400 1607 1479 1634; x_wconf 83' lang='lat' dir='ltr'><strong>Maria</strong></span> <span class='ocrx_word' id='word_1_649' title='bbox 1491 1611 1579 1635; x_wconf 86' lang='lat' dir='ltr'><strong>autem</strong></span> <span class='ocrx_word' id='word_1_650' title='bbox 1585 1626 1591 1635; x_wconf 83' lang='lat'><strong>.</strong></span> 
     </span>
    </p>
   </div>
   <div class='ocr_carea' id='block_1_154' title="bbox 1339 1642 1506 1670">
    <p class='ocr_par' dir='ltr' id='par_1_154' title="bbox 1339 1642 1506 1670">
     <span class='ocr_line' id='line_1_155' title="bbox 1339 1642 1506 1670; baseline 0.006 -2"><span class='ocrx_word' id='word_1_651' title='bbox 1339 1647 1367 1670; x_wconf 86' lang='grc' dir='ltr'><strong>ιιι</strong></span> <span class='ocrx_word' id='word_1_652' title='bbox 1378 1643 1453 1669; x_wconf 78' lang='lat' dir='ltr'><strong>venit</strong></span> <span class='ocrx_word' id='word_1_653' title='bbox 1463 1642 1506 1669; x_wconf 85' lang='lat' dir='ltr'><strong>ubi</strong></span> 
     </span>
    </p>
   </div>
   <div class='ocr_carea' id='block_1_155' title="bbox 1337 1677 1540 1709">
    <p class='ocr_par' dir='ltr' id='par_1_155' title="bbox 1337 1677 1540 1709">
     <span class='ocr_line' id='line_1_156' title="bbox 1337 1677 1540 1709; baseline -0.005 -5"><span class='ocrx_word' id='word_1_654' title='bbox 1337 1681 1395 1704; x_wconf 87' lang='lat' dir='ltr'><strong>erat</strong></span> <span class='ocrx_word' id='word_1_655' title='bbox 1408 1677 1497 1709; x_wconf 69' lang='lat' dir='ltr'><strong>Iesus,</strong></span> <span class='ocrx_word' id='word_1_656' title='bbox 1512 1680 1540 1703; x_wconf 92' lang='lat' dir='ltr'><strong>et</strong></span> 
     </span>
    </p>
   </div>
   <div class='ocr_carea' id='block_1_156' title="bbox 1338 1712 1552 1744">
    <p class='ocr_par' dir='ltr' id='par_1_156' title="bbox 1338 1712 1552 1744">
     <span class='ocr_line' id='line_1_157' title="bbox 1338 1712 1552 1744; baseline 0.005 -6"><span class='ocrx_word' id='word_1_657' title='bbox 1338 1712 1405 1739; x_wconf 88' lang='lat' dir='ltr'><strong>vidit</strong></span> <span class='ocrx_word' id='word_1_658' title='bbox 1418 1719 1491 1744; x_wconf 87' lang='lat' dir='ltr'><strong>eum,</strong></span> <span class='ocrx_word' id='word_1_659' title='bbox 1506 1719 1552 1739; x_wconf 86' lang='lat' dir='ltr'><strong>ce-</strong></span> 
     </span>
    </p>
   </div>
   <div class='ocr_carea' id='block_1_157' title="bbox 1338 1746 1544 1781">
    <p class='ocr_par' dir='ltr' id='par_1_157' title="bbox 1338 1746 1544 1781">
     <span class='ocr_line' id='line_1_158' title="bbox 1338 1746 1544 1781; baseline -0.005 -7"><span class='ocrx_word' id='word_1_660' title='bbox 1338 1746 1403 1774; x_wconf 88' lang='lat' dir='ltr'><strong>cidit</strong></span> <span class='ocrx_word' id='word_1_661' title='bbox 1414 1747 1447 1773; x_wconf 89' lang='lat' dir='ltr'><strong>ad</strong></span> <span class='ocrx_word' id='word_1_662' title='bbox 1463 1746 1544 1781; x_wconf 85' lang='lat' dir='ltr'><strong>pedes</strong></span> 
     </span>
    </p>
   </div>
   <div class='ocr_carea' id='block_1_158' title="bbox 1339 1781 1528 1822">
    <p class='ocr_par' dir='ltr' id='par_1_158' title="bbox 1339 1781 1528 1822">
     <span class='ocr_line' id='line_1_159' title="bbox 1339 1781 1528 1822; baseline -0.011 -13"><span class='ocrx_word' id='word_1_663' title='bbox 1339 1781 1414 1822; x_wconf 47' lang='lat' dir='ltr'><strong>ejus,</strong></span> <span class='ocrx_word' id='word_1_664' title='bbox 1419 1787 1445 1808; x_wconf 87' lang='lat' dir='ltr'><strong>et</strong></span> <span class='ocrx_word' id='word_1_665' title='bbox 1461 1781 1528 1822; x_wconf 78' lang='lat' dir='ltr'><strong>dixit</strong></span> 
     </span>
    </p>
   </div>
   <div class='ocr_carea' id='block_1_159' title="bbox 1338 1815 1519 1847">
    <p class='ocr_par' dir='ltr' id='par_1_159' title="bbox 1338 1815 1519 1847">
     <span class='ocr_line' id='line_1_160' title="bbox 1338 1815 1519 1847; baseline 0 -5"><span class='ocrx_word' id='word_1_666' title='bbox 1338 1815 1362 1843; x_wconf 89' lang='lat' dir='ltr'><strong>ei</strong></span> <span class='ocrx_word' id='word_1_667' title='bbox 1375 1825 1382 1842; x_wconf 89' lang='lat'><strong>:</strong></span> <span class='ocrx_word' id='word_1_668' title='bbox 1398 1815 1519 1847; x_wconf 84' lang='lat' dir='ltr'><strong>Domine,</strong></span> 
     </span>
    </p>
   </div>
   <div class='ocr_carea' id='block_1_160' title="bbox 1339 1850 1533 1883">
    <p class='ocr_par' dir='ltr' id='par_1_160' title="bbox 1339 1850 1533 1883">
     <span class='ocr_line' id='line_1_161' title="bbox 1339 1850 1533 1883; baseline 0 -6"><span class='ocrx_word' id='word_1_669' title='bbox 1339 1851 1361 1878; x_wconf 90' lang='lat' dir='ltr'><strong>si</strong></span> <span class='ocrx_word' id='word_1_670' title='bbox 1373 1850 1416 1878; x_wconf 90' lang='lat' dir='ltr'><strong>hic</strong></span> <span class='ocrx_word' id='word_1_671' title='bbox 1428 1851 1533 1883; x_wconf 87' lang='lat' dir='ltr'><strong>fuisses,</strong></span> 
     </span>
    </p>
   </div>
   <div class='ocr_carea' id='block_1_161' title="bbox 1339 1890 1561 1913">
    <p class='ocr_par' dir='ltr' id='par_1_161' title="bbox 1339 1890 1561 1913">
     <span class='ocr_line' id='line_1_162' title="bbox 1339 1890 1561 1913; baseline -0.005 0"><span class='ocrx_word' id='word_1_672' title='bbox 1339 1893 1393 1913; x_wconf 89' lang='lat' dir='ltr'><strong>nou</strong></span> <span class='ocrx_word' id='word_1_673' title='bbox 1408 1890 1480 1912; x_wconf 85' lang='lat' dir='ltr'><strong>esset</strong></span> <span class='ocrx_word' id='word_1_674' title='bbox 1490 1892 1561 1912; x_wconf 90' lang='lat' dir='ltr'><strong>mor-</strong></span> 
     </span>
    </p>
   </div>
   <div class='ocr_carea' id='block_1_162' title="bbox 1340 1921 1593 1948">
    <p class='ocr_par' dir='ltr' id='par_1_162' title="bbox 1340 1921 1593 1948">
     <span class='ocr_line' id='line_1_163' title="bbox 1340 1921 1593 1948; baseline -0.012 0"><span class='ocrx_word' id='word_1_675' title='bbox 1340 1926 1401 1948; x_wconf 85' lang='lat' dir='ltr'><strong>tuus</strong></span> <span class='ocrx_word' id='word_1_676' title='bbox 1413 1921 1495 1947; x_wconf 87' lang='lat' dir='ltr'><strong>frater</strong></span> <span class='ocrx_word' id='word_1_677' title='bbox 1508 1926 1593 1947; x_wconf 85' lang='lat' dir='ltr'><strong>meus.</strong></span> 
     </span>
    </p>
   </div>
   <div class='ocr_carea' id='block_1_163' title="bbox 928 1607 1244 1646">
    <p class='ocr_par' dir='ltr' id='par_1_163' title="bbox 928 1607 1244 1646">
     <span class='ocr_line' id='line_1_164' title="bbox 928 1607 1244 1646; baseline -0.003 -12"><span class='ocrx_word' id='word_1_678' title='bbox 928 1607 993 1646; x_wconf 72' lang='lat' dir='ltr'><strong>vivit</strong></span> <span class='ocrx_word' id='word_1_679' title='bbox 1004 1616 1011 1633; x_wconf 89' lang='lat'><strong>:</strong></span> <span class='ocrx_word' id='word_1_680' title='bbox 1098 1642 1104 1646; x_wconf 85' lang='lat'>_</span> <span class='ocrx_word' id='word_1_681' title='bbox 1197 1640 1203 1646; x_wconf 80' lang='lat'><em>_</em></span> <span class='ocrx_word' id='word_1_682' title='bbox 1237 1639 1244 1646; x_wconf 48' lang='grc'><em>.</em></span> 
     </span>
    </p>
   </div>
   <div class='ocr_carea' id='block_1_164' title="bbox 926 1640 1259 1675">
    <p class='ocr_par' dir='ltr' id='par_1_164' title="bbox 926 1640 1259 1675">
     <span class='ocr_line' id='line_1_165' title="bbox 926 1640 1259 1675; baseline -0.012 -5"><span class='ocrx_word' id='word_1_683' title='bbox 926 1643 972 1670; x_wconf 81' lang='lat'><strong>26.</strong></span> <span class='ocrx_word' id='word_1_684' title='bbox 992 1647 1019 1669; x_wconf 89' lang='lat' dir='ltr'><strong>et</strong></span> <span class='ocrx_word' id='word_1_685' title='bbox 1032 1642 1135 1673; x_wconf 89' lang='lat' dir='ltr'><strong>omnis,</strong></span> <span class='ocrx_word' id='word_1_686' title='bbox 1160 1640 1205 1675; x_wconf 91' lang='lat' dir='ltr'><strong>qui</strong></span> <span class='ocrx_word' id='word_1_687' title='bbox 1220 1640 1259 1667; x_wconf 92' lang='lat' dir='ltr'><strong>vi-</strong></span> 
     </span>
    </p>
   </div>
   <div class='ocr_carea' id='block_1_165' title="bbox 928 1676 1107 1708">
    <p class='ocr_par' dir='ltr' id='par_1_165' title="bbox 928 1676 1107 1708">
     <span class='ocr_line' id='line_1_166' title="bbox 928 1676 1107 1708; baseline -0.006 -4"><span class='ocrx_word' id='word_1_688' title='bbox 928 1678 976 1708; x_wconf 88' lang='lat' dir='ltr'><strong>vit,</strong></span> <span class='ocrx_word' id='word_1_689' title='bbox 984 1682 1011 1704; x_wconf 89' lang='lat' dir='ltr'><strong>et</strong></span> <span class='ocrx_word' id='word_1_690' title='bbox 1021 1676 1107 1704; x_wconf 87' lang='lat' dir='ltr'><strong>credit</strong></span> 
     </span>
    </p>
   </div>
   <div class='ocr_carea' id='block_1_166' title="bbox 928 1712 1088 1743">
    <p class='ocr_par' dir='ltr' id='par_1_166' title="bbox 928 1712 1088 1743">
     <span class='ocr_line' id='line_1_167' title="bbox 928 1712 1088 1743; baseline -0.006 -4"><span class='ocrx_word' id='word_1_691' title='bbox 928 1712 954 1739; x_wconf 84' lang='lat' dir='ltr'><strong>in</strong></span> <span class='ocrx_word' id='word_1_692' title='bbox 969 1719 1021 1743; x_wconf 85' lang='lat' dir='ltr'><strong>me,</strong></span> <span class='ocrx_word' id='word_1_693' title='bbox 1034 1719 1088 1738; x_wconf 91' lang='lat' dir='ltr'><strong>non</strong></span> 
     </span>
    </p>
   </div>
   <div class='ocr_carea' id='block_1_167' title="bbox 928 1747 1097 1774">
    <p class='ocr_par' dir='ltr' id='par_1_167' title="bbox 928 1747 1097 1774">
     <span class='ocr_line' id='line_1_168' title="bbox 928 1747 1097 1774; baseline 0 -1"><span class='ocrx_word' id='word_1_694' title='bbox 928 1747 1056 1774; x_wconf 87' lang='lat' dir='ltr'><strong>morietur</strong></span> <span class='ocrx_word' id='word_1_695' title='bbox 1069 1747 1097 1774; x_wconf 90' lang='lat' dir='ltr'><strong>in</strong></span> 
     </span>
    </p>
   </div>
   <div class='ocr_carea' id='block_1_168' title="bbox 928 1785 1075 1809">
    <p class='ocr_par' dir='ltr' id='par_1_168' title="bbox 928 1785 1075 1809">
     <span class='ocr_line' id='line_1_169' title="bbox 928 1785 1075 1809; baseline 0 -1"><span class='ocrx_word' id='word_1_696' title='bbox 928 1785 1075 1809; x_wconf 87' lang='lat' dir='ltr'><strong>aeternum.</strong></span> 
     </span>
    </p>
   </div>
   <div class='ocr_carea' id='block_1_169' title="bbox 927 1815 1101 1848">
    <p class='ocr_par' dir='ltr' id='par_1_169' title="bbox 927 1815 1101 1848">
     <span class='ocr_line' id='line_1_170' title="bbox 927 1815 1101 1848; baseline -0.006 -5"><span class='ocrx_word' id='word_1_697' title='bbox 927 1815 1020 1848; x_wconf 80' lang='lat' dir='ltr'><strong>Credis</strong></span> <span class='ocrx_word' id='word_1_698' title='bbox 1034 1815 1101 1843; x_wconf 78' lang='lat' dir='ltr'><strong>hoc?</strong></span> 
     </span>
    </p>
   </div>
   <div class='ocr_carea' id='block_1_170' title="bbox 927 1850 1196 1879">
    <p class='ocr_par' dir='ltr' id='par_1_170' title="bbox 927 1850 1196 1879">
     <span class='ocr_line' id='line_1_171' title="bbox 927 1850 1196 1879; baseline 0 -1"><span class='ocrx_word' id='word_1_699' title='bbox 927 1851 973 1878; x_wconf 88' lang='lat'><strong>27.</strong></span> <span class='ocrx_word' id='word_1_700' title='bbox 986 1851 1063 1879; x_wconf 81' lang='lat' dir='ltr'><strong>Aitei</strong></span> <span class='ocrx_word' id='word_1_701' title='bbox 1075 1850 1196 1878; x_wconf 88' lang='lat' dir='ltr'><strong>Martha:</strong></span> 
     </span>
    </p>
   </div>
   <div class='ocr_carea' id='block_1_171' title="bbox 928 1886 1163 1922">
    <p class='ocr_par' dir='ltr' id='par_1_171' title="bbox 928 1886 1163 1922">
     <span class='ocr_line' id='line_1_172' title="bbox 928 1886 1163 1922; baseline 0.004 -8"><span class='ocrx_word' id='word_1_702' title='bbox 928 1886 1026 1922; x_wconf 84' lang='lat' dir='ltr'><strong>Utique</strong></span> <span class='ocrx_word' id='word_1_703' title='bbox 1041 1886 1163 1922; x_wconf 67' lang='lat' dir='ltr'><strong>Domine,</strong></span> 
     </span>
    </p>
   </div>
   <div class='ocr_carea' id='block_1_172' title="bbox 929 1921 1094 1957">
    <p class='ocr_par' dir='ltr' id='par_1_172' title="bbox 929 1921 1094 1957">
     <span class='ocr_line' id='line_1_173' title="bbox 929 1921 1094 1957; baseline -0.006 -8"><span class='ocrx_word' id='word_1_704' title='bbox 929 1921 1094 1957; x_wconf 39' lang='lat' dir='ltr'><strong>ego’credidi</strong></span> 
     </span>
    </p>
   </div>
   <div class='ocr_carea' id='block_1_173' title="bbox 743 1978 1073 2007">
    <p class='ocr_par' dir='ltr' id='par_1_173' title="bbox 743 1978 1073 2007">
     <span class='ocr_line' id='line_1_174' title="bbox 743 1978 1073 2007; baseline -0.006 0"><span class='ocrx_word' id='word_1_705' title='bbox 743 1978 858 2007; x_wconf 84' lang='lat' dir='ltr'><strong>CODEX</strong></span> <span class='ocrx_word' id='word_1_706' title='bbox 876 1978 1073 2007; x_wconf 80' lang='lat' dir='ltr'><strong>BRIXIANUS.</strong></span> 
     </span>
    </p>
   </div>
   <div class='ocr_carea' id='block_1_174' title="bbox 947 2023 1718 2064">
    <p class='ocr_par' dir='ltr' id='par_1_174' title="bbox 947 2023 1718 2064">
     <span class='ocr_line' id='line_1_175' title="bbox 947 2023 1718 2064; baseline -0.009 -8"><span class='ocrx_word' id='word_1_707' title='bbox 947 2028 989 2056; x_wconf 92' lang='lat' dir='ltr'><strong>uia</strong></span> <span class='ocrx_word' id='word_1_708' title='bbox 1001 2033 1029 2055; x_wconf 94' lang='lat' dir='ltr'><strong>tu</strong></span> <span class='ocrx_word' id='word_1_709' title='bbox 1046 2036 1075 2064; x_wconf 85' lang='lat' dir='ltr'><strong>es</strong></span> <span class='ocrx_word' id='word_1_710' title='bbox 1087 2028 1210 2064; x_wconf 42' lang='lat' dir='ltr'><strong>Christus</strong></span> <span class='ocrx_word' id='word_1_711' title='bbox 1225 2025 1357 2064; x_wconf 66' lang='lat' dir='ltr'><strong>Eilius_(a)</strong></span> <span class='ocrx_word' id='word_1_712' title='bbox 1364 2025 1412 2053; x_wconf 91' lang='lat' dir='ltr'><strong>Dei</strong></span> <span class='ocrx_word' id='word_1_713' title='bbox 1425 2023 1506 2064; x_wconf 36' lang='grc' dir='ltr'>ἧς..ᾳυί</span> <span class='ocrx_word' id='word_1_714' title='bbox 1520 2025 1546 2051; x_wconf 91' lang='lat' dir='ltr'><strong>in</strong></span> <span class='ocrx_word' id='word_1_715' title='bbox 1558 2023 1718 2064; x_wconf 40' lang='lat' dir='ltr'><strong>hunc&#39;mttn-</strong></span> 
     </span>
    </p>
   </div>
   <div class='ocr_carea' id='block_1_175' title="bbox 947 2058 1717 2089">
    <p class='ocr_par' dir='ltr' id='par_1_175' title="bbox 947 2058 1717 2089">
     <span class='ocr_line' id='line_1_176' title="bbox 947 2058 1717 2089; baseline -0.006 0"><span class='ocrx_word' id='word_1_716' title='bbox 947 2071 989 2089; x_wconf 91' lang='lat' dir='ltr'><strong>um</strong></span> <span class='ocrx_word' id='word_1_717' title='bbox 1002 2063 1108 2089; x_wconf 60' lang='lat' dir='ltr'><strong>venisti.</strong></span> <span class='ocrx_word' id='word_1_718' title='bbox 1117 2062 1220 2089; x_wconf 87' lang='lat' dir='ltr'><strong>Etcum</strong></span> <span class='ocrx_word' id='word_1_719' title='bbox 1233 2062 1289 2088; x_wconf 58' lang='lat' dir='ltr'><strong>haec</strong></span> <span class='ocrx_word' id='word_1_720' title='bbox 1299 2058 1409 2088; x_wconf 78' lang='lat' dir='ltr'><strong>dixisset</strong></span> <span class='ocrx_word' id='word_1_721' title='bbox 1421 2058 1496 2086; x_wconf 83' lang='lat' dir='ltr'><strong>abiit.</strong></span> <span class='ocrx_word' id='word_1_722' title='bbox 1511 2058 1652 2086; x_wconf 84' lang='lat' dir='ltr'><strong>etvocavit</strong></span> <span class='ocrx_word' id='word_1_723' title='bbox 1662 2058 1717 2084; x_wconf 86' lang='lat' dir='ltr'><strong>Ma-</strong></span> 
     </span>
    </p>
   </div>
   <div class='ocr_carea' id='block_1_176' title="bbox 926 2093 1719 2128">
    <p class='ocr_par' dir='ltr' id='par_1_176' title="bbox 926 2093 1719 2128">
     <span class='ocr_line' id='line_1_177' title="bbox 926 2093 1719 2128; baseline -0.005 -4"><span class='ocrx_word' id='word_1_724' title='bbox 926 2098 1003 2124; x_wconf 88' lang='lat' dir='ltr'><strong>riam.</strong></span> <span class='ocrx_word' id='word_1_725' title='bbox 1015 2105 1135 2124; x_wconf 87' lang='lat' dir='ltr'><strong>sororent</strong></span> <span class='ocrx_word' id='word_1_726' title='bbox 1149 2105 1224 2123; x_wconf 91' lang='lat' dir='ltr'><strong>suam</strong></span> <span class='ocrx_word' id='word_1_727' title='bbox 1233 2096 1339 2122; x_wconf 85' lang='lat' dir='ltr'><strong>occulte</strong></span> <span class='ocrx_word' id='word_1_728' title='bbox 1349 2094 1581 2128; x_wconf 74' lang='lat' dir='ltr'><strong>dicensMagisier</strong></span> <span class='ocrx_word' id='word_1_729' title='bbox 1593 2093 1677 2120; x_wconf 85' lang='lat' dir='ltr'><strong>adesi.</strong></span> <span class='ocrx_word' id='word_1_730' title='bbox 1691 2097 1719 2120; x_wconf 88' lang='lat' dir='ltr'><strong>et</strong></span> 
     </span>
    </p>
   </div>
   <div class='ocr_carea' id='block_1_177' title="bbox 927 2128 1718 2165">
    <p class='ocr_par' dir='ltr' id='par_1_177' title="bbox 927 2128 1718 2165">
     <span class='ocr_line' id='line_1_178' title="bbox 927 2128 1718 2165; baseline -0.005 -8"><span class='ocrx_word' id='word_1_731' title='bbox 927 2136 1005 2159; x_wconf 89' lang='lat' dir='ltr'><strong>vocat</strong></span> <span class='ocrx_word' id='word_1_732' title='bbox 1017 2138 1053 2158; x_wconf 91' lang='lat' dir='ltr'><strong>te.</strong></span> <span class='ocrx_word' id='word_1_733' title='bbox 1067 2131 1112 2165; x_wconf 78' lang='lat' dir='ltr'><strong>Illa</strong></span> <span class='ocrx_word' id='word_1_734' title='bbox 1122 2139 1188 2159; x_wconf 89' lang='lat' dir='ltr'><strong>vero</strong></span> <span class='ocrx_word' id='word_1_735' title='bbox 1202 2131 1348 2158; x_wconf 78' lang='lat' dir='ltr'><strong>utaudivit.</strong></span> <span class='ocrx_word' id='word_1_736' title='bbox 1360 2130 1476 2157; x_wconf 85' lang='lat' dir='ltr'><strong>surrexit</strong></span> <span class='ocrx_word' id='word_1_737' title='bbox 1488 2132 1552 2156; x_wconf 88' lang='lat' dir='ltr'><strong>cito.</strong></span> <span class='ocrx_word' id='word_1_738' title='bbox 1564 2129 1670 2155; x_wconf 82' lang='lat' dir='ltr'><strong>etvenit</strong></span> <span class='ocrx_word' id='word_1_739' title='bbox 1683 2128 1718 2165; x_wconf 76' lang='lat' dir='ltr'><strong>ad</strong></span> 
     </span>
    </p>
   </div>
   <div class='ocr_carea' id='block_1_178' title="bbox 927 2163 1715 2194">
    <p class='ocr_par' dir='ltr' id='par_1_178' title="bbox 927 2163 1715 2194">
     <span class='ocr_line' id='line_1_179' title="bbox 927 2163 1715 2194; baseline -0.005 -1"><span class='ocrx_word' id='word_1_740' title='bbox 927 2175 997 2194; x_wconf 89' lang='lat' dir='ltr'><strong>eum.</strong></span> <span class='ocrx_word' id='word_1_741' title='bbox 1013 2163 1132 2194; x_wconf 73' lang='lat' dir='ltr'><strong>nouitium</strong></span> <span class='ocrx_word' id='word_1_742' title='bbox 1146 2168 1217 2194; x_wconf 89' lang='lat' dir='ltr'><strong>enim</strong></span> <span class='ocrx_word' id='word_1_743' title='bbox 1234 2170 1346 2194; x_wconf 66' lang='lat' dir='ltr'><strong>vent-rat</strong></span> <span class='ocrx_word' id='word_1_744' title='bbox 1358 2165 1434 2193; x_wconf 76' lang='lat' dir='ltr'><strong>Jes&#39;us</strong></span> <span class='ocrx_word' id='word_1_745' title='bbox 1451 2165 1476 2191; x_wconf 92' lang='lat' dir='ltr'><strong>iu</strong></span> <span class='ocrx_word' id='word_1_746' title='bbox 1500 2165 1650 2191; x_wconf 60' lang='lat' dir='ltr'><strong>castellum.</strong></span> <span class='ocrx_word' id='word_1_747' title='bbox 1668 2163 1715 2189; x_wconf 68' lang='lat' dir='ltr'><strong>sed</strong></span> 
     </span>
    </p>
   </div>
   <div class='ocr_carea' id='block_1_179' title="bbox 927 2197 1716 2230">
    <p class='ocr_par' dir='ltr' id='par_1_179' title="bbox 927 2197 1716 2230">
     <span class='ocr_line' id='line_1_180' title="bbox 927 2197 1716 2230; baseline -0.008 0"><span class='ocrx_word' id='word_1_748' title='bbox 927 2207 986 2230; x_wconf 89' lang='lat' dir='ltr'><strong>erat</strong></span> <span class='ocrx_word' id='word_1_749' title='bbox 1007 2201 1094 2229; x_wconf 86' lang='lat' dir='ltr'><strong>adhuc</strong></span> <span class='ocrx_word' id='word_1_750' title='bbox 1119 2203 1144 2228; x_wconf 89' lang='lat' dir='ltr'><strong>in</strong></span> <span class='ocrx_word' id='word_1_751' title='bbox 1168 2202 1215 2229; x_wconf 85' lang='lat' dir='ltr'><strong>illo</strong></span> <span class='ocrx_word' id='word_1_752' title='bbox 1231 2202 1300 2228; x_wconf 75' lang='lat' dir='ltr'><strong>loco.</strong></span> <span class='ocrx_word' id='word_1_753' title='bbox 1324 2202 1368 2228; x_wconf 87' lang='lat' dir='ltr'><strong>ubi</strong></span> <span class='ocrx_word' id='word_1_754' title='bbox 1381 2204 1540 2226; x_wconf 73' lang='lat' dir='ltr'><strong>‘occurrerat</strong></span> <span class='ocrx_word' id='word_1_755' title='bbox 1556 2200 1579 2225; x_wconf 85' lang='lat' dir='ltr'><strong>ei</strong></span> <span class='ocrx_word' id='word_1_756' title='bbox 1603 2197 1716 2225; x_wconf 84' lang='lat' dir='ltr'><strong>Martha.</strong></span> 
     </span>
    </p>
   </div>
   <div class='ocr_carea' id='block_1_180' title="bbox 928 2233 1717 2272">
    <p class='ocr_par' dir='ltr' id='par_1_180' title="bbox 928 2233 1717 2272">
     <span class='ocr_line' id='line_1_181' title="bbox 928 2233 1717 2272; baseline -0.011 -7"><span class='ocrx_word' id='word_1_757' title='bbox 928 2237 1134 2265; x_wconf 73' lang='lat' dir='ltr'><strong>Judaeiautem.</strong></span> <span class='ocrx_word' id='word_1_758' title='bbox 1146 2238 1190 2272; x_wconf 91' lang='lat' dir='ltr'><strong>qui</strong></span> <span class='ocrx_word' id='word_1_759' title='bbox 1203 2242 1279 2264; x_wconf 89' lang='lat' dir='ltr'><strong>erant</strong></span> <span class='ocrx_word' id='word_1_760' title='bbox 1290 2244 1349 2263; x_wconf 91' lang='lat' dir='ltr'><strong>cum</strong></span> <span class='ocrx_word' id='word_1_761' title='bbox 1364 2244 1398 2272; x_wconf 77' lang='lat' dir='ltr'><strong>ea</strong></span> <span class='ocrx_word' id='word_1_762' title='bbox 1408 2236 1433 2262; x_wconf 90' lang='lat' dir='ltr'><strong>in</strong></span> <span class='ocrx_word' id='word_1_763' title='bbox 1442 2236 1534 2261; x_wconf 89' lang='lat' dir='ltr'><strong>domo.</strong></span> <span class='ocrx_word' id='word_1_764' title='bbox 1546 2233 1717 2272; x_wconf 62' lang='lat' dir='ltr'><strong>consolantes</strong></span> 
     </span>
    </p>
   </div>
   <div class='ocr_carea' id='block_1_181' title="bbox 929 2270 1714 2306">
    <p class='ocr_par' dir='ltr' id='par_1_181' title="bbox 929 2270 1714 2306">
     <span class='ocr_line' id='line_1_182' title="bbox 929 2270 1714 2306; baseline -0.011 -6"><span class='ocrx_word' id='word_1_765' title='bbox 929 2280 999 2300; x_wconf 83' lang='lat' dir='ltr'><strong>eam.</strong></span> <span class='ocrx_word' id='word_1_766' title='bbox 1022 2273 1145 2300; x_wconf 84' lang='lat' dir='ltr'><strong>videntes</strong></span> <span class='ocrx_word' id='word_1_767' title='bbox 1155 2270 1281 2300; x_wconf 58' lang='lat' dir='ltr'><strong>&#39;Mariam.</strong></span> <span class='ocrx_word' id='word_1_768' title='bbox 1292 2272 1357 2306; x_wconf 79' lang='lat' dir='ltr'><strong>quia</strong></span> <span class='ocrx_word' id='word_1_769' title='bbox 1377 2271 1430 2297; x_wconf 87' lang='lat' dir='ltr'><strong>cito</strong></span> <span class='ocrx_word' id='word_1_770' title='bbox 1450 2270 1574 2306; x_wconf 73' lang='lat' dir='ltr'><strong>surrexit.</strong></span> <span class='ocrx_word' id='word_1_771' title='bbox 1595 2272 1621 2293; x_wconf 91' lang='lat' dir='ltr'><strong>et</strong></span> <span class='ocrx_word' id='word_1_772' title='bbox 1638 2270 1714 2292; x_wconf 85' lang='lat' dir='ltr'><strong>exiit.</strong></span> 
     </span>
    </p>
   </div>
   <div class='ocr_carea' id='block_1_182' title="bbox 929 2303 1718 2339">
    <p class='ocr_par' dir='ltr' id='par_1_182' title="bbox 929 2303 1718 2339">
     <span class='ocr_line' id='line_1_183' title="bbox 929 2303 1718 2339; baseline -0.011 -4"><span class='ocrx_word' id='word_1_773' title='bbox 929 2308 1012 2335; x_wconf 85' lang='lat' dir='ltr'><strong>secuti</strong></span> <span class='ocrx_word' id='word_1_774' title='bbox 1033 2312 1096 2334; x_wconf 88' lang='lat' dir='ltr'><strong>sunt</strong></span> <span class='ocrx_word' id='word_1_775' title='bbox 1108 2315 1167 2334; x_wconf 89' lang='lat' dir='ltr'><strong>eam</strong></span> <span class='ocrx_word' id='word_1_776' title='bbox 1183 2303 1314 2334; x_wconf 68' lang='lat' dir='ltr'><strong>dicentes.</strong></span> <span class='ocrx_word' id='word_1_777' title='bbox 1331 2306 1396 2339; x_wconf 81' lang='lat' dir='ltr'><strong>Quia</strong></span> <span class='ocrx_word' id='word_1_778' title='bbox 1421 2303 1494 2330; x_wconf 86' lang='lat' dir='ltr'><strong>vadit</strong></span> <span class='ocrx_word' id='word_1_779' title='bbox 1513 2303 1544 2339; x_wconf 61' lang='lat' dir='ltr'><strong>:th</strong></span> <span class='ocrx_word' id='word_1_780' title='bbox 1559 2308 1718 2339; x_wconf 78' lang='lat' dir='ltr'><strong>munumen-</strong></span> 
     </span>
    </p>
   </div>
   <div class='ocr_carea' id='block_1_183' title="bbox 931 2336 1719 2377">
    <p class='ocr_par' dir='ltr' id='par_1_183' title="bbox 931 2336 1719 2377">
     <span class='ocr_line' id='line_1_184' title="bbox 931 2336 1719 2377; baseline -0.01 -8"><span class='ocrx_word' id='word_1_781' title='bbox 931 2348 995 2370; x_wconf 89' lang='lat' dir='ltr'><strong>tum.</strong></span> <span class='ocrx_word' id='word_1_782' title='bbox 1012 2347 1038 2369; x_wconf 93' lang='lat' dir='ltr'><strong>ui</strong></span> <span class='ocrx_word' id='word_1_783' title='bbox 1055 2343 1139 2377; x_wconf 87' lang='lat' dir='ltr'><strong>ploret</strong></span> <span class='ocrx_word' id='word_1_784' title='bbox 1154 2342 1201 2369; x_wconf 88' lang='lat' dir='ltr'><strong>ibi.</strong></span> <span class='ocrx_word' id='word_1_785' title='bbox 1218 2342 1298 2368; x_wconf 86' lang='lat' dir='ltr'><strong>Maria</strong></span> <span class='ocrx_word' id='word_1_786' title='bbox 1306 2336 1376 2377; x_wconf 47' lang='lat' dir='ltr'><strong>ergo</strong></span> <span class='ocrx_word' id='word_1_787' title='bbox 1386 2347 1445 2377; x_wconf 69' lang='lat' dir='ltr'><strong>cunt</strong></span> <span class='ocrx_word' id='word_1_788' title='bbox 1462 2336 1644 2377; x_wconf 42' lang='lat' dir='ltr'><strong>venisselzluhi</strong></span> <span class='ocrx_word' id='word_1_789' title='bbox 1659 2339 1719 2376; x_wconf 71' lang='lat' dir='ltr'><strong>erat</strong></span> 
     </span>
    </p>
   </div>
   <div class='ocr_carea' id='block_1_184' title="bbox 930 2371 1718 2410">
    <p class='ocr_par' dir='ltr' id='par_1_184' title="bbox 930 2371 1718 2410">
     <span class='ocr_line' id='line_1_185' title="bbox 930 2371 1718 2410; baseline -0.011 -5"><span class='ocrx_word' id='word_1_790' title='bbox 930 2378 1018 2405; x_wconf 83' lang='lat' dir='ltr'><strong>Jesus.</strong></span> <span class='ocrx_word' id='word_1_791' title='bbox 1034 2371 1128 2404; x_wconf 82' lang='lat' dir='ltr'><strong>videns</strong></span> <span class='ocrx_word' id='word_1_792' title='bbox 1141 2384 1212 2403; x_wconf 88' lang='lat' dir='ltr'><strong>eum.</strong></span> <span class='ocrx_word' id='word_1_793' title='bbox 1238 2371 1355 2410; x_wconf 66' lang='lat' dir='ltr'><strong>procidit</strong></span> <span class='ocrx_word' id='word_1_794' title='bbox 1373 2375 1397 2400; x_wconf 90' lang='lat' dir='ltr'><strong>ei</strong></span> <span class='ocrx_word' id='word_1_795' title='bbox 1414 2373 1445 2398; x_wconf 85' lang='lat' dir='ltr'><strong>ad</strong></span> <span class='ocrx_word' id='word_1_796' title='bbox 1461 2372 1552 2410; x_wconf 58' lang='lat' dir='ltr'><strong>pedes:</strong></span> <span class='ocrx_word' id='word_1_797' title='bbox 1573 2371 1666 2398; x_wconf 86' lang='lat' dir='ltr'><strong>dicens</strong></span> <span class='ocrx_word' id='word_1_798' title='bbox 1679 2371 1718 2397; x_wconf 86' lang='lat' dir='ltr'><strong>ci.</strong></span> 
     </span>
    </p>
   </div>
   <div class='ocr_carea' id='block_1_185' title="bbox 931 2406 1715 2440">
    <p class='ocr_par' dir='ltr' id='par_1_185' title="bbox 931 2406 1715 2440">
     <span class='ocr_line' id='line_1_186' title="bbox 931 2406 1715 2440; baseline -0.01 0"><span class='ocrx_word' id='word_1_799' title='bbox 931 2412 1043 2440; x_wconf 88' lang='lat' dir='ltr'><strong>Domine</strong></span> <span class='ocrx_word' id='word_1_800' title='bbox 1055 2412 1078 2438; x_wconf 80' lang='lat' dir='ltr'><strong>si</strong></span> <span class='ocrx_word' id='word_1_801' title='bbox 1091 2411 1188 2438; x_wconf 82' lang='lat' dir='ltr'><strong>fuisses</strong></span> <span class='ocrx_word' id='word_1_802' title='bbox 1201 2406 1254 2437; x_wconf 72' lang='lat' dir='ltr'><strong>hic.</strong></span> <span class='ocrx_word' id='word_1_803' title='bbox 1263 2417 1316 2437; x_wconf 89' lang='lat' dir='ltr'><strong>non</strong></span> <span class='ocrx_word' id='word_1_804' title='bbox 1325 2412 1397 2436; x_wconf 88' lang='lat' dir='ltr'><strong>esset</strong></span> <span class='ocrx_word' id='word_1_805' title='bbox 1407 2412 1529 2435; x_wconf 90' lang='lat' dir='ltr'><strong>mortuus</strong></span> <span class='ocrx_word' id='word_1_806' title='bbox 1540 2406 1622 2434; x_wconf 86' lang='lat' dir='ltr'><strong>frater</strong></span> <span class='ocrx_word' id='word_1_807' title='bbox 1630 2413 1715 2433; x_wconf 91' lang='lat' dir='ltr'><strong>meus.</strong></span> 
     </span>
    </p>
   </div>
   <div class='ocr_carea' id='block_1_186' title="bbox 726 2449 1091 2496">
    <p class='ocr_par' dir='ltr' id='par_1_186' title="bbox 726 2449 1091 2496">
     <span class='ocr_line' id='line_1_187' title="bbox 726 2449 1091 2496; baseline 0 -2"><span class='ocrx_word' id='word_1_808' title='bbox 726 2465 842 2495; x_wconf 79' lang='lat' dir='ltr'><strong>CODEX</strong></span> <span class='ocrx_word' id='word_1_809' title='bbox 859 2449 1091 2496; x_wconf 70' lang='grc' dir='ltr'>οοιιιιιιιειιειδ.</span> 
     </span>
    </p>
   </div>
   <div class='ocr_carea' id='block_1_187' title="bbox 966 2512 1718 2548">
    <p class='ocr_par' dir='ltr' id='par_1_187' title="bbox 966 2512 1718 2548">
     <span class='ocr_line' id='line_1_188' title="bbox 966 2512 1718 2548; baseline -0.005 -6"><span class='ocrx_word' id='word_1_810' title='bbox 966 2514 1011 2543; x_wconf 73' lang='grc'><strong>32.</strong></span> <span class='ocrx_word' id='word_1_811' title='bbox 1031 2519 1060 2542; x_wconf 86' lang='grc' dir='ltr'><strong>ιιι</strong></span> <span class='ocrx_word' id='word_1_812' title='bbox 1078 2514 1153 2542; x_wconf 89' lang='lat' dir='ltr'><strong>venit</strong></span> <span class='ocrx_word' id='word_1_813' title='bbox 1182 2513 1228 2542; x_wconf 86' lang='lat' dir='ltr'><strong>ubi</strong></span> <span class='ocrx_word' id='word_1_814' title='bbox 1250 2514 1261 2530; x_wconf 84' lang='lat'><strong>‘</strong></span> <span class='ocrx_word' id='word_1_815' title='bbox 1290 2519 1349 2542; x_wconf 87' lang='lat' dir='ltr'><strong>erat</strong></span> <span class='ocrx_word' id='word_1_816' title='bbox 1367 2513 1463 2548; x_wconf 71' lang='lat' dir='ltr'><strong>Iesus,</strong></span> <span class='ocrx_word' id='word_1_817' title='bbox 1490 2517 1518 2542; x_wconf 91' lang='lat' dir='ltr'><strong>et</strong></span> <span class='ocrx_word' id='word_1_818' title='bbox 1548 2512 1615 2540; x_wconf 90' lang='lat' dir='ltr'><strong>vidit</strong></span> <span class='ocrx_word' id='word_1_819' title='bbox 1634 2517 1695 2539; x_wconf 84' lang='lat' dir='ltr'><strong>eum</strong></span> <span class='ocrx_word' id='word_1_820' title='bbox 1709 2529 1718 2543; x_wconf 85' lang='lat'><strong>,</strong></span> 
     </span>
    </p>
   </div>
   <div class='ocr_carea' id='block_1_188' title="bbox 930 2549 1445 2583">
    <p class='ocr_par' dir='ltr' id='par_1_188' title="bbox 930 2549 1445 2583">
     <span class='ocr_line' id='line_1_189' title="bbox 930 2549 1445 2583; baseline -0.002 -6"><span class='ocrx_word' id='word_1_821' title='bbox 930 2554 984 2578; x_wconf 78' lang='lat' dir='ltr'><strong>etc.</strong></span> <span class='ocrx_word' id='word_1_822' title='bbox 1006 2570 1013 2577; x_wconf 95' lang='lat'><strong>.</strong></span> <span class='ocrx_word' id='word_1_823' title='bbox 1035 2570 1042 2577; x_wconf 94' lang='lat'><strong>.</strong></span> <span class='ocrx_word' id='word_1_824' title='bbox 1066 2571 1073 2578; x_wconf 90' lang='lat'><strong>.</strong></span> <span class='ocrx_word' id='word_1_825' title='bbox 1092 2549 1117 2577; x_wconf 89' lang='lat' dir='ltr'><strong>si</strong></span> <span class='ocrx_word' id='word_1_826' title='bbox 1127 2556 1203 2578; x_wconf 86' lang='lat' dir='ltr'><strong>esses</strong></span> <span class='ocrx_word' id='word_1_827' title='bbox 1218 2549 1272 2583; x_wconf 82' lang='lat' dir='ltr'><strong>hic,</strong></span> <span class='ocrx_word' id='word_1_828' title='bbox 1295 2557 1348 2578; x_wconf 91' lang='lat' dir='ltr'><strong>non</strong></span> <span class='ocrx_word' id='word_1_829' title='bbox 1362 2555 1445 2578; x_wconf 85' lang='lat' dir='ltr'><strong>esset.</strong></span> 
     </span>
    </p>
   </div>
   <div class='ocr_carea' id='block_1_189' title="bbox 215 2604 1108 2634">
    <p class='ocr_par' dir='ltr' id='par_1_189' title="bbox 215 2604 1108 2634">
     <span class='ocr_line' id='line_1_190' title="bbox 215 2604 1108 2634; baseline 0.004 -5"><span class='ocrx_word' id='word_1_830' title='bbox 215 2627 217 2629; x_wconf 94' lang='lat'><strong>.</strong></span> <span class='ocrx_word' id='word_1_831' title='bbox 694 2605 890 2634; x_wconf 77' lang='lat' dir='ltr'><strong>VABIANTES</strong></span> <span class='ocrx_word' id='word_1_832' title='bbox 909 2604 1108 2634; x_wconf 84' lang='lat' dir='ltr'><strong>LECTIONES.</strong></span> 
     </span>
    </p>
   </div>
   <div class='ocr_carea' id='block_1_190' title="bbox 121 2651 747 2708">
    <p class='ocr_par' dir='ltr' id='par_1_190' title="bbox 121 2651 747 2708">
     <span class='ocr_line' id='line_1_191' title="bbox 121 2651 747 2708; baseline -0.006 -27"><span class='ocrx_word' id='word_1_833' title='bbox 121 2657 130 2672; x_wconf 75' lang='grc' dir='ltr'>ί</span> <span class='ocrx_word' id='word_1_834' title='bbox 148 2655 203 2680; x_wconf 75' lang='grc' dir='ltr'><strong>σοι.</strong></span> <span class='ocrx_word' id='word_1_835' title='bbox 214 2654 340 2690; x_wconf 44' lang='lat' dir='ltr'><strong>petieris;</strong></span> <span class='ocrx_word' id='word_1_836' title='bbox 350 2653 412 2678; x_wconf 86' lang='lat' dir='ltr'><strong>Deo.</strong></span> <span class='ocrx_word' id='word_1_837' title='bbox 428 2651 501 2708; x_wconf 51' lang='grc' dir='ltr'><strong>ηιμ.</strong></span> <span class='ocrx_word' id='word_1_838' title='bbox 515 2653 653 2684; x_wconf 81' lang='lat' dir='ltr'><strong>poposceris</strong></span> <span class='ocrx_word' id='word_1_839' title='bbox 664 2653 747 2678; x_wconf 85' lang='lat' dir='ltr'><strong>aDeo.</strong></span> 
     </span>
     <span class='ocr_line' id='line_1_192' title="bbox 122 2683 747 2708; baseline 0 0"><span class='ocrx_word' id='word_1_840' title='bbox 122 2688 133 2704; x_wconf 58' lang='grc' dir='ltr'><strong>ν</strong></span> <span class='ocrx_word' id='word_1_841' title='bbox 151 2687 211 2708; x_wconf 71' lang='lat' dir='ltr'><strong>Hm.</strong></span> <span class='ocrx_word' id='word_1_842' title='bbox 225 2688 252 2708; x_wconf 89' lang='lat' dir='ltr'><strong>et</strong></span> <span class='ocrx_word' id='word_1_843' title='bbox 260 2690 348 2708; x_wconf 75' lang='lat' dir='ltr'><strong>munis.</strong></span> <span class='ocrx_word' id='word_1_844' title='bbox 360 2684 402 2708; x_wconf 83' lang='lat' dir='ltr'><strong>oui</strong></span> <span class='ocrx_word' id='word_1_845' title='bbox 412 2683 470 2708; x_wconf 88' lang='lat' dir='ltr'><strong>cred</strong></span> <span class='ocrx_word' id='word_1_846' title='bbox 482 2686 491 2708; x_wconf 93' lang='lat' dir='ltr'><strong>t</strong></span> <span class='ocrx_word' id='word_1_847' title='bbox 506 2684 531 2707; x_wconf 89' lang='lat' dir='ltr'><strong>in</strong></span> <span class='ocrx_word' id='word_1_848' title='bbox 546 2689 595 2708; x_wconf 88' lang='lat' dir='ltr'><strong>me.</strong></span> <span class='ocrx_word' id='word_1_849' title='bbox 610 2683 683 2708; x_wconf 75' lang='lat' dir='ltr'><strong>Vala.</strong></span> <span class='ocrx_word' id='word_1_850' title='bbox 695 2687 720 2708; x_wconf 90' lang='lat' dir='ltr'><strong>et</strong></span> <span class='ocrx_word' id='word_1_851' title='bbox 733 2690 747 2708; x_wconf 81' lang='grc' dir='ltr'><strong>ιι</strong></span> 
     </span>
    </p>
   </div>
   <div class='ocr_carea' id='block_1_191' title="bbox 150 2683 879 2717">
    <p class='ocr_par' dir='ltr' id='par_1_191' title="bbox 150 2683 879 2717">
     <span class='ocr_line' id='line_1_193' title="bbox 150 2683 879 2717; baseline -0.005 -6"><span class='ocrx_word' id='word_1_852' title='bbox 150 2683 252 2711; x_wconf 73' lang='grc' dir='ltr'>κω.’θι</span> <span class='ocrx_word' id='word_1_853' title='bbox 260 2684 348 2717; x_wconf 69' lang='lat' dir='ltr'><strong>etanta,</strong></span> <span class='ocrx_word' id='word_1_854' title='bbox 360 2684 402 2714; x_wconf 88' lang='lat' dir='ltr'><strong>qui</strong></span> <span class='ocrx_word' id='word_1_855' title='bbox 412 2683 491 2708; x_wconf 72' lang='lat' dir='ltr'><strong>credit</strong></span> <span class='ocrx_word' id='word_1_856' title='bbox 506 2684 531 2707; x_wconf 87' lang='lat' dir='ltr'><strong>in</strong></span> <span class='ocrx_word' id='word_1_857' title='bbox 546 2689 595 2708; x_wconf 88' lang='lat' dir='ltr'><strong>me.</strong></span> <span class='ocrx_word' id='word_1_858' title='bbox 610 2683 683 2717; x_wconf 79' lang='lat' dir='ltr'><strong>Vulg.</strong></span> <span class='ocrx_word' id='word_1_859' title='bbox 695 2687 720 2709; x_wconf 86' lang='lat' dir='ltr'><strong>et</strong></span> <span class='ocrx_word' id='word_1_860' title='bbox 733 2683 826 2714; x_wconf 81' lang='lat' dir='ltr'><strong>omnis,</strong></span> <span class='ocrx_word' id='word_1_861' title='bbox 837 2683 879 2713; x_wconf 89' lang='lat' dir='ltr'><strong>qui</strong></span> 
     </span>
    </p>
   </div>
   <div class='ocr_carea' id='block_1_192' title="bbox 93 2714 645 2745">
    <p class='ocr_par' dir='ltr' id='par_1_192' title="bbox 93 2714 645 2745">
     <span class='ocr_line' id='line_1_194' title="bbox 93 2714 645 2745; baseline -0.02 -1"><span class='ocrx_word' id='word_1_862' title='bbox 93 2718 161 2745; x_wconf 83' lang='lat' dir='ltr'><strong>vivit.</strong></span> <span class='ocrx_word' id='word_1_863' title='bbox 175 2721 203 2742; x_wconf 84' lang='lat' dir='ltr'><strong>et</strong></span> <span class='ocrx_word' id='word_1_864' title='bbox 211 2714 325 2743; x_wconf 76' lang='lat' dir='ltr'><strong>creditin</strong></span> <span class='ocrx_word' id='word_1_865' title='bbox 340 2721 390 2739; x_wconf 88' lang='lat' dir='ltr'><strong>me.</strong></span> <span class='ocrx_word' id='word_1_866' title='bbox 406 2744 410 2745; x_wconf 23' lang='grc' dir='ltr'><em>ν</em></span> <span class='ocrx_word' id='word_1_867' title='bbox 449 2743 463 2745; x_wconf 84' lang='lat'><strong><em>_</em></strong></span> <span class='ocrx_word' id='word_1_868' title='bbox 642 2739 645 2743; x_wconf 36' lang='lat'><em>‘</em></span> 
     </span>
    </p>
   </div>
   <div class='ocr_carea' id='block_1_193' title="bbox 124 2743 636 2778">
    <p class='ocr_par' dir='ltr' id='par_1_193' title="bbox 124 2743 636 2778">
     <span class='ocr_line' id='line_1_195' title="bbox 124 2743 636 2778; baseline -0.008 -4"><span class='ocrx_word' id='word_1_869' title='bbox 124 2749 135 2765; x_wconf 91' lang='grc'><strong><em>³</em></strong></span> <span class='ocrx_word' id='word_1_870' title='bbox 151 2743 206 2773; x_wconf 70' lang='lat' dir='ltr'><strong>Cat.</strong></span> <span class='ocrx_word' id='word_1_871' title='bbox 219 2746 281 2778; x_wconf 85' lang='lat' dir='ltr'><strong>Del,</strong></span> <span class='ocrx_word' id='word_1_872' title='bbox 290 2746 341 2777; x_wconf 86' lang='lat' dir='ltr'><strong>qui.</strong></span> <span class='ocrx_word' id='word_1_873' title='bbox 364 2744 436 2776; x_wconf 76' lang='lat' dir='ltr'><strong>Vulg.</strong></span> <span class='ocrx_word' id='word_1_874' title='bbox 449 2743 496 2770; x_wconf 79' lang='lat' dir='ltr'><strong>Dei</strong></span> <span class='ocrx_word' id='word_1_875' title='bbox 507 2745 570 2776; x_wconf 83' lang='lat' dir='ltr'><strong>vivi,</strong></span> <span class='ocrx_word' id='word_1_876' title='bbox 584 2745 636 2777; x_wconf 87' lang='lat' dir='ltr'><strong>qui.</strong></span> 
     </span>
    </p>
   </div>
   <div class='ocr_carea' id='block_1_194' title="bbox 961 2650 1645 2685">
    <p class='ocr_par' dir='ltr' id='par_1_194' title="bbox 961 2650 1645 2685">
     <span class='ocr_line' id='line_1_196' title="bbox 961 2650 1645 2685; baseline -0.009 -7"><span class='ocrx_word' id='word_1_877' title='bbox 961 2651 972 2685; x_wconf 65' lang='grc' dir='ltr'><strong>ξ</strong></span> <span class='ocrx_word' id='word_1_878' title='bbox 989 2651 1041 2685; x_wconf 70' lang='grc' dir='ltr'><strong>(ξω.</strong></span> <span class='ocrx_word' id='word_1_879' title='bbox 1054 2652 1169 2685; x_wconf 77' lang='lat' dir='ltr'><strong>Magister</strong></span> <span class='ocrx_word' id='word_1_880' title='bbox 1179 2653 1256 2685; x_wconf 77' lang='lat' dir='ltr'><strong>venit,</strong></span> <span class='ocrx_word' id='word_1_881' title='bbox 1266 2656 1300 2678; x_wconf 91' lang='lat' dir='ltr'><strong>et.</strong></span> <span class='ocrx_word' id='word_1_882' title='bbox 1315 2652 1511 2685; x_wconf 63' lang='lat' dir='ltr'><strong>Vulq._llagis_ter</strong></span> <span class='ocrx_word' id='word_1_883' title='bbox 1522 2650 1645 2685; x_wconf 57' lang='lat' dir='ltr'><strong>adest,_et.</strong></span> 
     </span>
    </p>
   </div>
   <div class='ocr_carea' id='block_1_195' title="bbox 932 2673 1718 2739">
    <p class='ocr_par' dir='ltr' id='par_1_195' title="bbox 932 2673 1718 2739">
     <span class='ocr_line' id='line_1_197' title="bbox 932 2673 1718 2739; baseline -0.005 -32"><span class='ocrx_word' id='word_1_884' title='bbox 932 2673 1041 2739; x_wconf 43' lang='lat' dir='ltr'><strong>&quot;aia.</strong></span> <span class='ocrx_word' id='word_1_885' title='bbox 1055 2673 1191 2709; x_wconf 65' lang='grc' dir='ltr'><strong>’ἕῐῖὖῖῐξηξ</strong></span> <span class='ocrx_word' id='word_1_886' title='bbox 1197 2673 1545 2713; x_wconf 50' lang='grc' dir='ltr'><strong>νδὶἱΙέἓὶόεῖῖἓιῗῖίᾶρῗει</strong></span> <span class='ocrx_word' id='word_1_887' title='bbox 1552 2673 1641 2705; x_wconf 80' lang='lat' dir='ltr'><strong>exiit...</strong></span> <span class='ocrx_word' id='word_1_888' title='bbox 1656 2678 1718 2708; x_wconf 80' lang='lat' dir='ltr'><strong>Quia</strong></span> 
     </span>
    </p>
   </div>
   <div class='ocr_carea' id='block_1_196' title="bbox 963 2742 1609 2776">
    <p class='ocr_par' dir='ltr' id='par_1_196' title="bbox 963 2742 1609 2776">
     <span class='ocr_line' id='line_1_198' title="bbox 963 2742 1609 2776; baseline -0.003 -8"><span class='ocrx_word' id='word_1_889' title='bbox 963 2744 973 2759; x_wconf 91' lang='grc'>⁶</span> <span class='ocrx_word' id='word_1_890' title='bbox 991 2745 1049 2769; x_wconf 78' lang='lat' dir='ltr'><strong>Mm.</strong></span> <span class='ocrx_word' id='word_1_891' title='bbox 1061 2748 1114 2769; x_wconf 80' lang='lat' dir='ltr'><strong>erat</strong></span> <span class='ocrx_word' id='word_1_892' title='bbox 1123 2744 1205 2776; x_wconf 77' lang='lat' dir='ltr'><strong>Iesus,</strong></span> <span class='ocrx_word' id='word_1_893' title='bbox 1218 2745 1318 2770; x_wconf 87' lang='lat' dir='ltr'><strong>cecidit.</strong></span> <span class='ocrx_word' id='word_1_894' title='bbox 1328 2743 1418 2770; x_wconf 77' lang='lat' dir='ltr'><strong>Omittit</strong></span> <span class='ocrx_word' id='word_1_895' title='bbox 1430 2746 1456 2768; x_wconf 86' lang='lat' dir='ltr'><strong>et</strong></span> <span class='ocrx_word' id='word_1_896' title='bbox 1467 2742 1526 2767; x_wconf 90' lang='lat' dir='ltr'><strong>vidit</strong></span> <span class='ocrx_word' id='word_1_897' title='bbox 1543 2747 1609 2767; x_wconf 85' lang='lat' dir='ltr'><strong>eum.</strong></span> 
     </span>
    </p>
   </div>
   <div class='ocr_carea' id='block_1_197' title="bbox 755 2794 1066 2825">
    <p class='ocr_par' dir='ltr' id='par_1_197' title="bbox 755 2794 1066 2825">
     <span class='ocr_line' id='line_1_199' title="bbox 755 2794 1066 2825; baseline -0.006 0"><span class='ocrx_word' id='word_1_898' title='bbox 755 2794 934 2825; x_wconf 80' lang='lat' dir='ltr'><strong>BLANCHINI</strong></span> <span class='ocrx_word' id='word_1_899' title='bbox 953 2795 1066 2823; x_wconf 64' lang='lat' dir='ltr'><strong>NOTAE.</strong></span> 
     </span>
    </p>
   </div>
   <div class='ocr_carea' id='block_1_198' title="bbox 131 2831 1417 2893">
    <p class='ocr_par' dir='ltr' id='par_1_198' title="bbox 131 2831 1417 2893">
     <span class='ocr_line' id='line_1_200' title="bbox 131 2831 1417 2893; baseline -0.008 -7"><span class='ocrx_word' id='word_1_900' title='bbox 131 2857 171 2893; x_wconf 78' lang='grc' dir='ltr'><strong>(ι)</strong></span> <span class='ocrx_word' id='word_1_901' title='bbox 182 2857 247 2885; x_wconf 82' lang='lat' dir='ltr'><strong>Post</strong></span> <span class='ocrx_word' id='word_1_902' title='bbox 266 2854 326 2889; x_wconf 72' lang='lat' dir='ltr'><strong>Dei,</strong></span> <span class='ocrx_word' id='word_1_903' title='bbox 346 2854 423 2883; x_wconf 84' lang='lat' dir='ltr'><strong>deest</strong></span> <span class='ocrx_word' id='word_1_904' title='bbox 445 2854 506 2887; x_wconf 72' lang='lat' dir='ltr'><strong>vivi,</strong></span> <span class='ocrx_word' id='word_1_905' title='bbox 519 2831 600 2882; x_wconf 61' lang='lat' dir='ltr'><strong>ei...</strong></span> <span class='ocrx_word' id='word_1_906' title='bbox 613 2853 640 2881; x_wconf 92' lang='lat' dir='ltr'><strong>in</strong></span> <span class='ocrx_word' id='word_1_907' title='bbox 653 2856 707 2881; x_wconf 82' lang='lat' dir='ltr'><strong>tex.</strong></span> <span class='ocrx_word' id='word_1_908' title='bbox 723 2853 769 2882; x_wconf 86' lang='lat' dir='ltr'><strong>Gr.</strong></span> <span class='ocrx_word' id='word_1_909' title='bbox 783 2867 819 2875; x_wconf 80' lang='grc'><strong><em>-</em></strong></span> <span class='ocrx_word' id='word_1_910' title='bbox 829 2853 869 2888; x_wconf 84' lang='lat' dir='ltr'><strong>(b)</strong></span> <span class='ocrx_word' id='word_1_911' title='bbox 885 2853 964 2881; x_wconf 79' lang='lat' dir='ltr'><strong>tum</strong></span> <span class='ocrx_word' id='word_1_912' title='bbox 974 2851 1055 2880; x_wconf 83' lang='lat' dir='ltr'><strong>Goth.</strong></span> <span class='ocrx_word' id='word_1_913' title='bbox 1069 2852 1092 2879; x_wconf 74' lang='lat' dir='ltr'><strong>iv</strong></span> <span class='ocrx_word' id='word_1_914' title='bbox 1102 2853 1176 2887; x_wconf 69' lang='grc' dir='ltr'><strong>οἰκίᾳ,</strong></span> <span class='ocrx_word' id='word_1_915' title='bbox 1190 2852 1417 2889; x_wconf 71' lang='grc' dir='ltr'><strong>παραμυθούμενοι.</strong></span> 
     </span>
    </p>
   </div>
  </div>
