3898 6436
465 321 573 379 455
999 323 1267 379 EUSEBII
1305 321 1639 382 VERCELL.
1685 310 2124 382 EVANGELIUM
2151 314 2293 379 CUM
2333 318 2559 377 VARIIS
2587 318 2743 375 COD.
2784 318 3174 377 COLLATUM.

856 432 1083 490 CODEX
1123 432 1654 492 VERCELLENSIS.

471 528 562 582 33.
602 526 759 581 Iesus
788 534 986 594 autem,
1018 528 1034 558 ί
1061 535 1123 582 ιιι
1147 529 1225 583 vi-

411 654 416 660 _
473 597 553 651 dit
577 598 721 651 illam
753 595 883 650 ﬂen-

472 674 609 730 tem,
631 680 683 721 et
714 666 945 721 Judaeos

472 736 685 800 ﬂentes,
708 737 797 806 qui
820 752 911 792 ve-

473 820 663 863 nerant
695 822 815 861 cum

472 878 587 943 illa,
616 876 831 932 fremuit

470 950 527 1003 in
558 948 746 1015 spiritu
772 991 787 1014 ,
824 957 878 1003 et
906 948 1017 1001 tur-

471 1018 617 1071 bavit
639 1033 697 1073 se
726 1021 935 1083 ipsum,

472 1087 544 1143 34
593 1098 645 1143 et
664 1087 827 1141 dixit:
856 1086 948 1141 ubi

474 1158 627 1213 illum
659 1160 865 1227 posuis-

475 1227 579 1281 tis?
613 1230 802 1282 Dicunt

473 1298 589 1352 illi:
622 1300 862 1362 Domine,
894 1310 988 1350 ve-

475 1366 567 1423 55.
602 1367 675 1430 ni,
704 1379 757 1421 et
785 1365 1003 1422 vidc.Et

476 1437 787 1492 lacrimatus
868 1451 887 1460 ‘

474 1509 561 1563 36.
598 1519 679 1562 est
703 1507 878 1563 Jesus.
902 1507 968 1562 Et
983 1506 1135 1563 dixe-

474 1587 605 1632 runt
630 1577 815 1633 Judaei
842 1595 857 1631 :

477 1648 618 1703 Ecce
640 1664 866 1717 quomo-

495 1719 554 1777 lo
579 1720 788 1773 amabat
819 1718 883 1771 il-

478 1788 571 1844 37.
605 1791 731 1841 lum.
761 1786 987 1853 Quidam
1082 1827 1086 1831 -

476 1868 655 1914 autem
688 1858 839 1910 dixe-

478 1938 607 1983 runt
628 1946 691 1982 ex
726 1926 826 1980 illis
852 1944 864 1979 :

476 1997 595 2054 Non
638 2006 845 2068 paterat

478 2068 591 2135 hic,
618 2074 705 2139 qui
726 2082 880 2137 ερεξιά

478 2141 561 2195 uit
589 2140 775 2195 oeulos

483 2210 563 2281 (α)
593 2210 739 2265 caeci
761 2208 821 2278 -j-,
854 2209 1029 2264 facere

482 2290 543 2334 ut
585 2281 668 2334 hic
695 2294 799 2334 non
894 2318 897 2321 ς

481 2348 821 2404 moreretur?

481 2421 571 2476 58.
600 2420 755 2475 Jesus
775 2431 909 2488 ergo
936 2414 1174 2473 fremens

480 2490 623 2546 intra
645 2505 721 2555 se,
746 2503 843 2544 ve-

482 2562 564 2617 nit
589 2560 653 2615 ad
686 2574 875 2615 monu-

482 2640 725 2686 mentum
746 2648 759 2683 :
800 2647 860 2685 e-

484 2713 571 2757 rat
597 2713 774 2757 autem
796 2714 921 2770 spe-
947 2719 953 2724 ·

489 2772 669 2834 lunca,
700 2781 754 2825 et
780 2771 855 2823 la-

485 2842 570 2912 pis
597 2839 909 2912 superposi-

486 2908 580 2969 39.
605 2908 687 2964 tus
712 2908 781 2965 ei.
812 2910 903 2964 Ait
929 2908 1084 2966 Jesus
1109 2925 1122 2963 :

486 2982 683 3037 Tollite
713 2981 885 3046 lapide
916 3020 929 3032 .
976 3020 988 3033 .

484 3054 625 3107 Dicit
650 3054 698 3106 ei
729 3052 870 3106 Mar-

486 3123 580 3179 tha
610 3138 761 3178 soror
794 3122 895 3177 La-

485 3196 595 3248 z:iri
625 3212 637 3247 :
668 3194 905 3257 Domine,
936 3192 956 3222 '
978 3190 1087 3261 jam

486 3265 672 3327 faetet,
699 3279 827 3332 qua-

490 3333 786 3387 driduanus

489 3410 575 3456 est
600 3410 762 3456 enim.

490 3473 581 3527 40.
616 3472 912 3527 Aitlesus:
945 3468 1059 3525 Non
1093 3470 1156 3524 ti-

488 3542 545 3598 lii
562 3542 677 3597 dixi
697 3545 886 3612 quoni-

488 3628 575 3668 am
601 3614 648 3668 si
676 3615 847 3669 credi—

1295 527 1460 608 deris,
1482 527 1688 608 videbis

1296 603 1628 664 maje~tatem

1296 666 1535 720 tit-Dei?
1560 678 1607 719 et
1634 668 1870 722 tulerunt

1246 738 1249 741 λ
1298 736 1523 803 lapidem
1545 753 1558 788 :
1580 738 1735 794 Jesus

1298 818 1475 860 autem
1498 806 1645 860 adle-

1298 878 1437 929 vatis
1466 876 1633 931 oculis

1301 961 1482 1000 susum
1512 947 1577 1000 ad
1602 963 1715 1006 cae.
1762 988 1775 1004 .
1821 990 1835 1005 .
1881 990 1893 1003 .

1302 1015 1461 1069 dixit:
1495 1016 1649 1071 Pater

1300 1087 1499 1157 gratias
1518 1101 1618 1157 ago

1304 1156 1398 1224 tibi
1422 1156 1675 1224 quodan-

1302 1223 1393 1277 42.
1437 1223 1557 1280 disti
1587 1243 1689 1283 me.
1719 1228 1784 1285 Et
1804 1244 1866 1287 e-

1301 1309 1370 1365 go
1390 1297 1622 1351 sciebam

1303 1366 1443 1435 quod
1469 1382 1683 1437 semper

1303 1451 1391 1490 me
1417 1438 1589 1503 audis,
1616 1438 1711 1494 sed

1302 1504 1326 1575 ξ
1346 1517 1561 1575 propter
1582 1517 1692 1562 tur-

1304 1574 1424 1629 bam
1450 1574 1681 1631 ’circum-

1305 1653 1555 1707 stantem,
1584 1648 1665 1700 di-

1307 1715 1360 1767 xi
1386 1732 1399 1767 :
1432 1725 1491 1768 ut
1514 1716 1736 1771 credant

1307 1784 1451 1905 qgod
1472 1794 1523 1866 tu
1536 1801 1631 1867 _me

1385 1892 1399 1905 .
1431 1865 1631 1905 llllSlSII.

1346 1854 1399 1908 3.
1431 1853 1639 1910 misisti.
1668 1857 1738 1913 Et
1766 1857 1898 1915 haec

1306 1922 1512 1993 dicens,
1548 1941 1676 1982 voce

1305 2009 1493 2065 magna
1522 1998 1698 2052 excla-

1304 2067 1470 2121 mavit
1492 2084 1505 2120 :
1537 2066 1736 2126 Lazare

1305 2139 1425 2191 veni
1457 2136 1620 2193 foras.
1707 2160 1711 2164 ι

1305 2204 1398 2282 μ.
1447 2207 1509 2261 Ει
1532 2206 1609 2279 (d)
1637 2194 2057 2282 exiit-j-quide-

1307 2273 1520 2330 functus
1541 2273 1678 2345 erat,

1315 2362 1339 2416 :_
1362 2346 1609 2415 alligatus
1637 2362 1729 2416 pe-

1310 2414 1404 2469 des
1422 2456 1436 2478 ,
1464 2414 1518 2470 et
1540 2414 1728 2473 manus

1310 2485 1507 2541 institis
1524 2485 1569 2551 ⁸,
1597 2494 1651 2543 et
1671 2486 1742 2543 fa-

1312 2556 1422 2628 cies
1445 2558 1559 2628 ejus
1582 2573 1663 2613 Sit-

1308 2624 1605 2683 dario'erat

1310 2696 1491 2768 ligata.
1528 2699 1668 2754 Dixit

1312 2767 1468 2823 Jesus
1494 2786 1508 2823 :
1541 2769 1743 2826 Solvite

1312 2838 1459 2920 illum
1480 2880 1497 2905 ,
1525 2850 1579 2894 et
1607 2830 1743 2897 sine—

1313 2917 1365 2962 te
1391 2917 1489 2963 ire.

1310 2978 1425 3051 45η
1445 2978 1594 3035 Multi
1617 2979 1797 3051 itaque

1308 3065 1373 3104 ex
1402 3050 1615 3105 Judaeis
1635 3092 1650 3119 ,
1675 3052 1765 3122 qui

1278 3145 1291 3159 ι
1308 3131 1571 3177 venerant

1311 3192 1378 3264 ad
1403 3194 1474 3263 (ε)
1502 3191 1717 3246 Mariam
1743 3191 1805 3264 τ,

1309 3262 1551 3318 videntes
1578 3265 1598 3295 ⁸
1622 3279 1758 3333 quae

1313 3334 1436 3387 fecit
1459 3334 1649 3396 Jesus.
1678 3349 1795 3390 cre-

1309 3404 1555 3457 diderunt
1588 3407 1637 3459 in

1311 3471 1401 3526 46.
1446 3474 1613 3528 illum.
1640 3476 1863 3542 Quidam

1313 3553 1487 3597 autem
1516 3560 1581 3598 ex
1611 3545 1671 3597 il-

1317 3612 1383 3675 lis
1411 3612 1659 3667 abierunt

2568 434 2799 492 CODEX
2836 432 3288 492 VERONENSIS.
3314 388 3317 391 Ἰ

2142 528 2232 583 55.
2258 527 2414 582 Jesus
2430 542 2579 595 ergo,

2144 609 2197 651 ut
2232 597 2360 651 vidit
2388 612 2506 651 eam

2142 666 2382 730 ﬂentem,
2406 678 2457 719 et
2483 665 2578 721 Ju-

2144 738 2305 793 daeos
2335 736 2543 799 ﬂentes,

2145 809 2233 877 qui
2262 817 2517 861 venerant
2545 822 2666 862 cum

2146 893 2230 941 ea,
2264 878 2531 932 infremuit

2147 950 2361 1028 Spiritu,
2390 957 2441 1028 et
2474 947 2655 1003 turba-

2149 1018 2225 1070 vit
2248 1018 2613 1085 semetipsum,

2150 1087 2239 1142 54.
2280 1098 2334 1143 et
2360 1089 2529 1141 dixit:
2563 1088 2660 1144 Ubi

2150 1160 2402 1228 posuistis
2430 1159 2592 1212 eum?

2153 1228 2347 1282 Dicunt
2376 1232 2454 1282 ei:

2154 1298 2378 1353 Domine
2399 1339 2413 1361 ,
2444 1299 2599 1367 veni:

2154 1366 2243 1422 35.
2274 1379 2327 1422 et
2353 1369 2494 1422 vide.
2527 1366 2593 1424 Et
2622 1368 2702 1423 la-

2156 1438 2410 1493 crimatus
2436 1445 2520 1493 est

2155 1507 2329 1562 Jesus.

2157 1577 2253 1648 36.
2290 1578 2547 1632 Dixerunt
2575 1593 2705 1648 ergo

2158 1646 2345 1703 Judaei
2367 1666 2378 1699 :
2414 1648 2553 1701 Ecce

2163 1718 2430 1786 qn0mndo
2452 1716 2667 1771 amabat
2689 1733 2831 1773 eum.

2159 1788 2248 1842 57.
2290 1787 2513 1855 Quidam
2552 1797 2729 1844 autem

2158 1858 2407 1912 dixerunt
2436 1874 2501 1913 ex

2156 1929 2289 1996 ipsis
2314 1946 2327 1982 :
2364 1928 2476 1983 Non
2509 1944 2604 1998 po-

2162 1998 2257 2053 tuit
2285 1997 2370 2053 hic
2392 2042 2406 2065 ,
2436 1997 2525 2068 qui

2122 2116 2123 2119 η
2159 2070 2369 2139 aperuit
2395 2071 2577 2139 oculos

2157 2138 2236 2209 (α)
2266 2141 2414 2195 caeci
2440 2138 2501 2209 τ.
2532 2138 2610 2193 fa-

2156 2224 2280 2264 cere
2310 2225 2377 2264 ne
2405 2224 2458 2265 et
2486 2209 2574 2263 hic

2156 2279 2495 2335 moreretur?

2159 2351 2248 2404 '58.
2289 2348 2443 2403 .lesus
2465 2363 2594 2418 ergo

2159 2420 2379 2475 fremuit
2408 2421 2546 2474 intra

2159 2490 2508 2559 semetipsum
2530 2532 2545 2556 ,

2160 2569 2215 2616 et
2242 2566 2386 2615 venit
2410 2561 2475 2615 ad

2160 2640 2564 2687 monumentum
2592 2650 2605 2687 :

2160 2712 2275 2756 erat
2304 2714 2480 2758 autem

2160 2773 2411 2841 spelunca
2432 2816 2445 2837 ,
2479 2782 2535 2828 et
2562 2773 2696 2843 lapis

2160 2846 2533 2911 superpositus
2564 2844 2635 2898 ei.

2162 2912 2251 2967 59.
2296 2914 2428 2967 Dicit
2452 2914 2606 2969 Jesus
2625 2932 2638 2967 :
2667 2911 2780 2967 Tol-

2163 2984 2257 3037 lite
2287 2982 2534 3047 lapidein.

2164 3054 2304 3107 Dicit
2329 3056 2375 3105 ei
2403 3053 2606 3108 Martha
2632 3070 2645 3105 :

2164 3122 2388 3178 Domine
2408 3164 2421 3186 ,
2446 3124 2556 3192 jam

2162 3194 2294 3249 fetet
2313 3236 2326 3258 ,
2359 3193 2573 3255 qttudt‘i-

2164 3265 2323 3319 duum
2349 3266 2491 3318 enim

2163 3334 2251 3391 40.
2283 3334 2462 3389 habet.
2497 3334 2632 3389 Dicit

2165 3407 2241 3459 illi
2269 3405 2459 3461 Jesus:
2490 3405 2609 3460 Non

2165 3475 2270 3529 dixi
2300 3476 2392 3529 tibi
2422 3477 2545 3546 quia

2154 3546 2212 3598 si
2241 3546 2531 3601 credideris
2549 3586 2564 3609 ,

2164 3616 2369 3668 videbis
2392 3616 2616 3683 gloriam

2964 525 3055 580 41.
3099 525 3191 580 Dei
3214 527 3237 579 ἲ
3263 524 3529 584 Tulerunt

2964 610 3101 663 ergo
3124 595 3377 663 lapidem.

2964 665 3123 720 Jesus
3152 674 3329 722 autem

2993 735 3048 801 ὁ)
3076 736 3267 806 levavit
3294 735 3335 806 -ί-
3360 738 3488 793 neu.

2988 819 3047 859 οε
3070 804 3150 889 is)
3181 804 3373 889 ευρείῖς
3402 808 3470 889 ια

2968 877 3175 931 caelum
3193 916 3207 940 ,
3235 886 3288 929 et
3316 877 3487 934 dixit:

2970 945 3130 1000 Pater
3155 946 3354 1014 gratias

2970 1030 3086 1098 ago.
3102 1016 3195 1098 tibi
3228 1016 3349 1084 quia

2966 1086 3163 1140 audisti
3191 1100 3297 1140 me.

2968 1155 3059 1210 42.
3107 1155 3175 1210 Et
3197 1170 3298 1225 ego
3323 1158 3563 1215 sciebam
3596 1162 3599 1165 ’

2974 1227 3098 1296 quia
3127 1240 3341 1294 semper
3375 1245 3463 1286 me

2974 1298 3158 1359 audis,
3188 1296 3284 1351 sed
3310 1313 3427 1365 pro-

2974 1375 3093 1435 pter
3124 1365 3333 1420 turbam
3354 1410 3371 1435 ,

2974 1450 3113 1558 guae
3134 1436 3440 1495 circumstat
3463 1478 3479 1507 ,

3014 1506 3082 1558 ixi
3108 1524 3122 1557 :
3156 1517 3211 1558 ut
3240 1510 3465 1558 credant

3014 1506 3082 1559 ixi
3108 1524 3122 1557 :
3156 1517 3211 1559 ut
3240 1506 3473 1565 credant
3497 1531 3504 1537 ν

2973 1579 3093 1640 quia
3126 1586 3182 1630 tu
3208 1592 3296 1633 me

2976 1644 3064 1700 45.
3109 1646 3323 1702 misisti.
3357 1649 3502 1708 Haec

2975 1730 3096 1770 cum
3124 1716 3347 1774 dixisset
3371 1760 3385 1785 ,

2976 1800 3107 1857 voce
3135 1802 3322 1857 magna
3372 1794 3375 1797 ‘

2975 1856 3265 1918 clamavit.
3298 1860 3483 1916 dicens
3503 1879 3517 1916 :

2976 1924 3179 1980 Lazare
3209 1930 3358 1993 prodi

2977 1995 3083 2074 44._
3111 1996 3275 2074 foras.
3308 2001 3376 2055 Et
3405 2001 3487 2074 (ά)

2979 2066 3108 2119 exiit
3131 2066 3172 2135 ἰ-
3204 2068 3291 2122 ille
3313 2110 3328 2135 ,

2979 2135 3069 2203 qui
3101 2136 3272 2190 luerat

2982 2214 3224 2259 mortuus
3238 2248 3254 2271 ,
3287 2207 3356 2262 li-

3016 2284 3134 2329 atus
3162 2292 3257 2345 pe-

3018 2359 3078 2399 es
3099 2387 3113 2408 ,
3142 2356 3195 2401 et
3223 2362 3412 2406 manus

2982 2415 3180 2471 institis
3199 2460 3214 2482 ,
3243 2428 3298 2473 et

2982 2487 3148 2541 facies
3168 2487 3284 2557 ejus

2982 2557 3200 2613 Sudario
3227 2559 3397 2615 conli-

2982 2637 3102 2695 gata
3131 2638 3265 2682 erat.

2987 2698 3051 2751 Et
3076 2698 3211 2753 dixit
3238 2700 3305 2755 ad

2979 2782 3074 2823 eos
3094 2767 3251 2823 Jcsus
3276 2788 3288 2823 :
3318 2770 3441 2825 Sol-

2979 2838 3087 2891 vite
3116 2854 3237 2893 eum
3259 2881 3274 2904 ,
3319 2850 3373 2895 et

2982 2909 3143 2962 sinite
3173 2912 3270 2962 ire.

2984 2979 3071 3033 45.
3090 2979 3263 3050 _1liulti
3286 2992 3416 3050 ergo

2984 3064 3046 3103 ex
3081 3048 3298 3103 Judaeis
3318 3090 3333 3113 ,

2984 3119 3075 3189 qui
3110 3126 3369 3189 venerant

2984 3188 3049 3243 ad
3083 3188 3153 3256 (ε)
3184 3189 3405 3243 Mariam
3433 3188 3501 3259 τ,

2985 3260 3228 3314 videntes
3258 3274 3397 3328 quae

2987 3332 3069 3402 (ι’)
3095 3330 3218 3383 fecit
3240 3331 3277 3399 εἴ
3302 3371 3317 3395 ,
3344 3343 3467 3385 cre-

2986 3400 3234 3455 dideruut
3264 3402 3314 3454 in

2985 3472 3075 3526 46.
3117 3487 3254 3525 cum.
3292 3470 3518 3538 Quidam

2989 3557 3113 3596 vero
3143 3558 3208 3595 ex
3240 3544 3370 3611 ipsis

2989 3613 3234 3667 abierunt
3259 3612 3325 3666 ad

3616 324 3723 382 458

489 3783 644 3839 Jesus
670 3796 801 3852 ergo
829 3791 886 3836 ut
912 3781 1176 3852 viditeam
1198 3780 1516 3852 plorantem.
1541 3777 1944 3852 etJudaeusqtti
1976 3795 2064 3834 ve-
2168 3781 2280 3852 [Non
2314 3780 2427 3852 tibi
2472 3780 2599 3833 dixi.
2650 3779 2769 3852 quia
2818 3777 3225 3852 si_credi_d_eris.
3270 3773 3475 3852 videbis
3514 3772 3738 3847 gloriam

491 3847 1105 3907 nerantciimeiilentes.
1125 3847 1957 3919 fremuitspiritu.etturhabit'se
1988 3852 2065 3918 ip-
2168 3849 2283 3902 Dei.
2312 3848 2569 3903 Tulerunt
2595 3864 2721 3916 ergo
2750 3848 2980 3914 lapidem
3008 3847 3098 3919 ubi
3133 3848 3325 3919 fuerat.
3363 3847 3518 3901 JeSus
3555 3858 3737 3902 autem

490 3923 839 3976 Sum.etdixit
866 3924 958 3975 libi
984 3922 1237 3991 posuistis
1258 3916 1398 3975 eum.
1421 3922 1689 3974 Dicnntei.
1710 3921 1931 3974 nomine
1945 3916 2064 3974 veiii
2166 3919 2395 3974 elevavit
2423 3922 2607 3991 oculos
2639 3919 2690 3971 in
2723 3922 2927 3991 caelum
2954 3930 3005 3970 et
3028 3917 3185 3991 dixit.
3227 3916 3393 3991 Pater
3414 3919 3613 3991 gratias
3643 3932 3742 3991 agn

491 4000 548 4061 et
591 3991 716 4061 vide
756 3994 818 4044 Et
860 3992 1163 4047 lacritnatus
1193 4002 1272 4046 est
1304 3992 1480 4046 Jesus.
1523 3991 1782 4061 Dixerunt
1813 4006 1940 4061 ergo
1969 3991 2063 4045 Ju-

492 4059 634 4134 daei.
681 4060 819 4115 Ecce
860 4064 1127 4129 quomodo
1171 4062 1387 4117 amabat
1429 4076 1570 4115 eum.
1615 4060 1839 4134 Quidam
1865 4054 2057 4134 autem
2161 4054 2376 4129 semper
2408 4076 2489 4134 me
2529 4058 2897 4134 ex:iuili~‘._scd
2940 4065 3155 4134 ριυνῑοετ
3198 4054 3469 4134 populum;
3512 4055 3742 4134 ςξηειιηὶ-

493 4130 747 4200 dixei-uut
785 4148 845 4184 ex
876 4124 1023 4198 ipsis.
1053 4134 1167 4189 Νοιι
1211 4137 1418 4199 poterat
1447 4134 1550 4185 hic.
1580 4124 1670 4200 qui
1693 4132 1901 4200 aperuit
1935 4148 2063 4186 ocu-
2161 4124 2393 4185 stauiem
2425 4132 2553 4184 dixi.
2582 4141 2639 4184 tit
2668 4129 2886 4184 credant
2914 4128 3033 4200 quia
3070 4136 3121 4177 tu
3155 4139 3239 4200 me
3269 4124 3483 4200 misisti.
3521 4125 3586 4175 Et
3608 4139 3739 4200 “cum

492 4198 575 4254 los
604 4199 676 4276 (α)
704 4201 865 4253 caeci.
957 4202 1131 4258 facere
1166 4194 1230 4280 ut
1269 4203 1353 4256 hic
1394 4220 1497 4280 uiui
1541 4194 1863 4280 moreretur.
1903 4202 2061 4280 lusus
2166 4200 2567 4280 baec_t_lixiss_et.
2609 4216 2739 4280 voce
2766 4194 2951 4280 magna
2977 4196 3248 4280 clamavit.
3278 4194 3474 4280 Lazare
3497 4194 3619 4280 venit
3660 4194 3739 4247 lo-

495 4264 624 4336 ergo
666 4272 853 4321 iterum
896 4264 1125 4324 fremens
1165 4274 1215 4324 in
1257 4274 1624 4339 semetipsum.
1667 4272 1812 4325 venit
1850 4276 1913 4326 ad
1956 4289 2064 4325 mo-
2168 4287 2271 4324 ras.
2309 4271 2373 4325 Et
2402 4274 2530 4326 exiit
2559 4274 2733 4325 statim
2768 4264 3065 4339 qui'fucrat
3094 4275 3353 4339 mortuus.
3390 4264 3582 4339 ligatus
3615 4279 3705 4327 pe-

493 4350 829 4395 numentum.
879 4346 996 4390 erat
1040 4336 1555 4408 antemjspeluuca.‘
1584 4350 1637 4392 et
1684 4341 1820 4406 lapis
1870 4357 2057 4408 snper-
2170 4341 2264 4393 des
2293 4352 2345 4395 et
2395 4358 2606 4406 manus.
2636 4336 2867 4403 institis.
2921 4348 2975 4393 et
3023 4336 3181 4392 iacies
3225 4339 3361 4402 ejus.
3390 4336 3571 4408 orario
3609 4348 3744 4408 con-

493 4414 699 4480 positus
732 4414 851 4462 erat
884 4408 1195 4480 supra.int
1229 4396 1386 4480 lusus
1422 4396 1616 4480 Tollite
1650 4396 1899 4480 lapidein.
1930 4396 2065 4463 Dicit
2171 4410 2329 4480 ligata
2356 4420 2488 4463 erat.
2514 4400 2647 4464 Dicit
2671 4414 2716 4463 ei
2740 4410 2916 4465 Jesus.
2938 4410 3141 4463 Solvite
3164 4396 3284 4459 eum
3314 4416 3367 4480 c_t
3389 4404 3737 4480 siniteahire.

492 4473 542 4534 Ei
585 4479 811 4533 Martha.
853 4473 1007 4533 soror
1046 4477 1161 4544 ejus
1199 4478 1288 4545 qui
1332 4485 1569 4547 mortuus
1593 4473 1785 4547 fuerat.
1817 4476 2061 4547 Domine.
2171 4473 2316 4530 Multi
2348 4495 2476 4547 eigo
2506 4496 2568 4533 ex
2600 4480 2835 4532 Judaeis.
2870 4480 2957 4546 qui
2991 4485 3257 4547 venerant
3286 4475 3356 4547 ad
3388 4473 3463 4544 (ε)
3505 4473 3739 4547 Mariam

488 4549 598 4619 jam
640 4550 819 4605 faetet.
865 4543 1262 4619 quadriduauus
1301 4545 1443 4600 enim
1482 4554 1583 4601 est.
1627 4543 1768 4600 Dixit
1804 4546 1853 4600 ei
1884 4545 2061 4600 Jesus.
2170 4547 2225 4615 σξη.
2262 4543 2500 4619 videuies
2554 4564 2692 4617 quae
2740 4547 2863 4601 fecit
2890 4543 3083 4619 'lesus.
3115 4543 3458 4619 crediderunt
3503 4544 3557 4600 in
3594 4560 3737 4599 cum.

2170 4617 2393 4681 Quidam
2424 4616 2656 4672 veroex
2699 4619 2847 4687 ipsis.
2892 4618 3141 4672 abierunt
3170 4616 3235 4669 ad

1765 4700 1997 4759 CODEX
2022 4700 2483 4763 CORBEIENSIS.

2169 4849 2202 4903 Γ
2237 4778 2326 4833 44.
2358 4780 2421 4834 Et
2455 4780 2585 4835 exiit
2609 4781 2695 4835 ille
2717 4790 3026 4834 mortuus...
3061 4775 3222 4832 facies
3252 4777 3369 4845 ejus
3398 4776 3575 4833 orario
3616 4790 3742 4831 con-

2194 4862 2327 4903 mata
2357 4859 2492 4903 erat.
2650 4884 2655 4887 ι

2194 4862 2329 4973 ΙΒ-ἲὲἷ
2357 4859 2740 4987 Eru'ilveuerant
2765 4919 2785 4951 ⁸
2812 4918 2878 4973 ad
2904 4918 3154 4984 Mariam,
3185 4926 3240 4972 et
3264 4916 3355 4987 qui
3379 4917 3645 4973 viderant.

1722 5050 2110 5112 VARIANTES
2144 5048 2541 5109 LECTIONES.

557 5149 575 5179 ι
612 5149 729 5195 Mm.
754 5149 822 5209 ut_
849 5144 1044 5209 audiv_it__
1064 5155 1229 5192 eam...
1257 5145 1465 5195 fremuit.
1488 5147 1591 5196 ϐαι.
1623 5149 1705 5209 qui
1730 5156 2060 5209 erantcum...
2164 5146 2317 5209 abire.
2346 5145 2459 5209 Mm:
2495 5142 2653 5204 ligatis
2677 5144 2893 5209 pedibus,
2925 5151 2977 5209 et
3001 5143 3220 5209 manibus
3242 5143 3348 5209 ejus
3362 5144 3565 5209 institis.
3594 5144 3739 5208 Vulg.

490 5209 707 5258 fremuit.
730 5204 871 5265 Vulg.
887 5205 1069 5253 utvidit
1093 5209 1349 5267 i'a_nt...qui
1366 5217 1599 5257 venerant
1619 5204 2061 5260 cum...iu{remuit.
2167 5205 2343 5267 ligatus
2366 5216 2409 5263 Di
2430 5204 2535 5261 deS.
2564 5214 2613 5253 et
2636 5204 2803 5267 manus
2826 5206 3063 5267 institis...
3087 5213 3139 5253 et
3161 5204 3308 5255 sinite
3329 5208 3483 5255 abire.

559 5272 579 5301 ²
614 5272 730 5317 Mm.
754 5264 847 5327 jam
874 5273 1027 5327 puti-t.
1063 5264 1206 5328 Vulg.
1230 5264 1326 5325 iam
1347 5270 1520 5316 lovtet.
1668 5322 1680 5330 Α
1953 5306 1957 5310 .
2176 5264 2251 5330 ξε
2288 5266 2391 5313 Gut.
2416 5270 2601 5330 etMm.
2626 5281 2751 5327 quae
2772 5266 2908 5325 fecit,
2927 5266 3255 5318 crediderunt.
3294 5267 3435 5330 Vulg.
3459 5279 3588 5329 quae
3627 5266 3743 5315 fecit

558 5330 580 5395 ξ
614 5331 716 5379 Gut.
811 5322 929 5382 Min.
952 5322 1383 5390 jirOpter'tui-bam,
1407 5341 1551 5389 quae.
1582 5322 1725 5395 Vulg.
1758 5339 1960 5394 propter
1978 5343 2065 5392 po-
2169 5327 2334 5395 Jesus,
2358 5322 2683 5395 eri-(litterarii.

494 5389 675 5453 pulum,
701 5393 798 5453 qui.
952 5384 964 5388 “
1422 5384 1440 5389 ’
1506 5450 1513 5453 _
1677 5384 1699 5395 “’
1758 5384 1774 5393 ’
1849 5384 1863 5394 ’
1979 5384 2006 5453 Ἀ
2234 5387 2253 5418 ⁸
2288 5389 2392 5437 Gut.
2413 5388 2468 5435 ad
2492 5389 2777 5453 Mariamgut
2796 5389 3035 5439 viderunt.
3055 5386 3250 5440 Μηλίδα
3264 5384 3479 5447 Mariam,
3497 5385 3737 5437 videntes.

558 5453 581 5482 δ
614 5450 901 5513 ϐαιζὶὶεςιιιει
921 5450 1163 5513 manibus,
1190 5457 1240 5501 et
1278 5450 1482 5513 pedibus
1504 5450 1733 5502 institis...
1761 5461 1812 5503 et
1834 5451 2065 5513 dimittite
2083 5502 2170 5513 ,ω
2262 5510 2283 5513 _
2326 5512 2329 5513 ν
2368 5512 2399 5513 ί
2692 5450 2721 5453 ’“
3696 5474 3699 5475 ⁷

1810 5502 2171 5570 BLANCHINI
2206 5510 2429 5566 NOTIE.

575 5580 649 5660 (α)
683 5582 808 5660 Post
839 5584 1005 5648 caeci,
1030 5582 1179 5660 deest
1211 5584 1350 5660 nati,
1376 5582 1533 5660 etiam
1562 5582 1611 5635 in
1643 5594 1747 5660 lex.
1777 5585 1869 5640 Gr.
1891 5616 1967 5660 _—
1996 5581 2067 5660 (ρ)
2090 5573 2163 5660 ita
2202 5591 2273 5660 et"
2292 5583 2538 5660 ῑτιιηίξι*ᾇ
2564 5581 2795 5660 ᾖρῆγ-Δ
2822 5584 2894 5655 (c)
2946 5583 3105 5660 {Addit
3166 5597 3340 5660 33:93,.
3368 5578 3487 5633 cod.
3528 5595 3739 5660 quoque

509 5642 670 5722 Cant.
692 5655 863 5707 αὐτοῦ.
892 5642 1060 5722 —t"d)
1087 5657 1226 5707 Ante
1252 5642 1370 5707 exiit
1389 5694 1401 5718 ,
1431 5653 1581 5722 deest
1606 5654 1801 5712 statim.
1832 5642 2069 5710 etiamin
2102 5656 2209 5708 lex.
2236 5651 2475 5722 (ἴω-(ε)
2505 5642 2624 5722 Ριὲέι
2662 5642 2900 5722 Μστὶαξιί,
2929 5653 3081 5709 deest
3106 5662 3153 5707 et
3179 5642 3458 5718 Martinam,
3490 5642 3735 5708 etiamin

498 5729 589 5776 tex
634 5718 728 5777 Gr.
756 5750 826 5762 —
850 5724 926 5792 (f)
964 5712 1183 5794 Vulgata
1212 5723 1360 5781 addit
1375 5712 1398 5796 ,’
1419 5719 1591 5783 Iesus.
1624 5724 1969 5785 Desideratur
1991 5724 2243 5786 tamenin
2266 5712 2525 5783 Alexatid'.
2557 5721 2716 5781 Gom.
2745 5734 2799 5781 et
2826 5712 2979 5794 Copl.

560 4774 650 4829 59.
680 4776 1019 4843 quatriduum
1044 4777 1185 4831 enim
1216 4775 1394 4831 habet.

562 4844 653 4899 40.
685 4843 888 4897 videbis
908 4847 1203 4900 claritatem
1234 4846 1343 4901 Dei.

490 4985 539 5040 do
562 4914 653 4995 41.
701 4913 855 4968 lesus
893 4923 1073 4969 autem
1124 4918 1319 4971 levavit
1360 4916 1544 4973 oculos
1581 4930 1707 4971 suos
1742 4930 1974 4981 sursum,
2009 4920 2065 4968 et

527 4993 647 5040 ιω.

481 4993 647 5041 .dixit.

2168 3992 2280 4043 tibi.
2312 3990 2559 4058 quoniam
2591 3990 2847 4043 exaudiSti
2880 4002 2985 4041 me.
3028 3986 3139 4054 Ego
3168 4002 3296 4038 vero
3324 3987 3579 4058 sciebam.
3619 3987 3763 4051 Quia
