5170 6486
1450 425 1556 482 4'59

1831 537 2061 594 CODEX
2099 534 2632 591 VERCELLENSIS.

1457 632 1611 695 tatis,
1643 629 1782 698 quod
1811 644 1913 683 non
2268 627 2408 693 pulis
2434 622 2685 698 ejus,_(d)
2715 623 2797 679 Si-

1458 693 1605 755 venit
1626 693 1691 753 ad
1717 699 1855 754 diem
2269 710 2393 749 mon
2425 693 2464 763 ἦ
2491 693 2653 749 Judas

1459 772 1657 825 solem-
2272 764 2555 830 Scarioth,
2602 808 2614 817 .
2660 802 2674 817 .
2708 762 2760 816 ui

1461 840 1622 894 nem?
2270 851 2300 889 e
2344 875 2357 887 .
2403 873 2415 885 .
2448 848 2498 887 m
2543 873 2555 885 .
2598 870 2614 886 .
2654 870 2670 886 .
2720 832 2859 886 ditu-

2271 905 2324 958 5.
2380 918 2524 957 ruse
2555 940 2569 956 .
2614 943 2627 956 .

2274 990 2330 1028 re
2362 973 2463 1028 hoc
2492 988 2661 1041 ungu-

2271 1053 2449 1097 entum
2492 1043 2511 1073 ³
2542 1058 2647 1096 non

2270 1114 2415 1167 venit
2441 1112 2603 1164 dena-

2273 1184 2368 1237 riis
2391 1196 2507 1235 ccc.
2532 1192 2583 1233 et
2615 1182 2707 1235 da-

2278 1264 2385 1306 tum
2412 1260 2495 1304 est
2522 1265 2651 1316 pau-

2276 1322 2532 1391 perihus?

2277 1390 2328 1446 6.
2384 1391 2495 1444 Hoc
2521 1399 2700 1444 autem
2731 1390 2899 1453 dixit,

2279 1476 2381 1514 non
2409 1459 2547 1529 quod
2576 1460 2646 1514 de

1462 910 1729 962 liederunt
1753 921 1846 959 au—

1458 990 1563 1033 tem
1595 976 1865 1044 Principes

1459 1048 1799 1103 Sacerdowm
1820 1085 1835 1111 ,

1458 1128 1511 1171 et
1542 1116 1807 1169 Pharisaei

1456 1186 1757 1239 mandatum
1780 1225 1795 1247 ,

1455 1267 1510 1309 ut
1538 1260 1580 1308 si
1611 1254 1729 1321 quis
1756 1269 1881 1322 cog-

1460 1342 1555 1380 nm
1570 1326 1697 1379 isset
1725 1324 1810 1375 ubi

1456 1436 1468 1449 .
1518 1436 1529 1448 .
1578 1436 1590 1446 .
1624 1405 1714 1457 et,
1744 1393 1949 1446 indit-a-

1458 1476 1539 1519 ret
1561 1506 1574 1526 ,
1603 1473 1661 1517 ut
1684 1462 1875 1531 adpre-

2674 941 2687 954 .
2721 940 2732 954 .
2762 902 2901 969 Qua-

1458 1534 1751 1588 lieudcrent
2279 1531 2595 1599 pauperibus

1458 1604 1629 1658 illum.
2276 1614 2401 1655 cura
2434 1599 2507 1653 illi
2535 1607 2711 1664 esset,

1633 1715 1857 1771 CAPUT
1908 1714 2026 1768 xu.
2278 1669 2370 1771 ff."
2402 1668 2637 1771 "mai"?

2279 1755 2339 1793 er
2379 1776 2392 1790 .
2439 1779 2451 1791 .
2494 1777 2508 1790 .
2539 1749 2593 1792 et
2624 1738 2770 1792 locu—

1465 1810 1514 1863 ί.
1555 1808 1710 1863 Jesus
1735 1816 1912 1860 autem
1944 1822 2042 1859 an-

1458 1889 1513 1932 te
1534 1894 1626 1931 sex
1648 1878 1760 1931 dies
1784 1877 1908 1929 Pas-

1460 1963 1555 2001 cae
1584 1948 1729 2000 venit
1756 1946 1807 1997 in

1464 2015 1774 2068 Bethaniam
1795 2054 1808 2077 ,

1464 2085 1553 2138 ubi
1576 2084 1653 2154 (α)
1682 2092 1795 2137 erat
1822 2082 1978 2135 Laza-

1465 2172 1553 2209 ηις
1576 2196 1612 2216 ,.
1645 2195 1659 2208 .
1689 2168 1807 2206 ucm
1839 2167 1957 2204 SUS'

1463 2225 1564 2279 cita
1601 2262 1613 2275 .
1645 2264 1663 2279 .
1697 2265 1708 2275 .
1742 2237 1771 2275 a
1800 2237 1941 2275 mor-

1466 2297 1519 2348 2.
1565 2294 1667 2347 tuis
1698 2295 1745 2344 ί.
1784 2332 1795 2344 .
1837 2332 1849 2343 .
1876 2299 2067 2346 cerunt

1465 2365 1541 2418 illi
1570 2378 1755 2415 cenam
1782 2379 1793 2414 :
1824 2371 1881 2414 et

1473 2432 1673 2488 Martha
1707 2432 1892 2485 minis-

1469 2505 1637 2557 trabat
1650 2543 1663 2559 .
1695 2502 1861 2554 Lazao

1472 2589 1564 2627 rus
1598 2583 1771 2642 autem
1804 2587 1866 2642 u-

1471 2658 1572 2696 nus
1598 2652 1711 2696 erat
1731 2640 1797 2693 de

1467 2715 1807 2769 discumben-

1468 2786 1631 2839 tibus.

1468 2856 1521 2909 5.
1566 2853 1725 2907 Maria
1754 2861 1933 2906 autem

1473 2926 1683 2991 accepit
1711 2922 1904 2975 libram

1469 2992 1623 3048 nardi
1656 3006 1827 3060 ungu-

1470 3062 1581 3118 enti
1597 3101 1614 3125 ,
1650 3074 1703 3115 et
1728 3061 1880 3114 unxit

1472 3132 1638 3203 pedes
1656 3129 1782 3184 Jesu
1804 3170 1817 3193 ,
1850 3140 1905 3183 et

1474 3199 1556 3257 ter
1600 3241 1611 3253 .
1657 3240 1669 3252 .
1706 3211 1724 3251 t
1767 3240 1778 3251 .
1824 3199 2014 3267 .pillis

1473 3271 1585 3326 suis
1612 3269 1774 3337 pedes
1804 3269 1922 3336 ejus
1953 3285 1964 3319 :

1472 3350 1528 3397 et
1556 3339 1746 3393 domus
1771 3339 1844 3391 im
1860 3368 1877 3377 -

1477 3410 1621 3480 pleta
1647 3418 1727 3463 est
1746 3408 1879 3461 odo-

1430 3528 1435 3533 .
1477 3494 1536 3535 re
1567 3492 1809 3548 unguen-

1476 3549 1531 3602 4.
1588 3550 1646 3602 ti.
1682 3549 1817 3601 Dicit
1844 3562 1908 3600 u-

1479 3635 1581 3675 nus
1608 3634 1672 3673 ex
1704 3617 1865 3672 disci-

2284 1808 2549 1876 los(e)’.
2593 1846 2607 1859 .
2651 1846 2663 1859 .
2708 1847 2722 1859 .
2766 1808 2920 1876 .t‘j‘,

2283 1886 2337 1929 et
2362 1892 2419 1929 ea
2441 1918 2456 1940 ,
2480 1891 2613 1943 quae
2645 1878 2765 1929 mit-

2289 1947 2553 2007 tebantur,
2588 1960 2681 1998 au-

2288 2015 2512 2068 ferebat.

2290 2087 2341 2136 7.
2358 2082 2609 2137 AitJesus
2629 2100 2641 2137 :
2660 2082 3042 2153 Dim..'(f)‘.tite

2292 2155 2434 2208 illam
2467 2162 2523 2207 ut
2552 2153 2605 2206 in
2896 2190 2903 2201 .

2291 2224 2431 2278 diem
2462 2224 2690 2290 sepultu-

2292 2309 2385 2348 rae
2412 2308 2560 2346 meae
2590 2308 2703 2346 ser—

2295 2364 2350 2417 8.
2404 2374 2490 2416 vet
2517 2364 2651 2416 illut.
2681 2362 2815 2415 Pau-

2295 2448 2453 2502 peres
2479 2436 2621 2485 enim

2292 2518 2506 2570 semper
2528 2504 2547 2531 ³
2578 2502 2739 2557 habe-

2295 2574 2360 2626 tis
2389 2573 2661 2625 vobiscum
2694 2590 2704 2624 :

2294 2658 2378 2696 me
2402 2653 2578 2696 autem

2293 2729 2397 2767 non
2430 2728 2644 2782 semper

2296 2782 2573 2838 habebitis.

2294 2853 2345 2906 9.
2406 2853 2579 2907 Turba
2610 2862 2786 2908 autem

2294 2924 2457 2975 multa
2486 2938 2547 2977 ex
2577 2924 2667 2977 Ju-

2295 2992 2444 3045 daeis
2469 2992 2544 3060 (g)
2571 2993 2739 3046 audiit
2762 2993 2801 3060 -ι-

2295 3065 2414 3126 quia
2459 3062 2525 3113 ibi
2558 3071 2639 3115 est
2668 3080 2680 3114 :
2712 3070 2765 3115 et

2294 3140 2587 3192 venerunt,

2296 3212 2401 3252 non
2433 3211 2645 3266 propter

2298 3267 2479 3327 Jesuni
2510 3268 2707 3331 solum,

2302 3336 2397 3389 sed
2426 3348 2480 3389 ut
2509 3336 2694 3390 Lazar.
2740 3376 2752 3389 .

2301 3407 2567 3471 viderent,
2597 3422 2652 3476 q.
2695 3447 2707 3458 .
2753 3445 2766 3457 .

2300 3477 2550 3530 suscitav.
2597 3517 2609 3527 .

2302 3562 2331 3599 a
2356 3546 2595 3599 mortuis.

2305 3616 2389 3671 10.
2428 3615 2810 3687 Cogitaveruut

1985 424 2243 481 EUSEBH
2287 421 2609 477 VERCELL.
2653 420 3089 479 EVANGELIUM
3125 423 3265 481 CUM
3301 423 3527 482 VARUS
3562 422 3715 480 COD.
3755 422 4140 482 COLLATUM.
4201 478 4208 485 .

3046 3082 3049 3083 ν
3146 3062 3285 3128 cepit
3317 3060 3503 3140 libram
3557 3130 3568 3142 .

3148 3140 3401 3184 unguenti
3426 3129 3496 3184 (cl
3522 3146 3596 3184 οι·
3965 3147 3978 3184 ι
4008 3132 4048 3183 Ill

3541 536 3770 593 CODEX
3812 535 4253 595 VERONENSIS.

3940 630 4229 711 ιέπεέἓθηὲίκ

3939 696 3995 749 s.
4024 696 4099 751 Et
4128 698 4255 753 dicit
4275 712 4411 754 unus

3122 630 3274 694 tatis,
3303 631 3425 709 quia

3122 715 3225 752 11011
3258 706 3403 753 venit

3122 768 3185 821 ad
3213 767 3352 821 diem
3384 766 3459 821 l‘e-
3940 781 4004 821 ex
4037 766 4311 834 discipulis

3122 848 3260 892 stum
3280 837 3303 889 7
3325 836 3497 891 Dede-
3940 837 4079 904 ejus,
4109 836 4273 908 _Judas
4295 836 4373 908 (Δ)
4395 836 4483 893 Si-

3122 918 3240 976 rant
3269 914 3445 961 autem
3941 922 4063 959 mon
4095 906 4135 976 ἰ-
4166 906 4455 973 Scariotes,

3124 975 3401 1053 Principes
3941 976 4029 1042 qui
4059 975 4347 1053 incipiebat

3124 1044 3468 1099 Sacerdo'tum
3487 1085 3503 1108 ,
3942 1060 4062 1099 eum
4087 1044 4295 1101 tradere
4321 1063 4334 1098 :

3124 1126 3177 1168 et
3215 1115 3485 1168 Pharisaei

3125 1190 3468 1253 praeceptum
3491 1226 3506 1250 ,

3127 1264 3183 1307 ut
3226 1255 3270 1307 si
3300 1254 3425 1321 quis

3126 1323 3435 1393 cognoverit

3128 1394 3215 1446 ubi
3246 1394 3342 1457 sit,
3372 1401 3431 1445 ut

3130 1462 3356 1525 indicet,
3383 1474 3439 1517 et

3944 1116 3997 1170 5.
4038 1115 4214 1182 Quare
4240 1115 4340 1170 hoc
4362 1130 4464 1170 un-

3942 1194 4196 1254 guentum
4221 1201 4327 1239 non

3949 1253 4114 1308 veniit
4140 1253 4376 1309 denariis

3950 1339 4066 1379 ccc.
4106 1336 4158 1379 et
4178 1325 4360 1378 datum

3944 1405 4027 1449 est
4059 1394 4418 1461 pauperibus?

3944 1469 3995 1519 t5.
4040 1464 4183 1518 Dixit
4210 1474 4387 1519 autem

3128 1533 3431 1615 adprehen-
3949 1535 4072 1615 hoc.
4103 1549 4206 1588 non
4228 1536 4349 1615 quia

3129 1603 3277 1657 dant.
3948 1604 4017 1657 de
4046 1603 4370 1673 pauperibus

3321 1691 3542 1747 CAPUT
3582 1690 3693 1745 xu.
3952 1674 4250 1747 pertinebat
4280 1673 4348 1747 ad

3953 1758 4097 1806 eum,
4117 1742 4211 1796 sed
4238 1742 4360 1810 quia

3140 1808 3190 1859 l.
3229 1805 3384 1860 .lesus
3408 1820 3535 1873 ergo
3560 1820 3654 1859 an-
3955 1811 4037 1865 iur
4059 1805 4265 1870 erat.et

3139 1886 3191 1950 t_e
3219 1890 3311 1950 sex
3342 1875 3457 1927 dies
3511 1944 3521 1950 _
3959 1882 4165 1950 loculos
4193 1879 4263 1950 (ρ)
4294 1880 4390 1933 ha-

3142 1944 3377 2019 Paschae
3406 1944 3550 1998 venit
3957 1950 4116 2004 bebat
4143 1944 4284 2019 {iet

3148 2013 3479 2088 Bethaniam,
3957 2035 4093 2088 quae
4117 2013 4402 2073 mitteban-

3148 2084 3234 2135 ubi
3260 2082 3334 2152 (a)
3358 2091 3473 2135 erat

3149 2152 3396 2217 Lazarus,
3427 2152 3512 2220 qui

3150 2221 3248 2275 fuit
3274 2232 3513 2275 mortuus
3542 2224 3604 2291 τ,

3140 2306 3298 2355 quem
3328 2291 3625 2347 suscitavit.

3142 2362 3197 2414 Ξ.
3238 2360 3505 2415 Fecerunt

3143 2429 3219 2501 (ὸ)
3248 2446 3374 2499 ergo
3399 2430 3439 2500 -ζ-
3465 2432 3513 2484 ei

3143 2515 3329 2554 cenam
3352 2502 3421 2554 ibi
3446 2517 3458 2552 :

3143 2578 3198 2624 et
3224 2570 3422 2624 Martha

3960 2100 4068 2151 tur,
4099 2097 4317 2155 exporta
4327 2088 4432 2141 bat.

3961 2159 4012 2211 7.
4058 2158 4195 2211 Dixit
4223 2170 4352 2213 eruo

3960 2228 4011 2281 ei
4032 2228 4220 2282 Jesus:
4257 2225 4325 2297 (Ι)
4354 2225 4482 2282 Sine
4508 2227 4549 2297 ’δέ

3959 2298 4103 2351 illam
4129 2298 4263 2351 utin

3956 2368 4097 2422 diem
4126 2366 4434 2436 sepulturae

3961 2452 4110 2491 meae
4140 2445 4322 2490 servet

3961 2508 4013 2561 8.
4056 2506 4195 2559 illut.
4226 2505 4497 2573 Pauperes

3962 2576 4108 2630 enim
4135 2588 4350 2641 semper

3144 2639 3499 2706 ministrabat,
3961 2644 4226 2699 habebitis
4250 2639 4344 2697 vo-

3144 2720 3198 2765 et
3226 2710 3461 2766 Lazarus
3959 2714 4165 2769 hiscum
4196 2731 4209 2765 :
4237 2728 4323 2768 me

3146 2796 3282 2835 unus
3309 2790 3428 2835 erat
3455 2798 3522 2837 ex
3960 2794 4134 2838 autem
4165 2798 4270 2837 non

3143 2850 3600 2939 discumbentibus
3960 2868 4193 2939 semper.

3961 2924 4013 2977 9.
4055 2921 4123 2976 Et
4146 2922 4297 2976 turba
4318 2921 4458 2975 mul-

3968 3003 4015 3046 ta
4047 3007 4110 3045 ex
4141 2990 4360 3045 Judaeis

4075 3060 4278 3113 audivit
4300 3059 4341 3128 1-
4364 3059 4489 3126 quia

3965 3132 4073 3184 illic
4105 3140 4186 3183 est
4211 3146 4223 3181 :
4247 3138 4302 3182 et
4322 3142 4485 3181 vene-

3146 2921 3198 3003 3.
3240 2936 3361 3003 cum
3391 2937 3477 2976 eo.
3496 2922 3603 2976 Ila-

3145 3001 3223 3043 ria
3252 3001 3429 3054 itaque
3453 3006 3546 3045 ac-

3148 3129 3401 3195 unguenti
3426 3129 3496 3197 (ε)
3522 3130 3596 3198 pi-

3148 3199 3267 3267 Stici
3292 3199 3349 3267 'j‘,
3372 3206 3430 3251 et
3454 3200 3610 3252 unxit

3150 3266 3315 3334 pedes
3343 3270 3466 3320 Jesu
3495 3310 3509 3331 ,

3150 3344 3203 3391 et
3228 3338 3453 3391 extersit

3966 3208 4113 3258 runt.
4134 3214 4239 3252 non
4274 3207 4494 3265 propter

3966 3270 4045 3337 (Ii)
4075 3268 4257 3322 Jesum
4284 3266 4341 3336 οἷ’,
4372 3265 4466 3321 sed

3966 3351 4024 3392 ut
4050 3339 4304 3391 Lazarum

3148 3407 3355 3472 capillis
3393 3408 3506 3462 suis
3966 3408 4229 3469 viderent,
4258 3419 4415 3476 quem

3150 3477 3313 3545 pedes
3339 3479 3488 3543 ejus:
3969 3477 4246 3533 suscitavit

3148 3556 3205 3600 et
3232 3546 3423 3618 domus
3454 3548 3673 3618 impleta
3970 3563 3999 3601 a
4027 3548 4273 3618 mortuis.

3149 3628 3232 3670 est
3260 3633 3325 3671 ex
3349 3615 3543 3673 odore’
3972 3620 4058 3674 l0.
4086 3615 4461 3687 Cogitaverunt

2775 3729 3003 3785 conex
3039 3710 3435 3788 BRIXIANUS.

1514 3830 1598 3882 uia
1655 3842 1758 3880 non
1790 3827 1972 3880 veniet
2013 3826 2077 3878 ad
2113 3826 2253 3880 diem
2294 3826 2507 3878 festum.
2564 3824 2831 3877 Dederant
2871 3833 3047 3877 autem

1514 3844 1598 3882 uia
1655 3844 1758 3880 non
1790 3844 1972 3880 veniet
2013 3844 2077 3878 aa
2113 3844 2253 3880 atem
2294 3844 2507 3878 leswm.
2566 3844 2831 3877 uenerant
2871 3844 3047 3877 amem

1475 3844 1751 3967 arincipes
1791 3895 2256 3967 Sacerdotum.et
2292 3892 2563 3947 Pharisaei
2605 3894 2931 3967 mandatum.
2977 3903 3053 3967 _ut

1475 3961 1832 4038 siquis'sciret
1862 3966 1948 4019 ubi
1982 3975 2142 4019 esset.
2163 3966 2573 4038 demonstraret.
2606 3961 3050 4038 ut'adpreliende-

1472 4032 1595 4091 rent
1615 4052 1735 4090 eum
1762 4036 1917 4090 Jesus
1938 4044 2114 4088 autem
2144 4046 2267 4087 ante
2289 4040 2498 4087 sextum
2518 4032 2658 4085 diem
2682 4032 2940 4084 Paschae.
2964 4047 3053 4085 ve-

1480 4109 1558 4159 nit
1572 4110 1622 4158 iu
1640 4106 1949 4159 Bethaniam
1968 4104 2136 4174 nbi(u)
2154 4104 2601 4174 eratLazarusqui
2618 4104 2787 4174 luerat
2810 4113 3051 4174 mortuus

1477 4190 1636 4241 quem
1653 4172 2088 4228 >IIScilaViueSIlS
2100 4172 2163 4227 lix
2180 4176 2423 4226 mortuis.
2436 4172 2701 4226 Fect'runt
2722 4173 2796 4239 (ὑ)
2812 4173 2990 4241 ergo?
3002 4174 3049 4226 ei

1479 4257 1668 4296 cenam
1692 4244 1781 4295 ibi.
1798 4256 1847 4297 et
1861 4245 1987 4297 Mart
2001 4246 2065 4297 ha
2082 4245 2437 4297 ministrabat.
2456 4244 2895 4296 Lazarusauteiu.
2914 4258 3048 4296 unus

1482 4322 1600 4367 erat
1628 4328 1690 4365 ex
1711 4314 2188 4367 dismuubeutibus.
2206 4330 2323 4366 cum
2346 4328 2412 4366 eo
2442 4314 2598 4365 Maria
2622 4314 2801 4380 itaque
2821 4314 3047 4379 sumpsit

1480 4381 1675 4434 libram
1706 4385 1957 4448 unguenti
1988 4384 2137 4435 nardi
2162 4385 2338 4450 piStici
2369 4384 2679 4450 pretiosi.et
2711 4386 2859 4435 unxit
2884 4384 3044 4449 pedes

1477 4451 1657 4506 Iesus.
1707 4458 1761 4503 ct
1806 4453 2030 4501 extersit
2060 4452 2268 4515 capillis
2299 4456 2410 4503 suis
2451 4452 2615 4517 pedes
2661 4453 2798 4518 ejus.
2853 4453 3045 4504 domus

1479 4528 1660 4575 autem
1713 4519 1914 4586 repleta
1972 4528 2055 4570 est
2101 4533 2163 4569 ex
2221 4518 2387 4586 odore
2418 4522 2696 4586 unguenti.
2730 4520 2869 4571 Dixit
2916 4535 3044 4586 ergo

1479 4607 1617 4648 unus
1646 4605 1715 4645 ex
1743 4585 2019 4658 discipulis
2063 4586 2202 4655 ejus.
2249 4585 2412 4639 ludas
2440 4585 2516 4654 (ά)
2548 4586 2781 4640 Simonis
2811 4589 2850 4654 -ξ-
2877 4585 3045 4639 Scha-

3152 3825 3322 3879 riotes
3370 3828 3457 3894 qui
3505 3828 3799 3883 traditurus
3824 3840 3939 3884 erat
3967 3845 4109 3883 eum.
4142 3829 4317 3896 Quare
4348 3828 4449 3882 hoc
4478 3842 4726 3897 unguen-

3154 3903 3285 3948 tum.
3342 3913 3446 3949 non
3479 3898 3856 3952 venumdatum
3888 3912 3968 3953 est
3997 3902 4047 3952 in
4083 3901 4337 3953 trecentis
4364 3899 4630 3952 denariis.
4666 3908 4723 3951 et

3153 3964 3332 4017 datum
3364 3977 3446 4037 est
3477 3969 3822 4034 pauperibus.
3857 3968 3967 4021 Hoc
3992 3980 4169 4023 autem
4189 3968 4343 4024 dixit.
4369 3982 4473 4021 non
4502 3967 4629 4037 quia
4656 3968 4724 4021 de

3153 4036 3478 4105 pauperibus
3508 4051 3639 4089 cura
3668 4038 3712 4089 ei
3741 4047 3877 4089 erat.
3930 4038 4021 4089 sed
4054 4040 4175 4105 quia
4206 4037 4287 4089 fur
4314 4047 4449 4090 erat.
4483 4036 4539 4089 et
4583 4037 4727 4087 Ineu-

3154 4103 3258 4156 Ium
3288 4104 3362 4175 (ε)
3397 4106 3625 4159 habebat
3651 4105 3713 4173 οῖ.
3738 4116 3789 4175 et
3811 4122 3870 4158 ea
3900 4122 4036 4171 quae
4074 4103 4428 4159 mittebantur
4448 4105 4723 4173 portabat.

3155 4175 3303 4227 Dixit
3331 4191 3458 4243 ergo
3486 4176 3667 4230 Jesus.
3698 4174 3765 4245 (Ῑ)
3810 4177 3936 4229 Siue
3966 4178 4001 4245 -ι-
4030 4174 4173 4227 illam
4205 4175 4257 4227 in
4285 4175 4372 4227 die
4409 4174 4726 4245 sepulturae

3156 4260 3309 4299 meae
3357 4242 3592 4299 servavit
3635 4242 3785 4298 illud.
3817 4242 4083 4313 Paupertas
4115 4247 4254 4297 enim
4283 4257 4497 4313 semper
4556 4242 4723 4296 hahe-

3154 4316 3507 4370 ti~vobiscum
3548 4332 3631 4368 me
3652 4324 3826 4369 autem
3852 4311 3953 4367 non
3978 4330 4190 4381 semper
4210 4313 4433 4366 habet-s.
4454 4311 4725 4380 Cognovit

3153 4402 3279 4454 ergo
3291 4389 3439 4440 turba
3457 4388 3621 4439 multa
3636 4402 3699 4440 ex
3713 4387 3947 4441 Iudaeis.
3961 4388 4081 4453 quia
4097 4384 4249 4438 Jesus
4264 4384 4371 4435 illic
4382 4390 4543 4435 est.et
4556 4390 4724 4454 _ve'ne-

3153 4450 3275 4509 runt
3307 4471 3408 4509 non
3442 4466 3645 4510 tantum
3672 4450 4283 4525 propterJesumsolum.
4308 4455 4398 4525 sed
4422 4462 4475 4525 et
4488 4450 4723 4505 utLazao

3152 4539 3266 4577 rum
3284 4526 3523 4579 viderent
3542 4523 3699 4594 quem
3727 4528 4038 4581 suscitavita
4054 4525 4295 4579 mortuis.
4312 4523 4696 4591 Cogitaverunt

2741 4695 2964 4749 CODEX
2994 4693 3451 4751 CORBEIENSIS.

1551 4798 1638 4853 56.
1676 4797 1696 4828 °
1724 4796 1855 4861 Quia
1886 4807 1990 4846 non
2023 4791 2199 4845 veniet
2224 4790 2288 4843 ad
2317 4786 2723 4861 diemrl'estum?

1548 4868 1678 4921 Car.
1704 4859 1813 4919 ΧΠ.
1845 4864 1981 4917 -5.
2016 4862 2202 4916 libram
2234 4860 2482 4929 unguenti
2500 4859 2691 4925 pisticl.

1549 4935 1604 5059 ᾗ.
1644 4936 1806 4989 Judas
1845 4933 2080 4988 Simonis
2112 4927 2407 4996 lsearioiis,
2458 4929 2547 4999 qui
2594 4927 2883 4996 incipiebat
2926 4942 3045 4981 eum

1476 5015 1558 5061 tra
1599 5019 1710 5061 ere.

3216 4789 3270 4842 6.
3311 4804 3413 4842 nou
3440 4788 3579 4858 quod
3607 4788 3673 4844 de
3696 4788 4013 4858 pauperibus
4036 4800 4164 4843 cura
4207 4793 4353 4840 esset
4378 4783 4530 4839 illi...
4562 4785 4583 4817 "
4618 4799 4717 4841 ex-

3096 4882 3107 4893 ι
3150 4857 3410 4927 portabat.

3221 4928 3277 4982 8.
3316 4931 3337 4960 ⁸
3363 4944 3465 4982 non
3496 4944 3706 4997 semper
3723 4928 3989 4984 habebitis
4014 4927 4067 4995 οῖ.

3224 4999 3277 5053 9.
3320 4999 3381 5051 Et
3407 5000 3562 5052 turba
3593 4996 3758 5054 multa
3787 5037 3799 5051 .
3834 5039 3846 5052 .
3883 5037 3897 5051 .
3929 4996 4149 5052 audivit.

2630 5076 2633 5079 ’
2711 5086 3094 5144 VARIANTES
3131 5088 3524 5146 LECTIONES.

1537 5190 1555 5220 ¹
1584 5188 1689 5238 Gat.
1714 5186 1935 5235 fecerunt
1966 5186 2013 5232 ei
2049 5197 2275 5233 coenam:
2298 5194 2351 5234 et
2384 5184 2564 5233 Martha
2588 5185 2652 5232 ibi
2684 5183 2998 5231 ministrabat.
3026 5220 3038 5232 .

1477 5263 1604 5299 unus
1628 5262 1707 5297 ex.
1740 5243 1880 5310 Vulg.
1906 5244 2147 5293 Fecerunt
2172 5256 2331 5295 autem
2357 5246 2402 5293 ei
2436 5258 2634 5293 coenam
2662 5246 2726 5293 ibi
2751 5261 2762 5294 :
2783 5251 2835 5293 et
2858 5244 3042 5292 Martha

1478 5310 1829 5358 ministrabat...
1857 5319 1981 5353 unus
2006 5314 2108 5353 erat
2133 5320 2213 5354 ex.

1540 5373 1561 5401 ί
1596 5371 1700 5418 Gat.
1724 5382 1818 5417 non
1837 5368 1985 5415 venit.
2016 5369 2128 5414 Mm.
2166 5380 2259 5413 non
2296 5367 2523 5415 vendidit.
2557 5365 2697 5428 Vulg.
2726 5378 2818 5428 non
2844 5365 3041 5428 vaeniit.

1541 5433 1561 5463 ³
1592 5434 1705 5479 Mm.
1733 5430 1955 5483 habebat,
2000 5436 2051 5475 et
2084 5440 2207 5487 quae
2230 5428 2557 5488 mittebantur,
2596 5422 2865 5477 au'ferebat.
2898 5422 3045 5485 Vulg.

1478 5492 1683 5553 habens,
1704 5504 1778 5548 ea,
1802 5502 1927 5553 quae
1949 5489 2279 5546 mittebantur,
2314 5488 2541 5549 portabat.

3204 5183 3225 5255 ξ
3262 5185 3376 5255 ξφ.
3397 5176 3515 5255 Sine
3542 5184 3687 5255 illam.
3886 5183 4040 5233 Sinite
4060 5178 4238 5255 illam.‘

3204 5244 3361 5307 5AGat.
3388 5247 3564 5307 eum.
3606 5235 3906 5294 habebitis...
3936 5255 4131 5303 semper
4163 5239 4420 5289 habebitis.
4452 5235 4599 5301 Vulg.
4630 5238 4715 5287 ba-

3143 5304 3273 5352 betis
3302 5342 3326 5351 ..
3358 5304 3553 5355 semper
3571 5307 3776 5355 habetis.

3209 5366 3229 5394 ⁶
3256 5367 3371 5412 Mm.
3392 5360 3512 5423 Quia
3534 5380 3627 5415 non
3652 5370 3829 5416 veniat.
3853 5367 3958 5415 Gal.
3982 5369 4092 5427 quia
4112 5376 4206 5414 non
4231 5364 4381 5421 venit,
4403 5367 4455 5411 tu
4485 5360 4716 5425 Vulgata.

3206 5427 3226 5454 "
3265 5428 3381 5474 Mm.
3418 5427 3685 5477 auferebat.

3202 5485 3223 5517 ³
3256 5488 3313 5535 Bt
3336 5485 3402 5537 ita
3425 5488 3528 5539 Gal.
3553 5492 3733 5540 etMm.

2744 5564 3103 5623 BLANCHINI
3138 5566 3365 5623 NOTAE.

1550 5668 1627 5733 (α)
1660 5667 1730 5720 Ita
1763 5676 1824 5739 et
1843 5661 2162 5739 tex_.-Gr.j._v
2188 5661 2465 5739 Λάζαροςρ
2488 5664 2753 5739 “eamea.
2774 5690 2833 5701 —
2859 5657 2933 5739 (ρ)
2961 5656 3035 5709 Ita
3074 5664 3126 5709 et
3152 5652 3262 5739 ob».
3276 5689 3346 5739 τ-
3367 5661 3437 5729 (c)
3469 5661 3607 5715 Ante
3624 5662 3833 5739 Apistigi,
3866 5661 4022 5739 deest
4039 5662 4241 5739 _Angrdi,
4267 5660 4425 5714 etiam
4440 5659 4533 5739 “in
4576 5661 4712 5739 eod.

1478 5726 1634 5786 Cant.
1668 5736 1833 5861 -ωςτη
1862 5735 2022 5789 Addit
2078 5734 2258 5787 Simon
2283 5773 2296 5796 ,
2333 5726 2535 5800 'pariter
2576 5742 2680 5784 lex.
2715 5730 2807 5787 Gr.
2838 5726 3073 5798 Σίμωνος.
3102 5754 3170 5765 -
3197 5728 3268 5795 (e)
3297 5726 3383 5782 Ita
3403 5726 3458 5783 et
3488 5740 3596 5784 lex.
3618 5726 3712 5786 Gr.
3746 5728 3880 5801 ιῖχι.
3910 5760 3980 5772 -—-
4003 5733 4071 5801 (Ι)
4101 5730 4174 5785 Ita
4197 5740 4250 5785 ct
4295 5739 4402 5784 tex.
4435 5728 4533 5787 Gr.
4567 5726 4719 5802 ἄφες.-

1479 5832 1549 5848 -ν-
1572 5805 1642 5861 (al
1672 5808 1710 5859 (1
1788 5845 1797 5856 .
1829 5804 1986 5860 Cant.
2023 5805 2263 5861 ἤκουσαν.
2295 5830 2365 5843 --
2403 5800 2480 5861 (Ιι)
2508 5800 2632 5857 Post
2650 5800 3013 5861 Jesum,deest
3038 5806 3231 5851 tantum
3256 5837 3271 5861 ,
3300 5801 3461 5852 etiam
3487 5798 3539 5852 in
3560 5801 3681 5854 cod.
3709 5802 3862 5855 Cant.

1421 5863 1426 5868 .
1479 5805 1642 5872 -ν-(θ)

1829 5804 1986 5860 Cant.
2023 5805 2263 5862 ἤκουσαν.
2295 5798 2365 5843 -ἑ-
2403 5800 2480 5871 (Ii)
2508 5800 2632 5857 Post
2650 5800 3013 5868 Jesum,deest
3038 5806 3231 5851 tantum
3256 5837 3271 5864 ,
3300 5801 3461 5852 etiam
3487 5798 3539 5852 in
3560 5801 3681 5854 cod.
3709 5798 3862 5855 Cant.
