5170 6474
137 384 237 441 Ml

1093 383 1537 442 EVANGELIUM
1575 381 1941 442 SECUNDUM
1979 381 2358 441 JOHANNEM.

518 496 747 555 CODEX
788 498 1318 557 VERCELLENSIS.

136 593 312 641 autem
354 585 512 642 Prin-

135 657 284 725 cipes
306 655 565 712 Sacerdo-

138 736 251 781 tum
283 735 339 780 ut
360 736 416 780 et
439 726 601 781 Laza-

135 811 255 851 rum
275 795 487 853 occide-

138 866 227 920 11.
260 876 381 936 rent
412 866 567 936 :quia
596 869 732 926 mul-

137 937 175 988 ti
204 934 277 1004 (a)
308 934 630 1010 Judaeorum
653 940 692 1010 ’ξ-

135 1014 356 1074 propter
382 1007 534 1062 illum

134 1075 291 1129 ibant
306 1086 360 1131 et
380 1077 564 1132 crede-

94 1210 99 1216 .
134 1145 263 1216 haut
293 1146 345 1200 in
368 1146 568 1201 Jesum.

138 1213 227 1268 12.
268 1215 447 1270 Altera
484 1216 572 1274 die
602 1227 714 1272 tur-

138 1282 240 1339 bae
266 1285 487 1352 multae,

132 1368 273 1423 quae
298 1369 466 1410 vene-

133 1433 257 1477 rant
285 1424 350 1478 ad
377 1424 518 1479 diem

132 1491 352 1557 festum,
379 1495 533 1549 audi-

134 1572 219 1618 tes
248 1563 389 1633 quod
405 1563 559 1620 Jesus

134 1634 285 1687 venit
310 1635 362 1687 in
390 1634 516 1688 Hie-

136 1704 228 1757 15.
266 1705 557 1773 rosolyma,
580 1717 670 1758 ac-

134 1781 395 1842 ceperunt
418 1773 515 1828 ﬂo-
728 1782 737 1792 '

135 1857 228 1897 res
256 1844 576 1913 palmarum,

135 1923 191 1967 et
217 1915 464 1968 exierunt

140 2021 154 2034 .
200 2023 215 2038 .
259 2021 272 2034 .
313 1984 603 2049 liohviam,

138 2089 151 2103 .
200 2094 211 2103 .
257 2091 271 2106 .
312 2053 601 2119 lamabant,

134 2120 376 2175 dicentes
401 2140 414 2175 :
444 2122 543 2177 0s-

139 2204 309 2243 sanna
335 2191 477 2246 ﬁlius

136 2259 326 2325 David,
357 2260 519 2317 bene-

135 2328 333 2391 dictus.
361 2330 452 2397 qui
481 2343 567 2385 ve-

137 2400 219 2454 nit
246 2399 297 2453 in
328 2400 499 2453 nomi-

138 2483 207 2522 ne
234 2468 466 2534 Dumini,
498 2469 611 2524 Rex

136 2536 383 2593 istrahel.
637 2593 649 2603 ,

136 2609 227 2663 14.
268 2607 336 2662 Et
362 2608 563 2663 invenit
583 2607 741 2663 Jesus

136 2678 371 2745 asinum,
396 2689 448 2732 et
470 2692 557 2733 se-

134 2747 219 2801 dit
244 2762 403 2817 super
429 2749 603 2814 illum,

134 2818 285 2888 sicut
302 2819 475 2888 scrip-

138 2887 228 2941 15.
269 2886 462 2942 Notum
493 2896 608 2944 est:
634 2886 742 2943 No-

210 2957 246 3010 li
271 2959 461 3014 timere

209 3027 321 3083 ﬁlia
344 3026 474 3083 Sion
506 3048 519 3082 :

208 3112 338 3153 ecce
360 3101 470 3153 Rex

210 3175 333 3221 tuus
360 3170 375 3200 ¹
404 3168 549 3223 venit

210 3252 462 3303 mansue-

209 3316 294 3361 tus
317 3310 515 3363 sedens

206 3379 545 3502 ῗιῗέἔξέεῗιῗέὲ.

138 3515 224 3568 16.
269 3516 408 3570 Haec
437 3527 614 3572 autem
639 3531 746 3572 non

134 3594 506 3653 cognoverunt

173 3657 286 3707 rius
304 3654 535 3723 discipu-

158 3723 170 3772 i
201 3723 318 3790 ejus
346 3740 360 3777 :
394 3725 488 3780 sed
516 3739 637 3779 cum

134 3793 463 3861 glorilicatus

133 3862 475 3931 essetJesus,
505 3872 629 3921 tunc

132 3945 462 3989 rememora-

956 592 992 645 ti
1016 598 1143 645 sunt
1166 588 1307 659 quod

955 661 1087 715 haec
1107 669 1265 715 erant

954 732 1150 801 scripta
1167 729 1249 801 Ade
1276 727 1340 801 il:

954 802 1007 855 lo
1038 798 1139 855 :vet
1166 799 1295 854 haec
1310 798 1387 854 fe-

955 880 1144 924 cerunt
1164 868 1264 924 illi.

956 942 1043 995 17.
1074 937 1463 994 Testimonium

956 1010 1135 1079 itaque
1153 1008 1343 1079 redde-

957 1078 1084 1133 bant
1110 1081 1130 1109 ¹
1158 1078 1367 1142 turbae,
1414 1138 1417 1141 _

956 1163 1091 1217 quae
1111 1156 1263 1203 erant

950 1232 1075 1272 cum
1106 1218 1198 1271 illo
1222 1231 1355 1286 quo-

959 1289 1098 1341 niam
1132 1286 1388 1341 Lazarum

956 1358 1192 1413 evocavit
1214 1356 1282 1411 de
1327 1376 1338 1382 ί

955 1441 1267 1482 monumen-

959 1507 1032 1564 to,
1055 1507 1109 1552 et
1137 1496 1364 1552 suscita-

956 1567 1031 1621 vit
1057 1582 1177 1621 eum
1204 1582 1233 1620 a
1261 1580 1403 1621 mor-

957 1637 1042 1691 18.
1073 1638 1196 1691 tuis.
1228 1636 1352 1691 Ideo
1376 1650 1563 1692 occur—

956 1706 1027 1761 rit
1048 1706 1127 1761 illi
1158 1707 1353 1761 turba:

957 1777 1207 1844 quoniam
1238 1792 1332 1831 au-

956 1846 1168 1902 dierunt
1187 1846 1328 1915 quod

957 1915 1061 1971 hoc
1087 1916 1210 1981 fecit
1232 1918 1337 1987 sig-

955 2001 1103 2040 num.

959 2056 1043 2127 19.
1068 2056 1304 2112 Farisaei
1331 2069 1460 2127 ergo

956 2125 1207 2183 dixerunt
1222 2128 1288 2181 ad

957 2197 1111 2250 illos:
1138 2196 1346 2252 Videtis

958 2266 1100 2333 quod
1128 2267 1261 2321 nihil

957 2335 1031 2403 (b)
1065 2336 1321 2403 prolicitis
1344 2335 1367 2388 ?
1398 2335 1435 2404 -ξ-
1462 2348 1548 2389 ec-

957 2419 1019 2458 ce
1047 2414 1165 2471 post
1193 2406 1342 2459 illum

957 2489 1239 2529 universus

957 2544 1189 2597 mundus
1215 2543 1366 2598 abiit.

956 2612 1048 2679 20.
1078 2614 1143 2667 Et
1172 2622 1323 2666 erant
1343 2613 1463 2682 qui-

957 2682 1081 2737 dam
1110 2682 1300 2738 Graeci

957 2766 1020 2808 ex
1051 2753 1150 2819 eis,
1183 2753 1271 2820 qui
1308 2766 1393 2806 as-

958 2824 1253 2878 cenderunt

958 2902 1016 2947 ut
1040 2893 1323 2947 adorarent

958 2963 1013 3017 in
1042 2964 1179 3017 diem
1215 2963 1324 3017 sol-

957 3033 1047 3088 21.
1073 3034 1323 3088 lemnem.
1356 3031 1417 3087 Hi
1448 3046 1535 3089 ac-

960 3112 1240 3158 cesserunt

960 3173 1025 3227 ad
1052 3173 1379 3242 Philippum,

959 3244 1048 3309 qui
1073 3252 1187 3297 erat
1207 3260 1234 3296 a
1264 3244 1400 3299 Bed~

960 3313 1108 3366 saida
1137 3313 1377 3367 Galilcae

868 3424 874 3429 .
959 3382 1298 3451 etrogabant

960 3450 1130 3515 illum,
1157 3452 1341 3505 dicen-

961 3528 1040 3574 tes
1074 3537 1086 3572 :
1121 3520 1364 3585 Domine,
1394 3534 1486 3574 vo-

958 3590 1137 3642 lumus
1161 3588 1271 3643 Jes.
1302 3629 1315 3641 .

955 3657 1045 3712 22.
1076 3659 1283 3713 videre:
1313 3658 1470 3713 Venit

955 3727 1251 3798 Philippus,
1284 3739 1337 3783 et
1365 3730 1446 3784 di—

956 3801 1027 3853 cit
1052 3800 1296 3853 Audreae
1322 3816 1333 3851 :

962 3868 1113 3923 Venit
1134 3869 1339 3924 Andre-

954 3953 1035 4006 as,
1065 3949 1119 3994 et
1144 3939 1443 4010 Philippus,

3262 386 3368 441 M2

2233 497 2460 554 consx
2497 482 2944 556 VERONENSIS.

1805 599 1982 646 autem
2011 589 2285 660 Principes

1806 660 2152 715 Sacerdotum

1805 740 1936 784 utet
1960 730 2217 785 Lazarum

1807 800 2165 854 interficerent
2191 818 2203 853 :

1806 869 1895 923 11.
1926 868 2045 937 quia
2075 869 2225 925 multi

1807 949 2025 1008 propter
2054 940 2204 1008 illum

1806 1008 2021 1064 abibant
2045 1008 2119 1078 (a)
2147 1010 2172 1065 ,1
2181 1012 2240 1065 u-

1806 1079 2059 1150 daeorum
2089 1079 2147 1150 -ἶη,

1807 1154 1862 1203 et
1886 1148 2177 1203 credebant

1808 1217 1862 1271 in
1888 1218 2090 1273 Iesum.

1815 1288 1895 1342 l2.
1928 1290 1980 1341 In
2004 1288 2290 1345 crastinum

1807 1367 1981 1412 autem
2015 1360 2186 1426 turba,

1806 1441 1944 1495 quae
1969 1430 2113 1483 venit

1806 1498 1871 1549 ad
1902 1497 2043 1551 diem

1805 1565 2022 1631 festum,
2045 1581 2164 1622 cum

1808 1636 2078 1690 audissent

1850 1708 1930 1759 uia
1961 1709 2106 1761 venit

1842 1792 1964 1831 esus
1996 1778 2179 1831 Hiero-

1814 1847 1899 1899 15.
1939 1849 2162 1916 solyma,
2196 1860 2347 1903 acce-

1814 1926 2005 1985 perunt
2035 1918 2196 1972 ﬂores

1812 1988 2127 2055 palmarum,

1812 2069 1864 2110 et
1896 2064 2269 2125 processerunt
2368 2076 2375 2081 λ

1810 2127 2019 2182 obviam
2047 2129 2120 2192 ei,

1814 2207 1866 2250 et
1892 2198 2193 2251 clamabant
2216 2213 2229 2248 :

1812 2266 2072 2329 Ossanna,
2106 2267 2199 2320 be-

1813 2339 2076 2401 nedictus,
2110 2338 2197 2406 qui

1812 2409 1958 2460 venit
1984 2408 2035 2460 in

1810 2476 2024 2530 nomine
2054 2478 2159 2530 Do-

1810 2547 1939 2599 mini
1968 2546 2079 2600 Rex
2110 2545 2185 2599 ls-

1812 2616 2001 2669 trahet.

1818 2684 1900 2737 M.
1934 2684 2001 2738 Et
2030 2685 2231 2738 invenit

1808 2753 1965 2808 Jesus
1993 2755 2239 2817 asellum,
2330 2798 2333 2799 ν

1810 2835 1864 2878 et
1892 2824 2029 2879 sedit
2053 2840 2143 2879 su-

1811 2908 1905 2963 per
1930 2910 2076 2958 eum,

1810 2966 1949 3019 sicut
1976 2966 2231 3035 scriptum

1809 3046 1893 3090 cst
1917 3053 1929 3087 ε

1812 3105 1900 3160 15.
1934 3103 2048 3159 Noli
2076 3104 2263 3161 timere

1811 3176 1922 3229 lilia
1944 3175 2072 3231 Sion
2097 3192 2109 3227 :

1809 3258 1936 3301 ecce
1967 3245 2080 3299 Rex

1812 3324 1934 3369 tuus
1962 3316 2107 3370 venit

1809 3386 2002 3439 sedens
2023 3397 2184 3451 super

1812 3455 2010 3521 pullum
2038 3454 2195 3507 asini.

1812 3523 1897 3577 16.
1934 3523 2075 3577 Haec
2103 3537 2207 3575 non

1813 3600 2181 3660 Cognoverunt

1810 3662 2055 3729 discipuli
2087 3661 2203 3730 ejus

1812 3734 2039 3801 primum
2068 3749 2079 3784 :
2112 3731 2204 3785 sed

1810 3802 2021 3871 quando
2046 3801 2240 3856 clariﬁ-

1810 3882 1959 3926 catus
1985 3881 2065 3925 est
2093 3871 2193 3926 Je-

1810 3957 1923 4007 sus,
1956 3941 2223 3998 recordati

1430 4056 1657 4112 CODEX
1685 4056 2074 4113 BRIXIANUS.

2622 600 2750 647 sunt
2772 592 2894 662 quia

2622 662 2753 715 haec
2780 670 2933 716 erant

2622 732 2853 800 scripta:
2884 742 2940 786 et

2622 802 2754 857 haec
2779 804 3019 857 fecerunt
3050 802 3119 855 ei.

2624 873 2711 925 17.
2734 871 3120 926 Testimonium

2623 956 2751 1009 ergo
2782 940 3029 1010 perhibe-

2622 1010 2712 1065 bat
2739 1011 2916 1076 turba,

2624 1094 2757 1150 quae
2781 1090 2897 1135 erat

2624 1165 2742 1205 cum
2764 1166 2828 1205 eo
2850 1152 2969 1219 quia

2624 1221 2877 1275 Lazarum
2906 1234 2998 1275 v0-

2625 1293 2763 1345 cavit
2788 1290 2855 1346 de
2878 1305 2993 1345 mo-

2627 1371 2904 1427 numento,
2935 1371 2985 1413 et

2626 1431 2902 1485 suscitavit
2926 1445 3051 1485 eum

2626 1514 2655 1552 a
2680 1500 2921 1555 mortuis.

2627 1570 2711 1650 ιβ.
2746 1570 3033 1650 Propterea
3059 1570 3153 1625 ob-

2623 1640 2764 1693 viam
2793 1641 2841 1693 ei
2868 1640 3015 1694 venit

2626 1710 2779 1764 turba
2805 1727 2818 1763 :
2843 1724 2975 1778 quo-

2628 1780 2768 1833 niam
2801 1779 2983 1849 audie-

2627 1858 2750 1903 runt
2774 1849 2898 1918 quia

2629 1918 2732 1973 hoc
2757 1918 2882 1973 l'ecit

2602 2002 2604 2006 ‘
2630 1990 2859 2057 signum.

2634 2059 2717 2114 19.
2747 2058 3022 2113 Pharisaei
3048 2074 3134 2114 er-

2631 2143 2698 2198 go
2727 2129 2977 2183 dixerunt

2630 2200 2697 2253 ad
2720 2200 3037 2267 semetipsos
3061 2216 3074 2252 :

2634 2269 2839 2324 Videtis
2864 2269 2989 2337 quia

2632 2352 2737 2393 non
2770 2338 2839 2410 (b)
2863 2337 3054 2405 prode-

2632 2410 2761 2463 estis
2775 2410 2985 2481 'j-Aquic—

2632 2478 2837 2547 quam?
2865 2492 2994 2534 ecce

2633 2550 2807 2602 omnis
2838 2547 3066 2602 mundus

2631 2627 2751 2686 post
2774 2632 2897 2671 eum

2630 2684 2883 2741 90.abiit'.
2920 2690 2977 2749 »Β
3008 2684 3379 2741 ErantGraeci

2627 2756 2840 2825 quidam
2879 2762 2935 2818 ›Ι‹
2966 2772 3027 2810 cx
3058 2756 3161 2821 his,
3185 2757 3274 2827 qui
3450 2764 3455 2767 ’

2630 2827 2983 2881 ascenderant

2631 2905 2689 2950 ut
2717 2897 3007 2951 adorarent

2633 2967 2685 3019 in
2716 2967 2802 3021 die
2830 2964 2987 3021 festo.

2629 3036 2718 3090 21.
2750 3036 2811 3089 Hi
2838 3052 2967 3106 ergo
2984 3051 3074 3091 ac—

2630 3114 2907 3160 cesserunt
2926 3106 2993 3161 ad

2626 3175 2957 3244 Philippum,
2978 3178 3066 3246 qui

2628 3256 2746 3300 erat
2771 3261 2797 3297 a
2821 3247 3031 3301 Betsai-

2629 3316 2694 3368 da
2722 3315 3012 3378 Galilaeae,

2629 3395 2684 3439 et
2719 3386 2976 3455 rogabant

2630 3466 2776 3518 eum,
2803 3455 3042 3510 dicentes
3068 3472 3081 3506 :
3144 3501 3147 3505 .

2635 3525 2880 3588 Domine,
2911 3526 3155 3578 volumus

2633 3592 2814 3647 Jesum
2846 3594 3047 3647 videre.

2626 3662 2717 3715 22.
2751 3663 2902 3715 νιιηίι
2934 3662 3233 3731 Philippus,

2626 3741 2679 3785 et
2709 3731 2838 3785 dicit
2864 3734 2973 3785 An—

2628 3801 2822 3856 dreae:
2848 3800 3091 3856 Andreas

2628 3881 2825 3935 autem,
2857 3882 2911 3925 et
2942 3869 3063 3924 Phi-

2630 3942 2806 4009 lippus
2832 3942 3023 3995 iterum

130 4178 311 4224 autem
336 4169 600 4240 principes
628 4172 986 4227 sacerdotum.
1012 4179 1068 4224 ut
1088 4173 1343 4225 Lazarum
1374 4171 1717 4240 occiderenl.~

129 4242 255 4309 quia
288 4241 457 4294 multi.
484 4239 700 4310 propter
723 4255 843 4295 eum
876 4241 1359 4310 conveniebantiex
1390 4239 1623 4291 Judaeis.
1651 4250 1704 4292 et

130 4310 421 4364 credebant
450 4311 502 4363 in
528 4309 730 4365 Je’sum.
759 4311 1009 4376 Sequenti
1038 4318 1210 4361 autem
1235 4309 1320 4360 die
1340 4310 1488 4361 turba
1516 4310 1701 4360 multa.

169 4395 271 4433 uae
290 4390 610 4434 convenerat
630 4378 695 4431 ad
720 4379 860 4431 diem
886 4380 1096 4431 festum.
1120 4377 1398 4431 audientes
1419 4379 1541 4446 quia
1560 4378 1706 4431 venit

169 4395 271 4433 uae
290 4394 610 4434 convenerat
630 4394 695 4431 aa
720 4394 860 4431 utem
886 4394 1096 4431 tesmm.
1120 4394 1398 4431 audientes
1419 4394 1541 4446 quia
1560 4394 1705 4431 venit

129 4394 290 4503 gestus
311 4450 691 4520 HierOSonma.
730 4456 1057 4520 acceperunt
1094 4462 1271 4520 ramos
1304 4448 1615 4520 palmarum.
1650 4456 1705 4501 et

130 4520 379 4573 exierunt
408 4517 615 4573 obviam
637 4519 708 4583 ei,
732 4529 782 4572 et
805 4518 1127 4572 clamabant.
1149 4518 1379 4571 Osanna.
1397 4517 1705 4571 benedictus

129 4590 219 4656 qui
252 4590 398 4643 venit
426 4591 475 4643 in
510 4589 721 4642 nomine
752 4588 978 4641 Domini.
1009 4589 1120 4643 Rex
1152 4588 1370 4641 Israhel.
1421 4589 1698 4642 Invenietis

127 4668 308 4727 autem
332 4657 484 4712 Jesus
504 4659 743 4713 asellum.
762 4659 900 4711 sedit
926 4672 1086 4727 super
1108 4674 1250 4711 eum.
1282 4660 1419 4711 sicut
1442 4660 1698 4712 scribtum

128 4736 231 4780 est.
268 4726 382 4781 Noli
422 4727 608 4783 timere
650 4728 755 4781 lilia
790 4727 940 4783 Sion.
969 4726 1092 4782 scre
1120 4728 1232 4781 Rex
1260 4739 1380 4781 tuus
1409 4730 1575 4782 venit.
1617 4743 1704 4782 se-

128 4797 264 4849 dens
310 4810 472 4865 super
528 4799 728 4867 pullum
781 4799 982 4852 asinae.
1030 4799 1171 4852 Haec
1226 4807 1423 4852 autem.
1481 4814 1704 4852 nonco-

126 4875 427 4938 gnoverunt
482 4868 727 4938 discipuli
787 4867 903 4937 ejus
966 4870 1362 4938 primumasetl
1424 4881 1702 4937 postquam

126 4934 458 5004 gloriﬁcatus
509 4934 831 4993 est'JesusJ
882 4934 1009 4993 tunc
1058 4936 1324 4993 recordati
1379 4934 1520 4991 sunt.
1563 4934 1704 5007 'quia

1810 4171 1941 4226 haec
1998 4176 2151 4223 erant
2212 4166 2406 4220 scribta
2458 4164 2524 4219 de
2569 4179 2653 4217 eo.
2705 4176 2755 4218 et
2817 4163 2949 4218 haec
3005 4164 3246 4220 fecerunt
3309 4168 3381 4221 ei.

1809 4238 2190 4291 Testimonium
2263 4251 2390 4305 ergo
2459 4235 2772 4303 perhibebat
2835 4235 3007 4288 tulba.
3070 4251 3205 4305 quae
3267 4248 3381 4291 erat

1807 4322 1926 4360 cum
1956 4324 2041 4369 eo,
2074 4307 2284 4373 quando
2316 4304 2567 4358 Lazarum
2610 4306 2816 4359 Vocztvit
2846 4306 2911 4358 tle
2938 4304 3300 4361 monumento.
3329 4318 3383 4361 et

1808 4377 2078 4430 suscitavit
2109 4393 2226 4429 eum
2258 4392 2283 4429 a
2313 4377 2554 4428 tnm'luis.
2582 4376 2871 4442 Propterea
2904 4385 2959 4429 et
2993 4378 3201 4431 nlwiam
3238 4380 3383 4430 venit

1808 4449 1853 4500 ei
1889 4450 2039 4501 turba
2087 4449 2208 4517 quia
2256 4446 2533 4517 audierant
2579 4462 2721 4500 eum.
2775 4447 2962 4500 iecisse
3010 4448 3109 4501 hoc
3148 4449 3377 4515 signum.

1808 4516 2077 4571 Pharisaei
2108 4516 2285 4571 autem
2314 4516 2562 4570 dixerunt
2601 4520 2665 4569 ad
2716 4518 2962 4571 invicem.
3013 4516 3215 4569 Videtis
3259 4517 3379 4582 quia

1805 4590 1936 4642 nihil
1980 4588 2284 4656 proﬁcimus
2320 4602 2445 4641 ecce
2485 4588 2711 4640 mundus
2748 4598 2902 4656 totus
2932 4597 3044 4653 p05!
3078 4601 3197 4656 eum
3226 4585 3375 4637 abiit.

1809 4654 2086 4712 Erantiaut
2114 4657 2351 4713 Gentiles
2373 4657 2585 4724 quidam
2608 4672 2671 4709 ex
2704 4657 2804 4709 his.
2821 4655 2909 4723 qui
2928 4654 3297 4724 ascenderant.
3322 4663 3379 4707 ut

1807 4728 2154 4783 adorarentin
2180 4729 2317 4781 diem
2334 4722 2544 4779 festum.
2567 4728 2785 4783 ilict-go.
2811 4722 3153 4777 accesserunt
3173 4722 3236 4776 ad
3253 4723 3380 4777 Phi—

1810 4799 2031 4867 lippum.
2056 4800 2144 4867 qui
2168 4807 2326 4851 erata
2344 4793 2878 4867 BethsaidaGahleae.
2904 4794 3230 4867 ctrogahant
3252 4809 3374 4867 eum

1810 4862 2050 4924 dic-entes
2074 4862 2293 4920 Domine
2322 4866 2563 4917 volumus
2586 4862 2764 4917 Jesum
2779 4862 2980 4916 videre.
3008 4862 3376 4933 VenitPhilip-

1812 4953 1929 5007 pus.
1963 4948 2017 4992 et
2043 4932 2454 4991 dicitAndreae.
2491 4933 2731 4987 Andreas
2763 4946 2971 4987 rursum
2998 4941 3053 4988 et
3078 4932 3372 5004 Philippus.

1387 5055 1616 5113 CODEX
1652 5055 2109 5113 CORBEIENSIS.

198 5150 289 5206 15.
328 5148 488 5204 liores
509 5150 832 5219 palmarum.

199 5222 287 5275 17.
314 5220 433 5289 quia
475 5219 727 5289 Lazarum
749 5219 976 5289 vocavit.

199 5292 289 5346 19.
310 5288 432 5361 quia
456 5288 583 5344 nihil
606 5288 864 5359 profecit?
889 5303 1016 5345 ecce
1039 5304 1172 5345 unus
1203 5291 1426 5361 populus
1456 5290 1696 5360 sequitur

1798 5156 1926 5218 post
1945 5147 2112 5218 illum.

1867 5175 2253 5271 abiuglltuerant
2275 5216 2464 5272 Graeci
2494 5218 2707 5286 quidam
2738 5182 2806 5271 es
2832 5215 2917 5269 his
2939 5258 2951 5281 ,
2985 5218 3072 5286 qui
3117 5175 3372 5271 ascende-

1800 5297 1920 5341 rant
1945 5288 1995 5340 in
2018 5286 2104 5341 die
2126 5286 2263 5343 festo
2287 5297 2345 5343 ut
2367 5288 2673 5343 adorarent.
2698 5346 2711 5363 ,

1378 5376 1768 5456 VARIANTES
1805 5398 2203 5456 LECTIONES.

188 5498 207 5527 ι
246 5494 362 5543 um.
387 5492 521 5557 venit
536 5490 622 5557 tibi
643 5489 840 5540 sedens.
860 5490 1016 5557 γαίῃ.
1037 5498 1157 5557 tuus
1175 5498 1310 5546 venit
1326 5496 1527 5545 sedens.

188 5559 210 5589 ²
243 5557 361 5605 Mm.
385 5554 525 5604 turba
544 5551 609 5603 de
633 5564 694 5603 eo
715 5552 922 5616 quando.
950 5551 1090 5621 Ῠιιιρ.
1103 5558 1261 5620 turba,
1286 5570 1411 5621 quae
1436 5562 1672 5607 eratcum
1692 5570 1754 5610 eo
1766 5558 1974 5623 quando.

1438 5682 1802 5741 BLANCHINI
1843 5684 2072 5743 ΝΟΤᾹΕ.

196 5782 274 5855 (a)
297 5781 376 5840 ita
401 5787 459 5839 et
480 5782 607 5838 texi
634 5779 728 5869 Gr.
757 5785 865 5863 φῶν,
884 5774 1228 5837 ἰονὸδαίωι-ι
1254 5779 1330 5851 (b)
1356 5777 1432 5835 Ita
1455 5784 1511 5835 et
1531 5787 1637 5834 lex.
1667 5777 1762 5835 Gr.
1791 5778 2044 5851 ὠφελεῖτο.
