3898 6460
392 367 399 373 ’
485 357 593 414 413
1031 359 1295 415 EUSEBII
1324 358 1659 417 VERCELL.
1700 360 2139 421 EVANGELIUM
2175 360 2316 419 CUM
2345 361 2571 420 VARIIS
2593 360 2749 419 COD.
2784 362 3171 419 COLLATUM.
3626 368 3731 422 414

882 469 1112 526 CODEX
1149 470 1681 529 VERCELLENSIS.
1708 480 1711 483 '

492 570 550 617 et
571 562 758 618 dicunt
784 562 852 617 ad

494 630 701 686 Jesum.

492 702 579 756 23.
613 703 692 756 Ad
724 702 817 755 ille
844 716 1067 771 respon-

493 772 571 825 dit
598 774 697 836 eis,
720 772 933 827 dicens:

492 839 657 895 Venit
683 844 832 907 hora,

494 920 555 965 ut
582 911 838 963 honorifi-

495 990 647 1034 cetur
674 980 841 1035 Filius

494 1050 746 1104 hominis.

494 1120 584 1173 24.
629 1124 822 1186 Amen,
849 1135 1006 1178 amen

494 1189 616 1244 dico
644 1191 816 1255 vobis,
847 1193 931 1246 ni-

489 1260 534 1313 si
566 1275 788 1327 granum

494 1331 654 1382 tritici
691 1330 892 1385 cadens

492 1399 545 1452 in
570 1406 734 1461 terra,
756 1415 871 1453 nlo-

490 1467 581 1522 25.
614 1470 805 1532 riatnr,
834 1470 1004 1537 ipsum

492 1538 667 1591 solum
693 1553 878 1595 mane-

500 1608 613 1670 bit;
647 1607 690 1660 si
719 1624 846 1661 vero
872 1624 988 1665 m0-

490 1678 674 1740 riatur,
698 1678 834 1731 mul-

490 1756 602 1801 tum
635 1748 861 1804 fructum

491 1815 719 1870 adferet.

488 1885 589 1950 Qui
620 1897 763 1940 amat
788 1890 900 1943 ani-

486 1970 629 2008 mam
661 1971 833 2023 suam,

484 2026 673 2091 perdet
702 2027 877 2080 illam:

484 2094 501 2124 ²
533 2105 585 2147 et
612 2097 698 2163 qui
728 2096 840 2151 odit

481 2164 714 2217 animam
747 2182 896 2224 suam

483 2234 539 2287 in
567 2234 667 2288 hoc
695 2252 847 2291 mun-

481 2304 573 2367 do,
604 2304 657 2358 itt
692 2308 853 2361 vitam

483 2382 755 2428 aeternam

481 2445 738 2498 Custodiet
772 2446 837 2499 il-

479 2512 726 2586 9ti..lam.
758 2515 812 2569 Si
844 2517 962 2586 quis

480 2582 611 2637 mihi
645 2586 830 2639 minis-

481 2662 561 2706 tra
571 2663 607 2718 ι,
635 2665 886 2721 sequatur

482 2738 570 2777 me
596 2741 609 2777 :
640 2735 695 2796 et
719 2727 805 2780 ubi
832 2741 931 2796 ego

481 2808 622 2855 sum,
655 2794 722 2847 ibi
751 2806 804 2848 et
828 2794 925 2851 mi-

481 2862 651 2915 nister
675 2880 823 2917 meus

482 2934 606 2986 erit.
634 2931 689 2985 Si
712 2935 831 3001 quis

481 3002 611 3056 mihi
645 3004 827 3055 minis-

483 3080 607 3135 trat,
642 3070 870 3127 honora-

481 3142 559 3195 vit
588 3142 739 3196 illum
770 3144 866 3197 Pa—

482 3222 563 3265 ter
590 3227 761 3267 mens.

479 3282 570 3335 ‘27.
603 3282 753 3335 Nunc
773 3284 948 3340 anima

484 3366 601 3403 mea
633 3355 811 3405 turba-

481 3427 588 3471 tur.
623 3422 686 3472 Et
710 3423 836 3488 quid

483 3489 653 3541 dicunt
677 3491 699 3540 ?
729 3490 902 3557 Pater,

482 3557 647 3611 libera
678 3576 761 3613 me
787 3562 854 3615 de

482 3627 622 3682 hanc
651 3629 778 3682 hora
805 3648 819 3683 :

484 3699 578 3753 sed
604 3699 726 3752 ideo
757 3702 877 3754 veni

483 3769 535 3822 in
570 3768 707 3823 hanc
736 3770 947 3825 horam.

478 3838 569 3896 28.
602 3839 778 3907 Pater,
806 3842 826 3872 ¹
858 3842 1077 3897 honori-

1317 564 1411 616 ﬁca
1442 578 1634 616 nomen

1316 640 1483 686 tuum.
1507 632 1675 704 Venit,

1315 708 1491 755 autem
1522 718 1621 757 vox

1313 771 1381 824 de
1410 773 1591 830 Curiis.
1627 772 1708 826 di-

1312 856 1441 895 cens
1462 858 1480 894 :
1511 842 1573 895 Et
1605 843 1769 897 hono—

1315 910 1536 976 riﬁcavi,
1563 922 1615 964 et
1641 912 1743 966 ite-

1314 996 1429 1033 rum
1454 980 1706 1035 honoriﬁ-

1313 1051 1463 1103 (tabo.

1313 1119 1401 1173 29.
1428 1119 1625 1185 Turba,
1657 1136 1793 1187 quae

1314 1190 1510 1250 stabat,
1542 1197 1594 1242 et
1619 1192 1798 1244 audie-

1314 1258 1422 1324 bat,
1452 1260 1659 1313 dicebat
1685 1278 1697 1315 :
1722 1260 1826 1315 To-

1314 1330 1485 1381 nitrun
1511 1329 1531 1359 ³
1554 1330 1705 1383 facta:

1311 1410 1451 1451 sunt.
1480 1398 1584 1454 Alii
1606 1400 1751 1455 dice-

1310 1468 1437 1522 bant
1460 1487 1472 1521 :
1506 1470 1740 1538 Angelus

1311 1546 1394 1591 est
1418 1539 1489 1591 illi
1522 1539 1748 1594 locutus.

1313 1608 1398 1662 '50.
1424 1608 1716 1673 Respondit
1743 1610 1922 1677 Jesus,

1309 1687 1363 1730 et
1383 1678 1517 1731 dixit
1541 1677 1683 1732 illis:

1308 1746 1425 1799 Non
1455 1756 1670 1813 propter

1310 1830 1394 1869 me
1424 1831 1521 1869 νυι
1556 1830 1687 1871 haec

1309 1885 1473 1955 venit.
1502 1885 1594 1938 sed
1624 1900 1780 1955 [πορ-

1307 1954 1395 2008 51.
1429 1965 1508 2009 ter
1533 1968 1648 2010 vos.
1682 1957 1830 2013 Nunc

1301 2024 1560 2092 judicium

1304 2107 1386 2150 est
1408 2095 1565 2160 hujus
1592 2109 1743 2151 mune

1300 2164 1354 2218 di
1380 2182 1391 2217 :
1428 2181 1565 2219 nunc
1594 2165 1743 2221 Prin-

1302 2249 1430 2301 ceps
1459 2235 1612 2301 hujus
1634 2253 1787 2293 mun-

1302 2304 1356 2357 di
1380 2305 1604 2358 mittitur

1302 2375 1389 2427 52.
1406 2374 1583 2447 Δίὐιηειε.
1613 2375 1727 2447 Ego
1755 2390 1876 2431 cum

1301 2445 1557 2497 exaltatus

1305 2512 1451 2568 fuero
1483 2516 1546 2567 de
1578 2524 1683 2570 ter-

1301 2598 1380 2647 ra,
1406 2585 1585 2643 omnia
1615 2594 1719 2639 tra-

1302 2653 1422 2706 ham
1447 2653 1645 2717 adme.

1300 2724 1387 2776 55.
1419 2723 1554 2795 (ilth
1581 2736 1754 2782 autem
1779 2724 1860 2782 di-

1270 2860 1273 2865 v
1301 2794 1487 2865 gebat,
1501 2794 1662 2863 gigni-

1304 2862 1468 2917 iicans
1488 2862 1590 2933 qua
1620 2881 1760 2919 mor-

1304 2940 1357 2986 te
1381 2944 1495 2986 erat
1520 2938 1685 2992 ιω)ῐὶ-
1744 2977 1751 2983 .

1306 3002 1500 3071 turns.)

1303 3072 1394 3126 54.
1426 3071 1719 3141 Respondit
1742 3072 1807 3128 il-

1304 3141 1341 3194 li
1373 3144 1520 3194 turha
1542 3140 1557 3194 t
1590 3140 1695 3196 Nos

1303 3212 1598 3265 audivimus

1303 3284 1556 3351 scriptum
1586 3282 1638 3335 in

1302 3350 1436 3419 lege.
1462 3354 1537 3433 (li)
1566 3351 1706 3421 quod
1742 3350 2047 3423 'j'Christus

1302 3432 1480 3476 manet
1508 3432 1559 3475 In

1302 3503 1577 3545 aeternum
1610 3510 1624 3545 τ

1303 3575 1350 3613 et
1381 3562 1649 3628 quomodo

1304 3638 1357 3683 tu
1388 3632 1521 3685 dicis
1551 3650 1563 3683 :
1590 3632 1741 3697 Quod

1300 3710 1512 3766 Oportet
1535 3704 1679 3755 exal—

1304 3771 1400 3843 tari
1421 3770 1616 3843 filium

1302 3839 1568 3894 hominis?
1594 3839 1696 3907 Qui

2588 472 2826 543 ¹(30οΕὶὶ
2863 461 3306 531 VERONENSIS.

2158 565 2344 619 dicunt
2368 565 2432 618 ad

2157 634 2358 690 Jesnm.

2157 703 2246 758 25.
2277 704 2435 758 Jesus
2458 712 2636 760 autem

2157 773 2432 837 respondit
2460 775 2558 838 eis,

2156 843 2376 897 dicens:
2410 842 2567 897 Venit

2160 913 2310 977 hora,
2344 925 2401 967 ut
2430 912 2589 967 clari-

2158 982 2345 1035 ﬁcetnr
2378 982 2543 1037 Filius

2159 1050 2410 1105 hominis.

2156 1121 2247 1175 ‘24.
2282 1127 2469 1187 Amen,
2500 1136 2654 1177 auten

2158 1191 2279 1243 dico
2310 1192 2479 1252 vobis.

2156 1260 2259 1312 nisi
2285 1276 2504 1323 granum

2158 1332 2315 1383 tritit-i
2345 1332 2544 1386 cadens

2156 1399 2209 1452 in
2232 1409 2446 1465 terram,
2478 1416 2620 1456 mor-

2157 1477 2299 1522 tuutu
2331 1469 2509 1533 fuerit,

2154 1537 2243 1591 “25.
2275 1540 2445 1606 ipsuut
2472 1542 2644 1594 solum

2157 1617 2367 1669 manet;
2396 1611 2438 1661 si
2467 1624 2561 1662 au-

2157 1686 2263 1729 tem
2294 1688 2558 1732 mortuum

2155 1745 2332 1809 fuerit,
2368 1750 2585 1800 multum

2156 1817 2380 1869 fructum
2410 1816 2632 1870 adferet.

2155 1883 2253 1951 Qui
2285 1897 2421 1938 amat
2448 1886 2560 1939 nni-

2156 1971 2293 2009 tnam
2325 1971 2472 2009 suam
2502 1957 2554 2009 in
2589 1956 2688 2011 hoc

2157 2025 2374 2086 mundo,
2410 2026 2593 2093 perdet

2152 2108 2271 2149 eam
2298 2111 2312 2146 :
2344 2107 2394 2148 et
2422 2098 2507 2164 qui
2541 2096 2653 2149 odit

2151 2166 2382 2218 animum
2408 2181 2557 2220 suam

2154 2234 2205 2287 in
2237 2236 2335 2289 hoc
2364 2252 2520 2289 mun—

2152 2304 2243 2369 do,
2267 2306 2316 2358 in
2346 2307 2509 2359 vitam

2151 2385 2422 2428 aeternam
2446 2391 2537 2429 Cll-

2150 2444 2316 2496 stodit
2344 2461 2480 2497 eam.

2150 2511 2240 2593 εεξ.
2342 2515 2461 2584 quis
2490 2513 2618 2568 mihi

2150 2594 2436 2644 mlulstt‘at.
2465 2599 2546 2639 se-

2148 2664 2338 2720 quatur
2361 2669 2445 2709 me
2472 2673 2485 2709 :

2145 2731 2201 2776 et
2227 2724 2315 2778 ubi
2342 2739 2442 2790 ego

2146 2805 2287 2855 sum,
2321 2795 2431 2847 illic

2147 2869 2202 2915 et
2226 2863 2472 2917 Iliiztislcl’

2148 2946 2299 2986 mens
2324 2935 2445 2986 erit.

2147 3001 2201 3054 Si
2224 3002 2344 3069 quis
2366 3012 2542 3055 autem

2148 3071 2278 3123 mihi
2308 3073 2573 3124 ministra-

2152 3140 2310 3205 berit,
2340 3141 2512 3193 hono-

2149 3210 2191 3263 ri
2202 3210 2372 3263 llcabh
2403 3225 2525 3265 eum

2149 3278 2323 3334 Pater.

2148 3351 2238 3403 27.
2279 3349 2427 3403 Nunc
2449 3350 2627 3405 anima

2149 3435 2267 3473 mea
2300 3422 2561 3475 turbatur.

2152 3491 2219 3545 Et
2248 3490 2370 3557 quid
2400 3490 2478 3542 di-
2573 3531 2575 3533 .

2149 3561 2307 3615 eam?
2333 3565 2507 3624 l'ater.

2151 3631 2391 3682 salviﬁcn
2416 3645 2501 3685 me

2150 3700 2308 3752 Pater
2329 3715 2394 3753 ex
2420 3701 2520 3754 hac

2153 3766 2285 3820 hora
2308 3783 2322 3817 :

2153 3835 2247 3889 sed
2279 3844 2559 3905 propterea

1774 3969 2002 4027 CODEX
2042 3967 2429 4023 BRIXIANUS.

2975 565 3096 620 veni
3124 566 3175 619 in
3202 567 3385 620 horam

2974 636 3153 689 istam.

2972 704 3063 760 28.
3103 705 3279 770 Pater,
3310 704 3546 761 clariﬁca

2975 784 3121 829 tuum
3152 789 3368 829 nomen.

2973 844 3135 899 Venit
3162 859 3289 913 ergo

2979 928 3082 968 vox
3110 913 3175 968 de
3195 913 3378 968 caelo:

2980 982 3049 1038 Et
3066 982 3375 1044 clariﬁcabi.

2976 1063 3031 1108 et
3060 1054 3247 1106 iterum
3279 1053 3394 1107 cla-

2975 1121 3215 1179 tilicabo.

2976 1192 3065 1246 29.
3105 1191 3279 1246 Turba
3303 1205 3455 1262 ergo,

2971 1277 3106 1333 quae
3126 1262 3323 1333 stabat,

2971 1331 3025 1385 et
3052 1331 3319 1393 audiebat,

2972 1400 3256 1457 dixerunt:
3278 1400 3351 1470 (η)
3382 1399 3487 1456 Το-

2972 1474 3206 1525 nitrnum
3238 1471 3433 1525 factum

2970 1550 3053 1596 est
3078 1542 3139 1610 σξη
3170 1540 3272 1594 Alii
3298 1541 3381 1593 di-

2970 1612 3160 1665 cebant
3186 1628 3198 1664 :
3229 1610 3405 1678 Auge:

2971 1682 3057 1735 lus
3088 1682 3135 1735 ei
3162 1682 3371 1735 locutus

2971 1759 3076 1805 est.
3176 1770 3188 1784 '

2969 1821 3057 1874 50.
3099 1817 3395 1885 Respondit
3420 1815 3599 1883 Jesus,

2968 1900 3021 1943 et
3044 1888 3174 1942 dixit
3202 1905 3213 1940 :
3240 1886 3355 1940 Non

2970 1968 3187 2025 ,ποριεῖ
3210 1971 3295 2009 me

2969 2042 3070 2082 vox
3103 2029 3234 2081 haec
3255 2025 3419 2088 venit,

2966 2098 3061 2151 sed
3090 2104 3306 2166 propter
3325 2110 3439 2148 vos.

2968 2169 3055 2223 51.
3092 2165 3508 2235 Nunejuditium

2967 2248 3050 2294 est
3078 2236 3260 2291 mundi
3287 2255 3300 2290 :

2970 2323 3110 2362 nunc
3139 2307 3396 2376 Princeps

2968 2378 3147 2432 tnundi
3173 2377 3329 2432 huius

2966 2449 3205 2501 mittetur
3227 2449 3387 2500 deor-

2967 2517 3056 2572 32.
3096 2531 3251 2569 sum-
3270 2515 3337 2569 Et
3362 2527 3462 2585 ego

2967 2588 3011 2641 si
3038 2588 3302 2641 exaltatus

2968 2672 3064 2711 ero
3092 2672 3119 2708 a
3145 2666 3305 2717 terra,

2969 2728 3147 2781 omnia
3174 2725 3379 2779 traham

2968 2795 3055 2850 33.
3096 2796 3160 2848 ad
3190 2810 3293 2848 me.
3324 2793 3435 2847 Hoc

2966 2874 3142 2919 autem
3174 2864 3406 2925 dicebat.

2968 2931 3272 3003 signiﬁcans
3298 2946 3399 2998 qua

2969 3012 3141 3059 morte
3167 3011 3313 3059 8586i.

2970 3074 3282 3126 morituros.

2969 3142 3058 3195 34.
3098 3137 3397 3209 Respondit

2969 3212 3016 3265 ei
3064 3211 3216 3263 turba
3246 3226 3258 3262 :

2967 3281 3074 3336 Nos
3098 3280 3399 3334 audivimus

2974 3366 3039 3405 ex
3069 3351 3206 3419 lege,
3240 3346 3470 3419 (b)~quia
3496 3344 3535 3415 j-

2970 3422 3213 3475 Cbrisms
3242 3426 3427 3473 manet

2966 3492 3021 3545 in
3054 3500 3332 3549 aeternum
3358 3505 3372 3541 :

2966 3569 3025 3615 et
3044 3561 3319 3615 uuomodo

2971 3576 3025 3615 ει
3090 3576 3319 3614 uomono

2971 3640 3027 3685 tu
3044 3576 3222 3685 ilicis:
3254 3628 3390 3697 Quia

2970 3708 3185 3767 oportet
3219 3697 3367 3753 exal-

2975 3772 3072 3823 tari
3105 3769 3298 3823 Filium
3329 3768 3427 3820 hoc

2976 3839 3167 3894 minis?
3200 3839 3331 3905 Quis

481 4088 729 4142 dixerunt
778 4092 843 4144 ad
912 4092 1091 4146 Je<um
1159 4092 1315 4147 Jesus
1371 4101 1567 4145 autem.
1638 4086 1911 4155 respondit
1966 4084 2043 4138 eis

479 4158 681 4211 dicens.
735 4160 891 4214 Venit
952 4165 1079 4215 hora
1139 4174 1197 4215 ut
1261 4163 1581 4216 clarilicetur
1640 4159 1804 4212 Filius
1875 4156 2045 4209 homi-

482 4230 585 4281 nis.
648 4231 812 4283 Amen
868 4248 1020 4285 amen
1073 4234 1192 4285 dico
1245 4234 1393 4285 vobis
1445 4231 1546 4285 nisi
1587 4244 1809 4297 granum
1862 4226 2042 4281 ιῐὶιίεῖο

481 4298 680 4350 eodeus
718 4300 767 4349 in
808 4309 1000 4353 terram
1032 4316 1293 4356 mortuum
1324 4304 1496 4354 tuerit.
1544 4302 1711 4369 ipsum
1753 4299 1921 4352 Solum
1964 4313 2047 4348 re-

481 4381 681 4421 manet.
733 4372 774 4419 si
829 4380 1006 4422 autem
1053 4384 1313 4424 mortuum
1360 4371 1517 4423 fuerit
1552 4372 1773 4422 multum
1822 4372 2044 4418 fructum

482 4438 656 4491 all'ert.
674 4438 769 4504 Qui
796 4449 937 4489 :unat
960 4441 1186 4490 animum
1208 4456 1352 4491 suam
1379 4441 1561 4507 perdet
1590 4454 1729 4491 eam.
1753 4444 1807 4489 et
1830 4437 1920 4503 qui
1938 4435 2047 4485 odit

481 4510 718 4561 animam
756 4524 904 4559 suum
938 4510 984 4560 in
1015 4510 1335 4573 hociunndo
1360 4510 1409 4560 in
1449 4510 1611 4559 vitam
1640 4514 1914 4557 aeternam
1951 4518 2041 4554 cn-

481 4578 645 4631 stodit
686 4595 825 4632 eam.
860 4579 1037 4643 Siquis
1065 4578 1188 4629 Itiiill
1240 4577 1523 4629 ministrat.
1560 4582 1959 4643 tneiseqnatur.
1990 4582 2041 4643 et

484 4649 569 4720 ubi
598 4665 711 4701 sunt
735 4665 835 4717 ego
864 4639 968 4700 illic
993 4659 1047 4701 et
1069 4649 1314 4701 minister
1347 4661 1495 4699 meus
1528 4655 1631 4720 est.
1659 4642 1725 4695 Et
1745 4641 1914 4720 siquis
1946 4639 2045 4720 mi-

483 4714 536 4767 hi
568 4711 965 4772 ministraverit.
990 4720 1361 4773 honorilicavit
1383 4732 1505 4771 eum
1536 4713 1709 4768 Pater.
1742 4711 1895 4766 Nunc
1930 4712 2045 4762 ani-

484 4798 734 4858 ma‘tnca.
772 4791 978 4843 turbata
1006 4800 1107 4844 est.
1144 4790 1211 4842 Et
1240 4788 1367 4858 quid
1391 4789 1583 4858 dicam.
1619 4786 1775 4858 Pater
1795 4783 1937 4858 salva
1961 4795 2045 4834 uie

484 4866 553 4908 ex
584 4852 682 4909 hac
723 4857 875 4913 hora.
926 4860 1030 4915 Sed
1070 4851 1351 4931 propterea
1389 4856 1531 4914 veni.
1562 4856 1617 4911 in
1646 4854 1833 4910 horam
1886 4851 2041 4904 hanc.

2144 4082 2309 4145 Pater
2329 4080 2561 4135 clarifica
2587 4095 2777 4135 nomen
2809 4088 2974 4134 tuum.
2996 4079 3151 4134 Venit
3178 4094 3305 4144 ergo
3333 4093 3437 4133 vox
3461 4079 3529 4132 de
3547 4078 3721 4134 caelo.

2148 4154 2215 4208 Et
2240 4153 2545 4206 t-larilicavi.
2574 4162 2628 4205 et
2654 4153 2842 4205 iterum
2868 4151 3192 4204 clarilieuvo.
3222 4148 3399 4204 Turba
3424 4163 3552 4215 ergo
3580 4164 3725 4213 uitae

2147 4224 2319 4278 Sl:tl).tt
2346 4235 2395 4275 ιιι
2428 4225 2687 4275 audierat.
2721 4222 2929 4274 dicebat
2973 4218 3286 4273 Tonitruum
3323 4218 3522 4271 factum
3573 4231 3720 4271 esse.

2148 4294 2254 4348 Alii
2283 4294 2551 4347 dicebant.
2583 4292 2815 4361 Angelus
2841 4296 2886 4343 ei
2920 4291 3127 4345 loeutus
3170 4300 3273 4361 est.
3306 4287 3601 4361 Respondit
3630 4285 3726 4338 Je-

2150 4379 2261 4416 su<.
2300 4376 2352 4416 et
2380 4366 2530 4417 dixit.
2568 4358 2691 4416 Non
2724 4372 3058 4435 [‘DI‘OPIACI‘AIIIC
3104 4375 3207 4414 vox
3239 4360 3394 4435 haee
3420 4358 3556 4409 facta
3611 4364 3719 4435 est.

2154 4434 2245 4485 sed
2298 4445 2513 4500 prepter
2560 4448 2653 4484 vos
2703 4426 2851 4485 Nunc
2874 4433 3133 4499 judicium
3181 4438 3277 4500 est
3306 4426 3720 4500 hIIjIISMIIIlIltdi.

2148 4496 2570 4567 ttuoc'l’rnit-eps
2597 4502 2753 4569 huth
2780 4496 2962 4555 mundi
2988 4501 3210 4555 o-icietur
3255 4498 3419 4569 foras.
3456 4496 3650 4569 Etegu
3676 4496 3722 4548 si

2148 4572 2412 4623 ex:tltatus
2465 4566 2615 4622 fuero
2670 4566 2699 4622 a
2753 4580 2915 4623 terra.
2972 4572 3149 4625 omnia
3203 4568 3411 4621 trahant
3476 4566 3541 4617 ad
3613 4582 3721 4617 me.

2150 4640 2259 4692 Iloe
2306 4649 2482 4691 autem
2534 4642 2762 4691 dicebat.
2818 4640 3146 4707 signiﬁcans.
3193 4654 3294 4707 qua
3347 4644 3523 4690 morte
3572 4647 3723 4707 esset

2149 4711 2458 4762 moriturus.
2489 4710 2779 4773 Respondit
2801 4711 2849 4763 ei
2883 4706 3059 4763 turba.
3084 4708 3191 4762 Nos
3212 4706 3507 4761 audivimus
3532 4721 3599 4760 ex
3644 4706 3723 4769 le,-

2148 4794 2233 4846 ge.
2260 4778 2333 4848 (b)
2358 4780 2478 4847 quia
2501 4779 2536 4847 -ῖ
2553 4779 2797 4832 Christus
2817 4788 2996 4833 manet
3015 4780 3067 4832 in
3086 4789 3360 4848 aeternum
3381 4789 3432 4832 et
3450 4775 3723 4848 quomodo

2149 4858 2208 4903 tu
2237 4846 2389 4904 dicis.
2416 4846 2546 4916 Quia
2578 4856 2787 4919 oportet
2828 4849 3048 4903 exaltari
3076 4847 3269 4903 Filium
3292 4847 3547 4902 hominis.
3589 4846 3724 4913 Quis

1745 4964 1977 5024 CODEX
2010 4964 2469 5023 CORBEIENSIS.

549 5085 638 5139 2-4.
669 5085 766 5139 nisi
796 5100 1015 5155 granum
1048 5088 1225 5155 tritici,
1253 5098 1357 5143 etc.

548 5157 642 5212 27.
672 5155 849 5223 Pater,
875 5156 1041 5212 libera
1081 5172 1166 5211 me
1190 5172 1255 5212 ex
1280 5158 1379 5214 hac
1406 5161 1555 5215 hora.

2228 5080 2318 5134 29.
2345 5094 2482 5149 quae
2524 5076 2719 5142 stabat,
2761 5076 3007 5149 dicebat:
3041 5077 3357 5149 Tonitruum
3385 5075 3583 5149 factum
3610 5084 3718 5133 est.

2224 5149 2314 5205 51.
2349 5147 2488 5205 nunc
2512 5149 2765 5218 Princeps
2786 5148 2965 5204 mundi
2988 5147 3226 5204 mittetur
3247 5148 3517 5205 deorsum.

1709 5293 2095 5351 VARIANTES
2131 5290 2522 5347 LECTIONES.

543 5415 560 5446 ί
596 5416 717 5464 Mm.
743 5420 795 5464 et
816 5414 900 5476 qui
924 5411 1192 5476 perdiderit
1213 5414 1433 5462 animam.
1466 5411 1608 5477 Vulg.
1636 5421 1687 5463 et
1707 5415 1789 5476 qui
1820 5411 1923 5461 odit
1943 5411 2045 5459 aui—

480 5487 649 5589 mam}!
653 5550 717 5587 nt.
738 5536 943 5587 clariﬁca
959 5536 1135 5588 Filium
1148 5541 1301 5605 tuum.
1326 5533 1469 5599 Vulg.
1482 5534 1685 5585 clariﬁca
1702 5547 1874 5586 nomen
1892 5541 2045 5583 tuum.

2216 5408 2235 5439 ³
2269 5407 2373 5456 θαι.
2398 5408 2570 5457 factum
2594 5404 2841 5469 :Angelus
2873 5406 3001 5456 enim
3036 5405 3102 5457 ei.
3129 5398 3276 5467 Vulg.
3300 5402 3493 5453 factum.
3514 5396 3611 5448 Alii
3642 5396 3720 5448 di-

2152 5469 2327 5518 cebant
2352 5486 2362 5520 :
2382 5470 2599 5532 Angelus
2617 5470 2684 5517 ei.

728 5699 732 5703 .
1791 5633 2153 5693 BLANCHIM
2186 5635 2407 5693 ΝΟΤΕ.

573 5755 646 5827 (α)
672 5755 745 5813 Ita
767 5765 819 5814 et
844 5756 963 5815 cod.
988 5756 1380 5836 Caut.,’p,oom}
1402 5757 1613 5831 γέγονεν.
1646 5751 1811 5812 Favet
1828 5748 2205 5811 Vercellensis.
2242 5778 2313 5794 —
2349 5750 2423 5823 (b)
2463 5748 2623 5809 Addit
2662 5750 2812 5821 quia,
2852 5748 3011 5806 etiam
3041 5756 3150 5805 ιιι.
3187 5742 3281 5804 Gr.
3310 5740 3409 5804 ὅτι.
