3898 6424
430 3406 437 3411 ,
523 3362 610 3415 cui
640 3377 738 3428 ego
766 3360 958 3415 intinc-

523 368 619 423 451

914 479 1145 539 CODEX
1186 481 1729 538 VERCELLENSIS.

439 615 452 631 .
527 574 1143 643 q...mmi..e-
1342 573 1871 637 27.'Et,utacce-

525 660 607 711 ru,
652 659 739 700 me
773 660 801 698 a
838 650 867 715 ξ.
908 683 924 699 .
967 684 981 699 .
1027 685 1041 700 .
1096 682 1111 697 .
1157 683 1172 699 .
1220 684 1232 697 .
1346 644 1422 712 pit
1450 657 1665 715 panem,
1696 643 1778 695 in-

1349 712 1746 767 travitiueum

527 785 739 853 accipit,
770 784 909 838 arci-
1342 784 1589 853 Satanas.

526 855 604 924 pit
628 849 748 909 cum
779 856 867 924 qui
1348 852 1488 924 Dicit
1516 852 1590 906 illi
1617 850 1775 924 .lesus
1807 867 1821 903 :
1843 849 1997 918 Quod

528 921 614 979 ine
641 921 810 977 ιηίμὶιξ
1346 922 1500 987 facis,
1534 924 1615 975 lac
1639 921 1780 976 cele-

522 993 610 1047 21.
657 994 792 1048 Haec
824 995 1031 1049 locutus
1342 992 1433 1047 28.
1477 994 1606 1045 rius.
1638 991 1805 1044 Nemo
1838 1006 1933 1045 au-

520 1074 597 1117 est
625 1063 798 1127 Jesus,
835 1074 887 1118 et
913 1076 1023 1119 tur-

523 1132 677 1187 batus
704 1143 786 1188 est
813 1134 865 1188 in

519 1205 709 1270 spiritu
740 1221 751 1255 :
781 1213 833 1257 et
861 1203 1053 1259 teStili-

520 1280 605 1326 tus
635 1282 739 1339 est,
766 1274 950 1343 dicens
980 1289 996 1327 :

521 1346 711 1404 Amen.
745 1358 901 1397 amen
925 1344 1006 1398 di-

522 1426 585 1465 co
612 1414 781 1475 Vobis,
810 1414 934 1481 quia

522 1496 658 1535 unus
686 1498 749 1536 CX
782 1498 879 1537 V0-

522 1551 604 1604 bis
631 1553 799 1606 tradet
830 1567 936 1607 me.

522 1619 611 1675 22.
655 1622 907 1693 Disvipuli
935 1637 1030 1677 au-

524 1701 628 1745 tem
659 1692 775 1760 ejus
805 1707 918 1747 res-

524 1761 791 1830 piciebant
814 1761 880 1816 ad

524 1832 773 1890 invicem.
804 1839 915 1884 stu-

525 1910 714 1967 pentes
731 1899 798 1953 de
820 1913 926 1965 quo

525 1969 615 2023 23.
658 1970 880 2023 diceret.
915 1967 1042 2021 Erat

525 2048 702 2092 autem
732 2053 941 2093 recum-

525 2108 657 2162 bens
685 2123 821 2162 unus

526 2192 591 2259 e_x
618 2178 890 2259 discipulis

528 2250 645 2315 ejus
674 2250 724 2301 in
753 2250 873 2301 sinu

525 2316 671 2380 Jesu,
706 2319 865 2372 etiam

525 2402 681 2450 quem
705 2388 885 2454 dilige—

525 2455 617 2511 ‘2i.
658 2457 749 2511 bat
778 2456 949 2511 Jesus.
980 2457 1140 2511 lunu-

525 2526 561 2596 it
592 2541 719 2596 ergo
748 2526 872 2596 huic

525 2594 708 2649 Sitnnu
741 2595 948 2663 Petrus,

525 2667 707 2719 dicens
736 2682 748 2717 :
782 2666 947 2722 luter-

523 2751 647 2804 ruga
676 2736 763 2804 qui
790 2746 893 2800 est,

522 2804 588 2858 de
616 2821 720 2873 qtto
748 2806 911 2860 dicit?

655 2874 989 2929 Recumbens

524 2958 653 3010 ergo
679 2944 766 2996 ille
793 2958 883 2997 su-

526 3028 616 3078 pra
647 3014 829 3079 pectus

524 3080 671 3145 .lesu,
701 3083 775 3134 ait
802 3082 873 3135 illi
908 3101 920 3135 :
951 3082 1193 3147 Domine,

522 3154 610 3218 qui
643 3151 759 3205 est?

520 3220 944 3293 26._Respondit
969 3236 1073 3293 er-

519 3305 587 3359 go
611 3290 736 3345 Jestt
762 3309 775 3343 :
806 3290 898 3344 Ille
922 3290 1023 3357 cst,

1346 1071 1451 1116 tem
1472 1078 1536 1115 ex
1567 1060 1669 1124 his,
1700 1059 1796 1130 qni

1343 1132 1750 1196 recuutbeliaut,

1342 1201 1631 1261 intellexit,
1658 1199 1785 1269 quid

1338 1269 1429 1325 29.
1471 1271 1548 1324 illi
1578 1268 1958 1329 dixeritrl’lo-

1338 1342 1493 1411 rique
1520 1341 1663 1393 enim

1338 1411 1736 1479 existimabant,

1336 1482 1458 1548 quia
1482 1479 1686 1548 loculos

1337 1547 1744 1612 babebatJuda.

1336 1633 1473 1688 quea
1502 1619 1636 1672 dixit
1678 1619 1751 1672 illi
1826 1619 1831 1625 '

1336 1689 1495 1744 Jesus
1523 1706 1536 1742 :
1567 1689 1633 1743 Ut
1660 1697 1887 1755 emeret,

1337 1774 1477 1826 quae
1504 1771 1757 1812 necessa-

1340 1829 1419 1881 ria
1445 1836 1599 1881 erant
1625 1827 1692 1880 ad

1341 1897 1484 1951 diem
1525 1897 1743 1951 Sollem-

1342 1980 1464 2020 nem
1490 1982 1505 2030 ;
1533 1976 1625 2018 aut
1650 1978 1706 2018 ut

1342 2035 1666 2103 pauperibus

1342 2106 1516 2159 daret.

1343 2175 1433 2229 30.
1477 2174 1546 2230 Ut
1572 2174 1781 2245 accepit
1803 2174 1964 2245 igitur

1343 2244 1434 2297 ille
1462 2259 1676 2311 panem,

1343 2313 1629 2368 confestim

1343 2386 1492 2437 exiit.
1528 2384 1658 2437 Erat
1684 2399 1779 2438 atto

1341 2454 1427 2508 51.
1472 2463 1583 2508 tem
1617 2470 1741 2509 nox.
1769 2453 1903 2510 Cum

1341 2538 1468 2593 ergo
1495 2526 1716 2588 exisset,

1338 2593 1466 2647 dicit
1494 2593 1650 2648 Jesus
1682 2611 1698 2648 :

1336 2663 1489 2717 Nunc
1516 2663 1749 2718 honora-

1338 2741 1421 2804 tus
1441 2744 1535 2804 .est
1563 2734 1729 2787 Filius

1335 2801 1604 2869 hominis;
1647 2812 1701 2857 et
1732 2802 1872 2859 Deus

1336 2873 1521 2927 honori
1531 2874 1654 2927 lica-

1337 2954 1420 2994 tus
1448 2951 1529 2998 est
1560 2946 1610 2995 in
1640 2943 1749 2995 illo.

1335 3012 1424 3064 '52.
1468 3013 1536 3065 Et
1563 3013 1702 3066 Deus
1730 3013 1950 3069 honori-

1338 3079 1517 3132 ﬁcavit
1544 3097 1669 3134 eum

1338 3151 1390 3202 in
1422 3152 1557 3217 ipso,
1589 3160 1647 3203 et
1671 3163 1803 3206 con-

1334 3219 1515 3273 festim
1543 3220 1715 3273 Itono-

1335 3289 1560 3343 rilicabit
1587 3303 1732 3343 eum.

1334 3359 1424 3434 ᾖξ’».
1466 3359 1689 3434 Filioli,
1737 3359 1912 3418 adhuc
1959 3377 2080 3434 pus-

1333 3430 1486 3483 illum
1511 3430 1696 3483 vobis-

1335 3514 1454 3553 cum
1492 3514 1632 3553 sum.
1664 3498 1839 3567 Quac-

1333 3569 1451 3641 ritis
1480 3585 1597 3641 me;
1622 3580 1677 3624 et
1699 3586 1885 3641 quent-

1333 3640 1618 3694 admodum

1332 3708 1443 3761 dixi
1467 3708 1685 3764 Judaeis
1714 3726 1728 3762 :
1757 3750 1762 3755 .

1334 3778 1468 3842 Quia
1495 3779 1586 3832 ubi
1612 3794 1729 3833 sum

522 3440 632 3483 tum
663 3444 852 3497 panem

562 3514 834 3554 orrexero.

551 3571 740 3623 utiuxit
768 3584 854 3623 er-

520 3655 587 3708 go
611 3655 822 3707 panem,
851 3650 905 3695 et
930 3708 933 3709 ν

520 3710 736 3763 tradidit
758 3709 851 3764 Ju—

518 3781 619 3834 dae
647 3779 915 3836 Scarioth.

1053 365 1317 426 EUSEBII
1357 364 1691 443 vsncsLL.
1734 364 2174 425 EVANGELIUM
2212 367 2350 427 cum
2387 369 2611 428 vanus
2648 369 2801 429 con.
2838 351 3223 447 council.

3673 371 3773 429 452

2630 483 2857 542 CODEX
2894 485 3337 550 VERONEPISIS.

3024 578 3228 646 accepit
3252 590 3464 648 panem,

3024 648 3262 702 introivit
3279 649 3329 703 in

3022 732 3144 773 eum
3168 717 3410 773 Satanas.

3021 787 3157 860 Dicit
3183 786 3260 859 (α)
3285 788 3415 860 ergo
3448 787 3492 860 1'
3538 844 3542 848 .

2205 576 2424 640 misero,
2455 590 2542 631 me

2204 648 2399 715 accipit
2429 661 2444 700 :
2471 646 2584 716 qui

2203 726 2381 770 autem
2419 731 2504 770 me
2530 730 2615 772 30'

2201 784 2353 854 cipit,
2380 784 2574 854 accipit

2201 868 2347 926 eum,
2378 857 2468 925 qui
2495 869 2581 910 me
3022 858 3070 912 ei
3092 857 3278 912 Jesus:
3308 857 3464 926 Quod

2200 925 2365 979 misit.
2506 984 2515 987 ν
3022 926 3172 990 facis,
3200 926 3283 981 fac
3310 925 3400 987 ce-

2198 992 2289 1048 21.
2333 994 2475 1063 Haec
2498 1008 2620 1049 cum
2646 992 2729 1056 di-
3018 997 3107 1053 28.
3149 996 3331 1053 terius.
3361 996 3475 1061 Hoc
3494 1013 3594 1063 att-

2201 1067 2365 1120 xisset
2382 1062 2561 1130 Jesus,
3022 1077 3127 1122 tem
3153 1082 3311 1124 nemo

3017 1138 3140 1192 sciit
3165 1136 3404 1191 discum-

3016 1206 3277 1278 bentium,
3304 1206 3432 1278 quid

3017 1277 3215 1331 dixerit
3244 1278 3318 1333 ei.

3013 1346 3105 1402 29.
3145 1346 3373 1413 Quidam
3410 1346 3558 1415 enim

3014 1416 3293 1499 putabant,

3013 1485 3134 1557 quia
3173 1485 3379 1541 loculos

3012 1556 3241 1638 habebat
3266 1555 3457 1638 ludas,

3012 1628 3261 1698 quoniam
3284 1626 3417 1680 dicit

3013 1698 3066 1752 ei
3092 1695 3249 1753 Iesus
3278 1716 3292 1752 :
3325 1696 3459 1752 Eme

3013 1713 3066 1752 et
3092 1712 3249 1758 Iesus
3278 1716 3292 1752 ζ
3325 1712 3349 1759 ι

3014 1780 3099 1833 ea,
3119 1780 3257 1837 quae
3276 1764 3412 1837 opus
3459 1762 3468 1773 ⁸

3014 1835 3210 1890 suntin
3235 1835 3388 1889 vobis

2926 1948 2933 1952 ρ
3014 1906 3080 1959 ad
3101 1904 3242 1961 diem
3264 1904 3495 1972 festum;

3015 1984 3107 2029 aut
3137 1984 3195 2028 ut
3212 1974 3399 2029 caenis

3014 2044 3214 2114 aliquid
3241 2044 3415 2103 daret.

3016 2111 3122 2169 50f
3144 2111 3274 2167 Cum
3296 2127 3427 2183 ergo

3013 2185 3322 2253 accepisset
3339 2196 3432 2252 ριν

3011 2252 3159 2319 nem,
3187 2252 3353 2308 exivit

3009 2328 3284 2379 continuo.
3320 2320 3451 2376 Erat

3009 2406 3187 2450 autem
3219 2406 3345 2447 ηω.

3008 2464 3099 2519 51.
3139 2464 3272 2518 Cum
3298 2476 3431 2532 ergo

3008 2535 3232 2595 exisset.
3260 2532 3393 2587 dicit

3006 2604 3163 2659 Jesus
3190 2620 3203 2656 :
3242 2608 3300 2673 ὦ
3334 2600 3488 2656 Nunc

3007 2674 3328 2731 clztrillcatus
3350 2678 3437 2727 est

3006 2742 3173 2799 Filius
3202 2741 3436 2797 hominis
3458 2755 3474 2803 ;

3005 2822 3060 2868 et
3093 2815 3231 2868 Deus
3257 2812 3372 2866 cla-

3006 2884 3241 2939 riﬁcatus
3268 2888 3354 2937 est

3006 2953 3093 3007 5'2.
3133 2953 3186 3006 in
3204 2967 3292 3006 eo.
3316 2951 3384 3006 Et
3401 2950 3547 3006 Deus

3008 3020 3315 3102 clarificavii

3008 3106 3130 3146 eum
3159 3106 3211 3144 In
3231 3104 3319 3144 88-

3011 3162 3258 3228 metipso,
3282 3166 3339 3213 et

3009 3232 3261 3285 continuo
3282 3231 3397 3283 cla-

3009 3300 3239 3355 riﬁcabit
3259 3312 3403 3352 eum.

3008 3370 3097 3425 '55.
3140 3368 3339 3431 Filiuli,
3354 3364 3448 3420 δά·
3487 3404 3499 3409 -

2204 1136 2445 1189 turbatus
2470 1144 2556 1197 est
2582 1134 2589 1139 ’

2198 1206 2395 1273 spiritu
2427 1220 2440 1257 :
2469 1211 2524 1258 et

2197 1283 2522 1344 protestatus
2549 1278 2651 1338 est,

2197 1355 2252 1399 et
2273 1345 2407 1400 dixit
2432 1360 2445 1396 :

2197 1419 2391 1479 Amen,
2423 1427 2579 1469 ameu

2197 1485 2318 1539 dico
2344 1483 2516 1547 vobis,
2549 1481 2672 1550 quia

2196 1569 2333 1608 unus
2358 1569 2424 1609 ex
2454 1552 2609 1608 Vobis
2748 1561 2757 1565 ’

2198 1624 2370 1678 tradet
2400 1638 2503 1676 nte.

2195 1692 2287 1745 2‘2.
2328 1691 2675 1760 Aspiciebant

2197 1776 2327 1832 ergo
2350 1764 2417 1816 ad
2445 1764 2545 1832 alis

2199 1829 2362 1887 alium
2388 1829 2660 1898 discipuli,

2197 1905 2454 1965 esitantes
2478 1899 2547 1954 de
2571 1913 2679 1968 quo

2198 1972 2424 2026 diceret.

2198 2040 2290 2096 25.
2333 2041 2459 2095 Erat
2483 2053 2612 2109 ergo
2647 2052 2735 2095 re-

2197 2111 2458 2166 cumbens
2480 2123 2618 2164 unus

2196 2196 2263 2236 ex
2290 2180 2569 2250 discipulis

2195 2253 2314 2318 ejus
2343 2251 2392 2304 in
2423 2251 2547 2305 sinu

2195 2321 2343 2380 Jesu.
2374 2335 2531 2387 quem
2554 2319 2637 2374 di-

2193 2390 2391 2459 ligebat
2419 2390 2597 2444 Jesus.

2192 2460 2280 2519 24,
2320 2459 2499 2514 lunuit

2192 2545 2321 2599 ergo
2341 2530 2465 2585 huic

2191 2600 2377 2655 Simon
2403 2600 2616 2664 Petrus.

2189 2670 2400 2725 etdixit
2438 2670 2489 2725 ei
2518 2688 2531 2723 :
2557 2672 2659 2726 Dic

2228 2741 2310 2795 uis
2337 2741 2457 2794 est?

2228 2812 2278 2865 ὅ.
2318 2810 2519 2879 Itaque,
2551 2825 2671 2869 cum

2188 2881 2525 2935 recubuisset
2551 2881 2655 2936 ille

2188 2964 2350 3018 supra
2378 2960 2565 3018 pectus

2188 3018 2340 3083 Jesu,
2369 3020 2500 3073 dicit
2528 3020 2577 3073 ei
2606 3036 2618 3071 :

2191 3089 2438 3151 Domine,
2471 3090 2589 3152 quis

2187 3158 2279 3211 26.
2322 3159 2448 3211 est?
2474 3156 2773 3225 Respondit

2190 3226 2345 3281 Jesus
2371 3244 2382 3278 :
2411 3227 2507 3283 llle
2526 3236 2628 3292 est,

2190 3298 2277 3351 cui
2310 3297 2588 3351 intinctum

2190 3380 2382 3436 panem
2403 3382 2590 3437 porre-

2186 3451 2339 3491 xero.
3008 3438 3113 3493 huc
3139 3437 3408 3492 modicum

2188 3506 2258 3561 Et
2278 3522 2396 3561 cum
2424 3508 2587 3563 intin-
2903 3525 2908 3530 '
3009 3510 3283 3565 vobiscum

2188 3578 2354 3632 xisset
2369 3593 2585 3646 panem,
3009 3595 3149 3635 sum.
3181 3578 3357 3646 Quae-

2188 3646 2338 3700 dedit
2363 3648 2534 3704 Indae
3010 3651 3125 3704 ritis
3143 3664 3262 3713 me;
3284 3654 3343 3704 et

3009 3718 3147 3775 sicut
3167 3719 3275 3773 dixi
3306 3716 3400 3773 Ju—

3010 3789 3159 3845 d’aeis
3181 3791 3318 3855 τρυο
3341 3802 3410 3843 eo

2191 3717 2395 3771 Simoni
2427 3718 2559 3773 Sca-

2188 3785 2278 3838 27.
2320 3787 2512 3841 riotae.
2544 3787 2612 3841 Et
2639 3797 2697 3841 ut

1817 3892 2045 3948 CODEX
2081 3893 2474 3953 BRIXIANUS.

518 4002 674 4055 quem
720 4000 819 4055 ego
858 3985 1076 4040 misero.
1138 3999 1223 4039 me
1267 3984 1479 4055 accipit.
1528 3985 1621 4055 qui
1658 3993 1837 4039 autem
1873 4002 1958 4039 me
1996 4002 2086 4041 ac-

519 4054 667 4123 cipit.
716 4054 910 4125 accipit
954 4071 1073 4108 cum
1122 4054 1213 4124 qui
1257 4071 1341 4109 uie
1386 4055 1551 4109 misit.
1582 4054 1724 4108 Haec
1754 4070 1876 4109 cum
1919 4056 2086 4110 dixis-

522 4133 605 4177 set
650 4124 843 4178 Jesus.
870 4126 1109 4180 turbatus
1150 4136 1232 4179 est
1276 4127 1486 4193 spiritu.
1528 4135 1580 4179 et
1618 4135 1941 4193 protestatus
1978 4137 2079 4181 est.

524 4204 577 4243 ct
623 4196 772 4247 dixit.
828 4200 994 4249 Amen
1056 4212 1209 4249 nmen
1247 4196 1367 4249 (lien
1408 4196 1556 4250 vobis
1587 4237 1603 4259 ,
1662 4198 1782 4263 quia
1834 4212 1968 4250 unus
2014 4213 2081 4252 ex

526 4263 681 4335 vobis
722 4265 892 4317 tradet
928 4282 1013 4318 me
1077 4267 1416 4331 Aspiciebant
1452 4281 1581 4335 ergo
1608 4264 1675 4319 ad
1728 4268 1951 4335 invicem
1975 4267 2083 4320 dis-

526 4332 725 4403 cipuli.
780 4336 1091 4386 hesitantes.
1142 4337 1208 4389 de
1275 4350 1381 4403 quo
1422 4332 1651 4390 diceret.
1712 4333 1845 4389 Emt‘
1904 4352 2081 4391 autem

528 4400 875 4471 recumbens,
903 4417 1036 4471 unus
1081 4417 1147 4454 ex
1174 4400 1461 4471 discipulis
1496 4404 1614 4471 ejus
1654 4408 1704 4459 iu
1763 4408 1884 4461 sinu
1932 4407 2077 4461 Jesu.

523 4486 683 4538 quem
709 4470 956 4538 diligi-hat
980 4468 1152 4523 JeSus.
1172 4470 1486 4538 lunuitergo
1513 4468 1636 4524 liuic
1654 4473 1839 4525 Sininu
1867 4475 2078 4529 Petrus.

526 4552 577 4594 et
604 4540 735 4593 dicit
762 4542 828 4593 ci.
865 4538 1139 4605 Interroga
1168 4541 1286 4603 quis
1324 4550 1405 4590 est
1436 4540 1504 4590 de
1546 4557 1650 4605 quo
1681 4542 1827 4593 dicit.
1852 4544 2085 4596 Recum-

526 4612 657 4664 hens
686 4626 811 4673 ergo
838 4610 928 4661 ille
950 4623 1110 4675 super
1134 4618 1317 4678 pectus
1344 4607 1489 4659 Jcsu.
1520 4608 1593 4678 ait
1616 4608 1694 4667 illi
1721 4608 1945 4663 Domine
1967 4612 2083 4678 quis

525 4691 624 4734 est.
661 4679 953 4746 Resp-ludit
979 4678 1151 4731 Jesus.
1186 4677 1281 4730 llle
1310 4685 1411 4728 est.
1450 4676 1535 4728 cui
1561 4692 1658 4745 ego
1689 4676 2083 4741 iutinctum‘pa-

525 4766 646 4803 neut
677 4752 895 4804 dedero.
925 4747 989 4801 Et
1017 4762 1137 4801 cum
1168 4747 1471 4799 iutiuxisset
1502 4761 1710 4812 panem.
1742 4747 1892 4808 dedit
1917 4747 2086 4803 Judae

526 4821 729 4874 Simoni
751 4820 1047 4876 Scarinthe.
1076 4817 1141 4870 Et
1160 4827 1281 4886 post
1307 4831 1497 4885 panem
1524 4826 1823 4885 acceptum.
1855 4827 1978 4871 tunc
2009 4820 2087 4870 iu-

2193 3990 2356 4073 trahit
2385 3992 2435 4044 in
2465 4005 2585 4073 eum
2615 3991 2859 4073 Satanas.
2893 3991 3030 4073 Dicit
3054 3993 3103 4047 ei
3124 3992 3303 4073 legis.
3523 3991 3653 4073 facis
3679 3990 3756 4046 fac

2190 4061 2439 4115 celerius.
2467 4060 2579 4114 Hoc
2601 4071 2802 4116 autem.
2835 4076 2992 4116 nemo
3013 4060 3293 4116 intelleiit.
3322 4060 3393 4119 de
3417 4062 3757 4116 discumbeno

2192 4130 2351 4201 tibus.
2382 4146 2548 4201 quare
2574 4133 2768 4201 dixerit
2792 4134 2863 4201 ei.
2895 4132 3117 4199 Quidam
3145 4133 3285 4185 enim
3327 4131 3756 4201 putabant._quia

2188 4197 2418 4255 lnculuui
2458 4200 2687 4256 habebat
2710 4200 2895 4256 Judas.
2922 4197 3046 4270 quia
3075 4202 3299 4270 dixisset
3336 4200 3384 4251 ei
3415 4197 3575 4252 Jesus
3605 4199 3752 4252 Elite.

2189 4286 2251 4323 ea
2281 4286 2419 4338 quae
2448 4286 2583 4342 opus
2612 4284 2739 4325 sunt
2763 4268 3216 4342 nobisaddicm
3246 4268 3474 4342 festum.
3508 4278 3602 4321 aut
3632 4283 3753 4337 pau-

2193 4342 2409 4408 poribus
2437 4338 2500 4395 ut'
2518 4342 2715 4409 aliquid
2743 4340 2915 4395 daret.
2943 4340 3228 4409 Accipiens
3252 4338 3381 4407 ergo
3422 4338 3514 4392 ille
3546 4353 3752 4404 panem.

2192 4419 2447 4464 contmnn
2476 4412 2660 4465 exivit.
2698 4413 2820 4465 Erat
2847 4422 3023 4466 autem
3058 4428 3185 4464 nux.
3211 4410 3343 4462 Cum
3370 4422 3501 4478 ergo
3530 4412 3752 4478 exiSSet.

2188 4479 2325 4533 dicit
2341 4479 2514 4533 les-us.
2547 4480 2697 4536 Nunc
2725 4482 3048 4537 clarilicatus
3086 4493 3168 4535 est
3206 4478 3370 4532 Filius
3404 4475 3659 4531 hominis.
3703 4484 3753 4529 et

2189 4547 2329 4620 Deus
2356 4549 2675 4620 clariticatus
2702 4554 2861 4620 estin
2892 4567 2977 4605 eo.
3006 4552 3062 4605 Si
3099 4566 3227 4620 ergo
3255 4548 3397 4620 Deus
3427 4546 3750 4620 clariﬁc-itus

2187 4626 2271 4668 est
2299 4617 2349 4667 in
2377 4631 2461 4669 en.
2496 4619 2722 4681 etDetts
2760 4618 3070 4675 clarificavit
3114 4617 3233 4674 cum
3277 4618 3330 4671 in
3363 4618 3662 4684 semetip-o
3699 4622 3750 4667 et

2188 4686 2445 4757 continuo
2490 4687 2805 4757 clarilicavit
2849 4705 2991 4744 eum.
3034 4689 3211 4743 Filioli
3259 4688 3434 4742 adhuc
3482 4684 3776 4757 modicum.

2189 4755 2746 4826 t_eu_tporis_vobiscutn
2778 4772 2914 4814 sum.
2945 4760 3212 4826 Quaeritis
3240 4774 3345 4813 me.
3371 4766 3428 4812 et
3461 4760 3608 4813 sicut
3643 4752 3751 4811 dixi

2189 4820 2423 4876 Iudaeis.
2438 4823 2569 4889 Quia
2599 4826 2686 4879 ubi
2704 4840 2803 4897 ego
2818 4820 2972 4881 vado:

1747 4928 1972 4985 CODEX
2010 4930 2477 4995 CORBEIENSIS.

597 5041 690 5095 2t.
733 5042 975 5097 turbatus
1001 5049 1086 5096 est
1111 5041 1162 5096 in
1189 5042 1399 5111 spiritu.

599 5112 689 5164 25.
732 5126 885 5179 quem
908 5112 1159 5179 diligebat
1184 5112 1360 5164 valde.

597 5179 687 5232 24.
732 5181 905 5233 lunuit
933 5196 1059 5249 ergo
1086 5182 1135 5241 ei
1164 5181 1351 5234 Simon
1380 5180 1599 5248 Petrus,
1636 5190 1692 5244 et
1717 5181 1856 5237 dixit
1879 5182 1932 5237 ei
1958 5201 1972 5237 :
1995 5180 2085 5237 lu-

531 5257 742 5319 tcrroga
766 5252 886 5319 quis
910 5251 1037 5303 est?

594 5318 683 5373 25.
724 5318 1060 5374 Recutnbens
1085 5329 1260 5375 autem
1288 5319 1399 5375 ille.

2200 5045 2517 5169 ὤέξὶιιέρε
2538 5060 2716 5108 autem
2744 5065 2904 5109 nemo
2926 5048 3386 5109 discumbentium
3426 5053 3606 5122 scivit,
3636 5051 3758 5124 quid

2318 5160 2321 5161 ν
2454 5134 2489 5169 Ι.

2318 5134 2395 5168 ΡΙΊῑ
2419 5134 2489 5171 et.

2270 5184 2360 5237 52.
2404 5186 2469 5261 Et
2498 5188 2637 5261 Deus
2658 5191 2983 5261 rclarilicabit
3003 5209 3124 5250 eum
3153 5194 3205 5249 in
3228 5192 3521 5261 semetipso
3549 5200 3609 5247 et
3635 5206 3758 5247 conc

2200 5254 2349 5336 tiuuo
2384 5256 2696 5315 clariﬁcabit
2737 5277 2880 5319 eum.
2902 5267 3125 5336 omittit,
3167 5264 3225 5321 Si
3254 5263 3394 5319 Deus
3426 5254 3755 5318 'clariiicatus
3858 5302 3859 5307 η

2200 5333 2282 5377 cst
2307 5324 2359 5377 itt
2387 5340 2472 5379 eo.

1721 5444 2114 5501 VARIANTES
2150 5445 2546 5505 LECTIONES.

586 5540 602 5570 ι
639 5537 743 5587 Gal.
768 5537 829 5587 Et
851 5540 964 5587 tunc
984 5537 1216 5588 introivit.
1236 5539 1355 5588 Hm.
1393 5537 1454 5587 Et
1472 5543 1584 5607 post
1622 5539 1889 5591 buccellam
1914 5545 2188 5603 acceptam,
2209 5543 2438 5594 introivit.
2470 5543 2613 5615 Vulg.
2638 5544 2698 5608 Et
2717 5548 3123 5615 postbuccellam,
3145 5553 3380 5604 introivit.

1828 5666 2189 5726 BLANCHINI
2223 5670 2446 5730 ΝΟΤΕ.
