5170 6534
194 414 291 471 435

1152 402 1598 466 EVANGELIUM
1635 406 2001 467 SECUNDUM
2038 408 2450 476 JOHANNEMJ

536 580 537 583 η
566 520 797 579 CODEX
830 520 1366 579 VERCELLENSIS.

197 620 307 675 ego,
339 617 436 675 vos
456 616 562 675 non

195 674 408 745 potestis
430 674 580 726 veni—

194 760 281 799 re:
312 756 365 799 et
392 757 532 798 nunc
560 756 653 797 VO-

196 814 341 869 Lisdi
382 852 398 867 .
440 854 455 868 .
500 854 513 867 .

192 885 891 940 3t.....tum....

195 955 336 1007 vobis
362 954 450 1016 do,
489 962 546 1007 ut
570 952 654 1006 di-

194 1024 361 1092 ligatis
384 1024 632 1086 invicem,

195 1066 362 1165 ῖέἰέίιῖ
385 1066 657 1165 ἶὶιῖἒᾷξῖξ
690 1066 822 1149 dile-
880 1134 887 1140 .

191 1163 241 1219 xi
267 1178 361 1219 ros
376 1163 408 1227 ;‘
426 1167 499 1215 ita
522 1171 577 1215 et
596 1175 688 1216 vos

189 1234 417 1303 inligatis
441 1231 525 1286 in-

191 1302 275 1358 55.
292 1301 505 1358 ‘vicem.
539 1301 596 1356 tn
626 1301 725 1355 hoc

192 1374 213 1402 ²
237 1374 400 1427 scient
429 1385 614 1425 omnes

190 1443 311 1511 quia
336 1443 440 1497 mei
468 1439 628 1494 disci-

192 1512 297 1581 puli
318 1513 467 1573 estis,
499 1511 543 1563 si
572 1522 663 1565 ve-

189 1596 299 1635 ram
320 1582 561 1635 dilectio-

190 1665 307 1706 nem
335 1649 581 1704 habueri-

190 1721 255 1773 tis
275 1721 412 1773 inter
433 1734 547 1771 vos.

189 1788 274 1844 56.
307 1788 442 1843 Dicit
462 1788 538 1842 illi
566 1786 751 1843 Simon

187 1858 374 1913 Petrus
404 1876 417 1911 :
450 1857 693 1926 Domine,

185 1942 291 1998 quo
316 1928 495 1981 vadis?

187 1997 480 2068 Respondit
506 1997 661 2054 Jesus
685 2016 698 2051 :

186 2068 300 2137 Quo
323 2083 422 2137 ego
443 2069 597 2134 vado,
616 2116 621 2121 .

187 2135 209 2166 ³
234 2152 335 2191 n0n
362 2135 515 2207 potes
545 2151 687 2193 nunc

187 2221 271 2287 me
298 2211 443 2275 sequi
470 2224 485 2260 :
517 2222 706 2277 seque-

186 2291 260 2330 rts
289 2288 464 2331 autem
496 2292 617 2343 pos-

186 2346 274 2399 37.
315 2354 419 2399 tea.
453 2347 588 2399 Dicit
617 2344 693 2398 illi

186 2414 374 2469 Petrus
400 2432 413 2467 :
446 2418 518 2483 (c)
548 2413 770 2469 Domine
797 2414 835 2482 ’ξ-

186 2499 349 2553 qnare
369 2500 472 2538 non

188 2568 399 2622 possum
424 2564 473 2609 te
495 2569 579 2608 se-

185 2624 274 2694 qtti
300 2625 486 2677 modo?
511 2624 627 2679 ani—

185 2708 327 2747 mam
350 2708 520 2748 meam

186 2778 285 2830 pro
306 2772 358 2817 te
387 2778 595 2831 ponam.

186 2833 275 2887 38.
306 2832 602 2902 Respondit
625 2831 777 2890 Jesus
808 2849 822 2885 :

184 2902 429 2957 Animam
456 2914 536 2957 tu-

183 2988 272 3027 am
288 2988 397 3044 pro
419 2990 503 3028 me
526 2986 625 3044 po-

184 3043 304 3097 nis?

184 3111 375 3179 Amen,
404 3129 557 3170 amen

182 3183 307 3239 dico
332 3186 449 3245 tibi,
478 3200 583 3239 non

183 3254 333 3323 prius
359 3255 529 3323 gallus

182 3322 439 3389 Cantabil,
467 3322 564 3377 do.

180 3407 286 3447 nec
315 3403 370 3447 tu
386 3408 472 3448 me
502 3403 585 3449 ter

182 3463 437 3531 abneges.

181 3529 251 3583 Et
278 3529 355 3584 ait
378 3530 611 3599 discipu-

1003 612 1260 655 vestrutn.
1284 600 1306 631 "
1325 597 1456 655 Cre-

1000 670 1179 725 ditein
1209 671 1395 733 Deum,
1420 678 1476 724 et

1002 740 1056 795 in
1083 756 1168 795 me
1193 740 1367 794 credi-

1000 809 1055 863 2.
1099 811 1183 864 tis.
1228 810 1281 863 In
1310 809 1473 863 domo

1001 879 1171 933 Patris
1204 881 1310 934 mei

1003 949 1311 1003 mansiones

1002 1019 1200 1072 multae
1221 1027 1375 1081 sunt;

1002 1088 1289 1157 “,alioquin
1310 1088 1391 1142 di-

1002 1159 1199 1212 xissem
1226 1160 1396 1217 Vobis,

1002 1242 1088 1294 eo,
1107 1240 1158 1280 ut
1175 1242 1403 1296 praepa-

936 1328 939 1329 ν
1002 1311 1115 1352 rem
1142 1296 1297 1352 vobis
1322 1296 1402 1349 lo-

999 1368 1055 1422 3.
1094 1358 1235 1421 cuin.
1261 1366 1316 1420 Si
1343 1364 1490 1419 abice-

999 1449 1083 1499 ro,
1113 1444 1168 1489 et
1196 1435 1217 1465 °
1244 1449 1468 1505 praepa-

1002 1519 1190 1559 ravero
1212 1520 1308 1559 V0-

1002 1574 1105 1628 bis.
1128 1590 1341 1629 rursum

920 1642 928 1659 ’
1002 1644 1227 1707 veniam,
1252 1653 1308 1699 et

998 1704 1277 1768 adsumam
1302 1727 1398 1768 vos

996 1783 1063 1837 ad
1085 1798 1187 1846 me,
1213 1793 1267 1838 et
1293 1798 1393 1851 ego,

998 1853 1089 1908 ubi
1121 1868 1262 1918 sum,
1292 1865 1346 1908 et
1373 1867 1469 1907 vos

998 1921 1052 1993 ᾇ.
1085 1923 1222 1993 silis.
1257 1926 1322 1977 Et
1348 1938 1453 1991 quo
1480 1922 1563 1993 (ά)
1584 1937 1679 1979 va-

999 1991 1067 2062 do
1096 1992 1154 2062 1-,
1187 1995 1356 2048 nostis
1382 1994 1431 2045 vi

1001 2061 1054 2116 5.
1097 2061 1203 2116 am.
1230 2062 1367 2117 Dicit
1390 2062 1467 2116 illi

1000 2132 1279 2186 Thomas:
1310 2133 1554 2198 Domine,

1000 2204 1270 2255 nescimus
1312 2262 1313 2265 η

1000 2285 1106 2338 quo
1136 2271 1281 2326 vadis
1308 2288 1321 2323 :
1356 2286 1489 2340 quo-

1002 2341 1163 2394 modo
1188 2340 1256 2411 (e)
1291 2342 1310 2368 ⁷
1338 2344 1487 2395 novi-

1001 2424 1120 2463 mus
1139 2411 1178 2463 -l-
1208 2414 1383 2463 viam?

1000 2442 1185 2533 bitur—tit
1204 2442 1443 2534 i'lli'iltlasus
1465 2497 1479 2533 :
1502 2446 1615 2551 Ego
1637 2495 1753 2538 sum

1001 2550 1106 2613 via,
1132 2560 1186 2602 et
1215 2552 1356 2604 veri-

1000 2624 1103 2681 tas,
1134 2628 1188 2673 et
1213 2620 1340 2672 vita.
1368 2618 1473 2675 Ne-

1002 2703 1088 2740 mo
1113 2690 1262 2743 venit
1281 2690 1345 2742 ad

1003 2758 1234 2812 Patrem.
1269 2759 1367 2813 nisi
1398 2774 1496 2827 per

1003 2828 1055 2881 7.
1098 2844 1201 2899 me.
1226 2828 1279 2885 Si
1310 2845 1394 2883 me
1424 2844 1547 2899 cog-

1003 2898 1243 2964 novistis,
1278 2910 1332 2954 et
1350 2900 1447 2954 Pa-

1007 2976 1140 3023 trem
1170 2984 1349 3023 meum

1002 3040 1328 3106 cognovistis
1358 3056 1373 3097 :

999 3107 1108 3176 jam
1139 3123 1202 3162 ex
1236 3109 1338 3165 hoc

1005 3180 1176 3232 nostis
1198 3179 1368 3242 illum,

1004 3257 1058 3301 et
1078 3248 1288 3303 vidistis
1317 3250 1379 3303 il-

1006 3315 1139 3370 lum.

1004 3386 1058 3439 8.
1102 3386 1249 3440 Dixit
1276 3387 1354 3442 illi
1385 3386 1597 3457 Philip:

1004 3469 1104 3523 pus
1127 3471 1143 3508 :
1174 3457 1419 3521 Domine,
1450 3469 1542 3510 os-

1009 3524 1168 3578 tende
1194 3527 1347 3579 nobis

2280 520 2502 578 CODEX
2542 517 2991 574 VERONENSIS.

1858 616 1975 670 ego,
2010 616 2103 683 vos
2134 618 2238 683 non

1859 683 2083 739 poteStts
2109 686 2296 728 venire
2320 689 2333 724 :
2412 726 2413 729 η

1858 750 1913 795 et
1941 740 2092 795 vobis
2120 742 2240 794 dico

1804 822 1811 830 '
1856 810 2034 864 modo.

1856 879 1943 933 54.
1986 881 2317 944 Praeceptum
2336 893 2528 935 novum

1854 949 1923 1004 d0
1948 952 2119 1013 vobis,
2160 961 2214 1004 ut
2238 951 2321 1005 di—

1858 1021 2029 1088 ligatis
2061 1020 2307 1087 invicem,

1852 1090 1991 1144 sicnt
2020 1089 2094 1158 (a)
2128 1106 2225 1157 ego
2253 1089 2296 1159 -ι-

1853 1159 2010 1221 dichi
2042 1174 2163 1223 vos;
2196 1171 2253 1213 ut
2280 1168 2335 1213 et

1853 1243 1948 1283 vos
1970 1229 2205 1298 diligatis
2243 1230 2323 1283 in-

1853 1298 1941 1352 55.
1984 1299 2173 1352 vicem.
2212 1299 2264 1352 Itt
2295 1298 2397 1353 hoc

1851 1378 2170 1437 cognoscent
2190 1384 2309 1423 om-

1850 1452 1969 1499 nes,
1995 1439 2116 1504 quia
2148 1438 2229 1491 di-

1853 1508 2038 1576 scipuli
2069 1507 2173 1560 mei

1850 1580 2002 1641 estis,
2032 1580 2076 1629 si
2107 1576 2239 1631 dile-

1850 1646 2078 1701 ctionem
2104 1646 2196 1699 ha-

1850 1714 2071 1770 bueritis
2097 1717 2160 1769 ad

1854 1786 1951 1838 alis
1977 1788 2160 1839 alium.

1852 1855 1941 1910 56.
1974 1855 2115 1908 Dixit
2137 1855 2185 1909 ei
2208 1853 2291 1911 Si-

1854 1939 1979 1979 mon
2011 1926 2198 1979 Petrus
2225 1942 2239 1978 :

1856 1994 2100 2061 Domine,
2125 2011 2232 2065 qno

1857 2065 2041 2118 vadis?

1855 2132 2150 2202 RCSpondit
2177 2134 2264 2188 Je-

1859 2219 1949 2258 sus
1982 2222 1996 2259 :
2030 2205 2146 2271 Quo
2175 2218 2275 2270 ego

1860 2275 2016 2339 vado,
2054 2291 2156 2328 non
2174 2282 2326 2342 potes

1859 2359 1945 2399 mc
1977 2346 2129 2399 modo
2159 2346 2305 2411 sequi
2330 2362 2342 2398 :

1859 2416 2101 2483 sequeris
2128 2420 2306 2467 autem

1858 2482 1934 2607 ξφ)
1956 2501 2041 2539 ine
2061 2483 2332 2564 flipostea.

1895 2555 1945 2605 7.
2014 2554 2216 2607 Dicttet
2243 2552 2332 2607 Pet

2014 2552 2150 2606 Dicit
2167 2554 2216 2607 ei
2243 2552 2434 2607 Petrus
2466 2568 2479 2606 :

1857 2621 1930 2693 (c)
1961 2623 2183 2676 Domine
2204 2620 2266 2689 τι,

1855 2707 2021 2761 quare
2043 2707 2147 2746 non

1858 2776 2072 2831 possum
2101 2774 2150 2816 te
2176 2775 2260 2815 se-

1858 2832 1945 2901 qui
1967 2831 2125 2885 mod‘o
2152 2832 2175 2883 ?

1860 2902 2088 2955 animum
2118 2916 2289 2957 meam

1860 2986 2052 3040 ponam
2084 2987 2180 3036 pro

1861 3050 1931 3096 te.
1971 3048 2028 3103 »Β
2063 3040 2355 3103 ltespondit

1860 3113 1909 3165 ei
1935 3111 2090 3167 Jesus
2115 3131 2127 3165 :
2155 3111 2287 3166 Ani-

1862 3197 2002 3235 mam
2034 3195 2173 3234 tuam

1864 3266 1959 3321 pro
1978 3268 2062 3307 me
2080 3252 2257 3322 ponis?

2034 3361 2257 3418 CAPUT
2298 3324 2431 3415 xw.

1866 3455 1917 3508 1.
1955 3454 2146 3516 Amen,
2169 3466 2323 3505 amen

1861 3523 1982 3577 dico
2008 3522 2121 3585 tibi,
2154 3536 2257 3573 non

2668 612 2761 651 COI'
2783 610 3043 650 vestrum.

2669 667 2883 721 Credite
2917 669 2966 719 in
2996 668 3184 732 lit-um,

2672 745 2725 791 ct
2753 738 2801 789 in
2836 752 2918 791 me
2947 752 3065 790 cre—

2670 810 2724 860 Ξ.
2765 807 2892 861 dite.
2925 807 2977 859 In
2999 807 3163 862 domo

2672 876 2843 930 Patris
2873 876 2979 929 mei

2673 947 2976 999 mansiones
3004 946 3141 999 mul-

2673 1024 2756 1069 tae
2784 1026 2932 1079 sunt;
2958 1016 2999 1065 si
3025 1024 3180 1082 quot.

2672 1085 2847 1139 minus
2877 1088 3131 1141 dixissem

2671 1156 2821 1209 vobis
2846 1155 2967 1223 quia

2669 1225 2803 1277 vado
2845 1240 3030 1290 parare

2670 1295 2820 1346 vobis
2848 1296 3046 1348 locum.

2668 1366 2720 1420 5.
2764 1364 2827 1417 Ει
2850 1366 2892 1417 si
2916 1365 3121 1431 abiero,

2668 1441 2723 1488 et
2753 1448 2940 1501 praepa
2949 1450 3033 1486 ra-

2668 1518 2796 1557 vero
2821 1504 2970 1557 vobis
3000 1506 3076 1556 lo-

2667 1587 2811 1637 cum,
2840 1575 3028 1626 iterum

2672 1643 2849 1706 venio,
2880 1653 2931 1697 et
2958 1641 3195 1697 accersio

2671 1726 2767 1766 vos
2793 1713 2857 1764 ad
2880 1727 2985 1777 me,
3010 1722 3067 1766 ut

2673 1782 2759 1834 ubi
2786 1796 2885 1849 ego
2906 1797 3048 1848 sum,

2672 1861 2724 1905 et
2752 1867 2848 1904 vos
2874 1851 3013 1905 sitis.

2672 1921 2726 1992 4.
2771 1922 2834 1974 Et
2861 1936 2966 1992 quo
2989 1922 3068 1992 (ά)
3098 1937 3189 1976 va-

2674 1989 2744 2072 do
2773 1992 2814 2060 -ι-
2833 1991 3001 2072 scitis,
3028 1989 3083 2047 et

2677 2062 3000 2116 viatnscilis.

2678 2128 2730 2182 5.
2764 2131 2891 2183 Dicit
2920 2131 2968 2183 ei
2993 2130 3137 2185 Tho-

2678 2214 2794 2252 mas
2826 2217 2838 2249 :
2884 2199 3065 2252 Domi-

2679 2285 2764 2330 ne,
2796 2271 3064 2324 nescimus

2677 2355 2784 2408 quo
2803 2339 2981 2393 vadis:
3007 2356 3142 2409 quo-

2678 2410 2838 2463 modo
2872 2410 3009 2462 viam

2686 2477 2987 2549 (etacinios
3013 2481 3053 2549 δι’
3080 2480 3103 2533 ?

2680 2548 2746 2602 6.
2767 2548 2903 2601 Dicit
2930 2551 2977 2602 ci
3008 2550 3165 2607 Jes’us
3194 2568 3208 2605 :

2680 2619 2791 2685 Ego
2820 2633 2938 2696 sum
2960 2621 3067 2684 via,

2679 2697 2731 2741 et
2755 2698 2970 2751 vernas,
2986 2698 3040 2741 ct.

2680 2756 2805 2807 vita.
2836 2755 3002 2808 Nemo

2681 2826 2825 2906 venit
2845 2824 2911 2879 ad
2937 2825 3172 2894 Patrem,

2683 2912 2782 2948 ttlSl
2810 2910 2903 2962 per
2930 2911 3034 2950 nte.

2683 2967 2735 3019 7.
2768 2965 2824 3020 Si
2846 2968 3173 3033 cognovistis

2682 3050 2789 3102 me,
2818 3045 2873 3089 et
2895 3036 3105 3091 Patrem

2686 3122 2863 3160 meum
2884 3108 3138 3175 cognovi-

2680 3179 2777 3229 stis
2806 3193 2819 3228 :
2846 3185 2900 3230 et
2934 3177 3127 3231 amodo

2679 3247 2849 3299 nostis
2871 3262 3014 3306 eum.
3044 3257 3099 3299 et

2680 3315 2886 3368 vidistis
2906 3330 3047 3369 eum.

2663 3381 2732 3437 '8.
2766 3383 2903 3456 Dicit
2932 3386 2982 3456 ei
3012 3384 3218 3456 Philip-

2683 3468 2809 3520 pus:
2834 3454 3079 3523 Domine,

2679 3524 2901 3578 ostende
2916 3526 3093 3581 nobis.

3323 410 3430 466 454

1008 3591 1242 3657 Patrem,
1272 3602 1326 3647 et
1349 3593 1459 3648 snf-
1861 3591 2096 3646 cantavit
2116 3591 2308 3660 gallus,
2681 3592 2919 3657 Patrem,
2945 3597 3125 3651 etsuL-
3212 3638 3220 3657 ,

361 3638 585 3697 CAPUT
623 3639 762 3694 XIV-
1008 3638 1121 3716 ῐίὲίῖ
1138 3638 1326 3717 ἶῐόὖίέῖ
1349 3638 1429 3648 ⁷”’
1861 3638 2308 3717 ἷιόἧὲὲέὶὶι⁰ιῖἱέ⁷⁷
2681 3638 2799 3716 ῐίέἷὶ
2814 3638 2997 3717 ᾘόὑίέἶ

254 3731 308 3784 1.
349 3729 414 3785 lis
441 3732 551 3785 suis
583 3729 697 3786 :Ne
726 3743 861 3785 con-
1008 3731 1060 3786 9.
1104 3732 1397 3801 Respondit
1423 3732 1617 3792 Iesus:
1862 3740 1946 3787 ter
1972 3746 2155 3800 neges.
2684 3733 2737 3785 9.
2763 3732 2900 3785 Dicit
2919 3733 2965 3786 ei
2988 3731 3077 3789 .le-L

182 3801 429 3856 turbetur
454 3814 549 3855 cor
1008 3801 1179 3858 Tanto
1205 3814 1410 3875 tempo-
1863 3803 1981 3860 Non
2011 3802 2253 3856 turbetur
2684 3814 2777 3855 sus
2804 3819 2819 3856 :
2843 3802 3015 3859 Tanto
3043 3814 3178 3860 tem-

1477 3895 1710 3953 CODEX
1746 3892 2142 3956 BRIXIANUS.

180 4001 280 4057 vos
322 4001 457 4057 Anon
522 3986 747 4056 potestis
812 3988 1013 4044 venire.
1070 3997 1127 4045 et
1187 3990 1338 4045 vobis
1390 3991 1511 4047 dico
1563 3992 1742 4047 modo.
1847 3989 2021 4045 Patris
2044 3989 2167 4045 mei.
2201 3991 2504 4043 mansiones
2526 3987 2727 4042 multae
2752 3988 3407 4057 sunt.alionquin.dixis-

176 4055 483 4131 Mandatum
525 4055 726 4131 novum
772 4058 841 4131 do
880 4058 1050 4115 vobis.
1103 4069 1165 4115 ut
1216 4060 1445 4131 diligatis
1491 4063 1739 4118 invicem.
1844 4075 1958 4116 sem
1990 4061 2158 4113 vobis.
2194 4059 2326 4131 vado
2370 4071 2555 4131 parare
2582 4061 2735 4131 vobis
2766 4059 2961 4131 locum.
2996 4055 3148 4111 Et’si
3193 4060 3399 4113 abiero.

176 4130 316 4199 sicut
348 4129 423 4198 (a)
449 4144 546 4194 ego
574 4128 797 4199 {rdilexi
844 4144 957 4185 vos.
1001 4137 1056 4184 ut
1113 4142 1169 4186 et
1208 4127 1570 4185 vos'invicem
1612 4133 1739 4186 dili-
1782 4154 1785 4157 ·
1850 4128 2352 4199 praepararevoliis
2385 4127 2788 4199 locutniilcruut
2838 4130 3014 4181 venio.
3052 4138 3106 4183 et
3149 4131 3408 4198 accipiam

174 4198 337 4279 gatis.
380 4198 438 4279 In
482 4198 597 4279 hoc
626 4209 949 4279 cognoscent
1005 4201 1379 4279 omnesque!
1434 4202 1535 4279 mei
1581 4202 1741 4279 disne-i-
1844 4212 1937 4249 vos
1966 4199 2028 4249 ad
2064 4212 2147 4250 me.
2178 4198 2370 4279 ipsum.
2404 4205 2461 4276 ut
2500 4198 2586 4279 ubi
2617 4211 2735 4275 ego
2775 4212 2891 4277 sum
2922 4209 2977 4279 et
3001 4202 3293 4279 sessilis.
3346 4202 3409 4254 Et

178 4266 294 4336 puli
340 4268 489 4323 estis.
546 4268 589 4323 si
645 4268 983 4322 dilectionem
1028 4266 1314 4322 habueritis
1364 4268 1586 4321 invicem
1647 4271 1736 4321 Di-
1841 4281 1945 4336 quo
1977 4281 2075 4336 ego
2103 4269 2237 4319 vado
2278 4266 2464 4319 nostis.
2498 4273 2551 4319 et
2581 4268 2719 4319 viain
2751 4268 2917 4319 scitis.
2955 4270 3038 4321 Ait
3066 4269 3144 4321 illi
3174 4272 3408 4324 Thomas

176 4335 257 4409 eit
286 4339 334 4409 ei
390 4338 570 4409 Simon
616 4338 822 4391 Petrus.
875 4337 1096 4409 Domine
1138 4350 1243 4404 quo
1278 4336 1439 4390 vadis.
1494 4338 1734 4409 Respon-
1842 4335 2359 4409 D_.nnine_neseitnus
2402 4351 2508 4409 quo
2536 4336 2704 4409 vadis,
2733 4348 2787 4389 et
2825 4339 3097 4404 quomodo
3125 4355 3409 4409 possumus

174 4408 259 4462 dit
301 4407 455 4462 Jesus
502 4408 618 4473 Quo
662 4420 760 4473 ego
813 4406 966 4459 vado.
1026 4422 1127 4458 non
1163 4417 1311 4473 potos
1353 4422 1436 4460 mc
1463 4406 1620 4460 modo
1648 4424 1736 4462 se-
1842 4406 1979 4459 viam
2007 4406 2164 4459 Scire.
2196 4406 2395 4460 Dicitei
2425 4405 2603 4460 Jesus.
2632 4406 2743 4476 Ego
2769 4422 2885 4460 sum
2917 4410 2996 4461 vi.»
3029 4421 3081 4463 et
3114 4405 3327 4464 veritas.
3355 4420 3409 4465 et

174 4481 296 4546 qui.
322 4478 560 4549 sequeris
600 4484 775 4528 autem
810 4486 1010 4541 postea.
1049 4476 1187 4530 Dicit
1218 4478 1264 4549 ei
1295 4477 1500 4549 Petrus,
1532 4477 1605 4549 (c)
1633 4478 1734 4531 Do-
1845 4477 1972 4530 vita.
1996 4476 2171 4549 ANemo
2194 4476 2333 4549 venit
2360 4478 2426 4530 ad
2454 4478 2681 4549 Patrem.
2709 4479 2808 4530 nisi
2850 4493 2941 4544 per
2970 4495 3053 4534 me
3108 4480 3166 4536 Si
3191 4496 3409 4548 cognos-

176 4548 567 4616 mine-l-qnare
612 4561 715 4599 non
746 4559 954 4613 possunt
1002 4555 1053 4600 te
1092 4547 1241 4613 sequi
1275 4548 1448 4601 modo.
1499 4547 1733 4603 animam
1841 4547 2035 4601 cet-etis
2067 4564 2169 4601 me.
2202 4548 2384 4616 utique
2413 4558 2465 4599 et
2492 4547 2705 4601 Patrem
2731 4564 2902 4600 memn
2931 4551 3331 4616 cognosceretis
3353 4559 3407 4602 et

174 4632 357 4672 meam
389 4632 483 4684 pro
513 4630 561 4671 te
605 4631 814 4682 ponam.
868 4616 1157 4681 [icsmmdit
1202 4618 1278 4669 illi
1307 4617 1460 4672 Jesus
1492 4617 1734 4675 Animam
1843 4620 2036 4670 atnodo
2077 4620 2410 4687 cognoscetis
2439 4633 2558 4670 cum
2589 4628 2641 4670 et
2669 4618 2859 4670 videtis
2885 4634 3025 4669 eum.
3059 4619 3147 4669 Λιι
3176 4619 3249 4675 illi
3282 4617 3409 4669 Plii-

176 4696 327 4740 tuam
362 4701 456 4753 pro
479 4700 562 4739 me
588 4701 769 4755 pones.
802 4687 968 4739 Amen
996 4702 1149 4741 amen
1180 4686 1299 4741 dico
1330 4690 1443 4741 tibi.
1475 4706 1577 4742 non
1608 4707 1736 4743 can-
1844 4687 2036 4755 lippus.
2086 4686 2325 4742 Domine.
2376 4688 2599 4741 ostende
2645 4687 2793 4739 nobis
2833 4687 3065 4738 Patrem.
3110 4696 3162 4737 et
3208 4687 3410 4739 sullicit

178 4758 318 4809 tavit
346 4755 520 4826 gallus
538 4756 725 4826 donec,
750 4771 832 4807 me
862 4766 941 4809 ter
986 4772 1165 4826 neges.
1196 4759 1307 4811 Non
1358 4762 1598 4813 turbetur
1642 4775 1736 4814 cor
1843 4759 2011 4813 nobis.
2036 4758 2177 4811 Dixit
2203 4760 2250 4811 ei
2277 4757 2451 4811 Jesus.
2483 4756 2652 4811 Tanto
2682 4766 2923 4823 tempore
2960 4756 3229 4809 vobiscum
3263 4771 3405 4810 sum.

174 4823 694 4881 vestrum.'Creditis
715 4825 768 4879 in
786 4826 952 4881 Deum
977 4836 1030 4882 et
1058 4823 1109 4882 in
1138 4842 1223 4883 me
1250 4829 1473 4882 credite.
1497 4829 1552 4881 In
1576 4829 1736 4884 domo

1381 4930 1405 4939 "
1453 4918 1684 4973 CUDEX
1721 4917 2176 4975 CORBEIENSIS.

255 4985 344 5068 ξι.
378 4986 722 5068 Ρετεςρερῑιιῐ-ξι
750 5002 966 5068 novum.
1031 5056 1042 5067 .
1292 5054 1306 5068 .
1438 5055 1450 5066 '
1860 5058 1889 5068 Α.
1927 4990 1977 5040 7.
2103 4985 2460 5068 cognovistis’3
2490 5002 2601 5053 me,
2621 4998 2675 5044 et
2702 4990 3106 5068 Patrem‘meum
3131 4996 3419 5068 cognovis-

192 5088 196 5091 -
253 5055 387 5112 Car.
411 5056 547 5114 XIV.
578 5054 649 5098 '—
676 5058 728 5111 5.
766 5064 823 5112 et
846 5056 1080 5112 accersio
1108 5068 1203 5109 vos
1242 5054 1308 5108 ad
1348 5055 1636 5125 mcipunm.
1854 5058 1921 5110 tis
1948 5074 1961 5108 :
1990 5066 2044 5111 et
2072 5054 2263 5111 amodo
2292 5057 2462 5113 nostis
2487 5074 2632 5127 eum,
2662 5070 2716 5117 et
2745 5062 2955 5118 vidistis
2986 5071 3129 5119 eum.

1387 5149 1776 5207 VARIANTES
1808 5148 2209 5208 LECTIONES.

246 5222 266 5253 ⁸
302 5222 407 5273 σαι.
431 5226 556 5274 sicut
574 5228 626 5271 et
648 5226 742 5283 ego
761 5219 914 5269 dilexi
935 5231 1036 5282 vos,
1063 5222 1128 5283 ita
1166 5227 1217 5269 et
1256 5231 1357 5283 vos.
1404 5223 1520 5272 Mm.
1548 5221 1675 5272 sicut
1694 5227 1748 5274 et
1852 5219 2027 5270 Deum.

174 5294 283 5344 ego
304 5284 457 5334 dilexi
480 5297 598 5347 vos,
644 5280 704 5331 ui
738 5287 790 5330 et
832 5294 932 5331 vos.
978 5280 1120 5345 Vulg.
1166 5285 1292 5334 sicut
1332 5282 1485 5334 dilexi
1526 5296 1649 5345 vos,
1690 5290 1749 5337 ut
1911 5283 1933 5351 ξ
1967 5285 2086 5351 ἕνη.
2110 5284 2319 5347 alioquin
2340 5284 2591 5351 dixissem.
2634 5286 2775 5351 Vulg.
2800 5292 2837 5338 si
2864 5302 2959 5351 quo
2982 5292 3136 5340 minus
3155 5293 3408 5345 dixissem.

175 5343 393 5420 eligas-.7
450 5343 725 5420 an
748 5405 804 5420 Lg
863 5408 899 5420 ,ί
1011 5343 1105 5420 __"_
1219 5419 1225 5420 ί
1459 5414 1469 5420 _
1634 5343 1642 5345 “
1700 5366 1707 5371 -
1912 5343 1934 5375 ⁸
1967 5345 2070 5395 Gal.
2095 5343 2475 5420 paravero_.._et
2512 5350 2594 5398 ubi
2616 5343 3070 5420 sum'ego,'et_vos
3103 5355 3224 5402 sitis.
3259 5343 3402 5420 Vulg,

244 5408 267 5472 ξ
300 5410 416 5472 qm.
440 5411 730 5467 cognoscent
748 5405 984 5472 homines.
1011 5408 1155 5472 Vulg.
1176 5414 1681 5472 regnoscentomnes.
1850 5405 2263 5472 praeponere...
2288 5416 2339 5459 ut
2361 5410 2442 5458 ubi
2462 5422 2697 5472 sunicgo,
2723 5405 2878 5460 ιιιννοὲ
2899 5414 3017 5461 sitis.
3070 5466 3071 5469 η

247 5467 270 5498 ⁸
306 5469 409 5535 Gaz.
436 5478 529 5514 non
552 5475 690 5529 potes
712 5473 764 5517 tu
778 5470 918 5532 sequi
943 5483 1038 5521 me.
1091 5467 1357 5534 Vulgfnon
1381 5476 1523 5531 potes
1538 5482 1619 5520 me
1639 5482 1743 5521 mo-
1852 5467 1866 5471 ⁷
1914 5470 1935 5535 Ῐ
1957 5467 2073 5535 ᾳιι.
2095 5483 2343 5535 possumus
2369 5472 2486 5519 viam
2510 5467 2846 5535 nosse'Vulg.
2867 5475 2989 5519 viam
3014 5474 3158 5522 scire.

173 5528 426 5600 do‘selgu‘t.
490 5593 501 5600 _
546 5528 590 5600 ξ-
707 5589 737 5600 _
953 5594 965 5600 _
1034 5593 1069 5600 _
1186 5528 1207 5534 '
1256 5595 1301 5600 _
1343 5528 1395 5600 _'
1449 5590 1479 5600 _
1696 5592 1707 5600 _
1851 5594 1860 5600 Δ
1915 5531 2075 5600 I“.Cy'at.
2096 5528 2196 5600 m3,
2219 5539 2272 5581 et
2292 5530 2484 5581 Patrem
2508 5528 3044 5600 meumcogobvissetis.
3091 5537 3407 5600 Illin.nn-,et

247 5590 271 5621 ⁸
306 5589 412 5642 σω.
456 5593 503 5640 et
538 5592 660 5644 Mm.
702 5589 899 5645 Credite
950 5594 1000 5643 in
1034 5593 1212 5645 Deum.
1256 5592 1400 5657 Vulg.
1444 5590 1655 5642 Creditis
1694 5592 1744 5641 in
1846 5593 2041 5643 torsitan
2065 5599 2116 5642 et
2133 5589 2324 5643 Patrem
2341 5606 2503 5643 meum
2521 5596 2687 5656 utique
2706 5589 3070 5656 cognovissetis.

706 5714 709 5715 ν
1477 5674 1847 5733 BLANCHIM
1885 5675 2114 5732 NOTAE.
2912 5698 2913 5701 η
3234 5678 3239 5681 ’

258 5746 534 5827 (αὶ-Λᾶόῇῆ
560 5766 671 5823 ego,
695 5748 863 5827 etiam
881 5748 1003 5805 cod.
1025 5749 1173 5827 cant.
1192 5752 1317 5827 gyri».
1343 5777 1411 5787 —-
1433 5744 1507 5815 (ὁ)
1537 5746 1698 5827 addit
1726 5757 1980 5827 incute}.
2028 5762 2257 5827 quoque.
2284 5747 2375 5827 gr.
2415 5758 2521 5818 μρι.
2546 5776 2615 5827 -τ-
2635 5745 2709 5827 ίς)
2741 5746 2899 5827 Addit
2938 5747 3171 5822 Domine,
3218 5757 3418 5827 pariter

177 5815 296 5875 tex'.
319 5815 416 5874 Cr.
448 5815 608 5896 κύριιῖ
633 5815 702 5861 4-
729 5818 807 5891 (ά)
837 5818 974 5875 Ante
992 5820 1142 5886 vado,
1175 5815 1324 5876 dc'est
1353 5834 1465 5888 ego,
1496 5816 1654 5872 etiam
1684 5817 1737 5874 in
1761 5817 1881 5875 cod.
1907 5815 2062 5873 Cant}
2100 5815 2169 5859 -—‘
2192 5815 2264 5887 (ε)
2291 5816 2364 5872 Ita
2392 5815 2460 5871 (et
2484 5818 2602 5871 cod.
2630 5815 2779 5874 Cant.
2804 5816 3027 5879 qnam
3157 5815 3167 5822 ’
3218 5815 3235 5827 ’

4980 6408 5130 6434 Α

4813 6515 5130 6534 ἡ
