3898 6488
542 328 645 384 475
1078 328 1339 385 EUSEBII
1381 328 1708 384 VERCELL.
1755 325 2200 385 EVANGELIUM
2239 327 2379 383 CUM
2423 324 2643 382 VARIIS
2677 322 2834 381 COD.
2870 320 3254 379 COLLATUM.

2637 435 2869 493 CODEX
2900 432 3352 495 VEBONENSIS.

925 439 1155 496 CODEX
1195 440 1730 497 VERCELLENSIS.

544 533 673 588 mihi
692 576 707 597 ,
739 533 1005 590 neminem
1365 545 1540 588 autem
1564 532 1745 588 Iesum
1773 533 1858 588 Si-

545 620 609 659 ex
643 603 723 658 his
752 606 925 673 perdi-
1365 620 1487 657 mon
1511 604 1721 673 Petrus,
1752 612 1806 658 et

546 675 635 729 10.
676 672 763 727 di.
780 673 964 729 Simon
1362 674 1498 727 alius
1519 672 1751 742 discipu-

543 744 701 811 igitur
724 744 909 797 Petrus
988 753 990 755 ’
1365 743 1466 797 lus.

545 812 752 883 habens
778 814 945 883 gladi-
1368 813 1665 882 Discipulus
1690 822 1866 870 autem

544 897 656 947 um,
685 882 865 936 eduxit
899 885 959 939 il-
1365 883 1454 936 ille
1480 890 1639 937 notus
1665 894 1780 937 erat

545 953 675 1013 lum,
700 961 755 1005 et
777 968 991 1020 percus—
1366 952 1595 1021 Principi
1625 953 1814 1009 Sacer-

548 1022 617 1075 sit
642 1035 856 1074 servum
1368 1022 1573 1086 domm,
1599 1032 1651 1077 et
1673 1023 1746 1091 (δ)
1774 1023 1840 1078 si.

549 1090 811 1159 Principis
846 1091 945 1147 Sa-
1370 1092 1477 1145 mul
1509 1091 1546 1159 ϊ·
1576 1090 1788 1150 intravit

548 1161 848 1223 cerdnlum.
872 1172 930 1217 et
1369 1176 1488 1215 cum
1518 1161 1643 1216 Iesu
1672 1163 1722 1217 in

546 1232 844 1299 amputavit
1370 1230 1563 1284 atrium
1588 1231 1746 1286 Priu-

546 1301 621 1353 illi
655 1301 945 1356 auriculam
1372 1301 1505 1367 cipis
1527 1300 1790 1359 Sacerdo-

546 1369 810 1424 dextram.
843 1371 911 1425 E-
1374 1369 1460 1425 16.
1503 1382 1628 1425 tum.
1663 1372 1847 1430 Petrus

545 1448 628 1493 rat
664 1453 840 1495 autem
872 1457 968 1498 no-
1372 1455 1500 1495 vero
1526 1442 1703 1497 stabat
1852 1448 1855 1449 ⁷

548 1524 667 1581 mea
698 1512 838 1581 servi
1369 1510 1497 1563 foris
1524 1512 1588 1565 ad
1615 1512 1767 1581 jauu-

546 1579 688 1634 illius
708 1580 873 1637 Mala-
1366 1596 1471 1635 am.
1501 1579 1695 1650 Egres-

546 1650 698 1704 cbus.
1366 1664 1457 1720 sus
1494 1666 1621 1720 ergo
1646 1651 1757 1707 dis-

1368 1718 1575 1786 cipulus
1600 1720 1691 1775 ille
1718 1735 1770 1775 a-

1370 1788 1493 1853 lius,
1520 1790 1607 1857 qui
1634 1798 1748 1843 erat

1369 1866 1528 1911 notus
1558 1858 1709 1912 Prin-

1370 1926 1473 1995 cipi
1501 1925 1762 1984 Sacerdo-

1370 1996 1662 2061 tum,-dixit
1680 2012 1765 2054 os-

1374 2065 1559 2119 tiariae
1588 2083 1602 2118 :
1631 2074 1686 2120 et
1705 2066 1777 2123 in.

1371 2132 1529 2188 duxit
1554 2134 1791 2191 Petrum.

1374 2204 1461 2277 t7_.
1504 2200 1641 2277 Dicit
1671 2221 1797 2277 ergo
1816 2221 1911 2263 an-

1370 2273 1492 2328 cilla
1521 2275 1735 2331 ostiaria

1372 2343 1534 2398 Petro
1564 2362 1577 2398 :
1602 2345 1762 2400 Num-

1374 2413 1500 2482 quid
1528 2424 1595 2468 et'
1609 2424 1662 2469 tu
1691 2415 1759 2472 de

551 1720 635 1772 11.
678 1719 767 1790 Ajt
793 1737 921 1790 ergo
944 1723 1099 1781 Iesus
1125 1722 1226 1779 Pe-

553 1797 635 1842 tro
666 1807 679 1842 :
710 1789 942 1847 Remitte

551 1858 630 1925 (a)
659 1858 892 1931 ειειιιίιιιη
922 1861 964 1931 ’τ
990 1863 1046 1918 in

552 1939 666 1981 teca
696 1942 814 1981 sua.
855 1929 994 1984 Cati-

552 2011 690 2059 ccm,
722 2011 879 2066 quem
908 2000 1008 2054 mi-

554 2066 604 2119 hi
635 2066 780 2121 dedit
800 2068 899 2121 Pa—

557 2147 657 2199 ter,
692 2152 795 2190 nou
819 2138 898 2193 vis

555 2205 731 2260 bibam
762 2206 950 2261 illum?

552 2274 640 2329 12.
681 2274 888 2350 ρωποι-ε
917 2279 1095 2350 igitur,

553 2354 605 2399 et
636 2346 912 2413 tribunus,
939 2346 960 2350 ’
1027 2347 1035 2355 ’

552 2424 606 2468 et
634 2416 861 2470 ministri

553 2483 876 2539 Iudaeorum
1374 2483 1644 2552 discipulis
1672 2500 1729 2540 es

552 2554 914 2623 adprehende.
946 2560 953 2569 '
1372 2552 1602 2609 hominis
1629 2555 1733 2609 illi-

554 2636 677 2696 runt
701 2625 901 2696 Iesum,
934 2636 991 2685 et
1372 2640 1436 2696 _u_s
1456 2624 1479 2678 ’ἶ
1502 2624 1566 2678 Et
1595 2630 1669 2681 ait
1695 2628 1783 2686 ille
1814 2649 1827 2685 :

553 2692 917 2764 mitigaverunt
1371 2692 1485 2764 N9"
1508 2710 1649 2751 sum.

556 2765 581 2817 1
594 2766 642 2819 3.
685 2780 828 2832 eum,
859 2778 914 2824 et
939 2769 1107 2828 duxe-

1374 2762 1459 2817 18.
1494 2764 1713 2822 Stabant
1738 2778 1914 2827 autem

557 2844 680 2888 runt
708 2836 773 2893 ad
807 2846 913 2891 Au-
1372 2835 1547 2893 servi.
1572 2845 1625 2889 et
1651 2839 1749 2893 mi-
1806 2834 1811 2839 ’

1372 2835 1547 2900 servi,
1572 2845 1625 2889 et
1651 2839 1749 2893 mi-

1374 2904 1525 2958 niSll'i
1554 2905 1621 2959 ad
1646 2922 1761 2962 car-

1300 2979 1304 2983 '
1376 2971 1561 3043 boues,
1583 2978 1704 3043 quia

1377 3040 1542 3112 frigus
1566 3040 1680 3100 erat
1708 3062 1723 3101 :

1376 3116 1548 3166 stabat
1575 3124 1749 3172 autem

1377 3188 1433 3235 et
1464 3183 1647 3238 Petrus
1667 3198 1791 3247 cum

1382 3253 1486 3307 illis
1514 3255 1709 3309 callici-

1380 3337 1477 3397 eus
1502 3338 1595 3397 se._
1704 3392 1711 3397 θ
1865 3368 1870 3373 .

1382 3394 1469 3449 19.
1496 3393 1767 3470 _Princeps
1797 3400 1892 3470 igi-

1382 3470 1469 3516 tur
1493 3462 1747 3523 Sacerdo-

1385 3541 1493 3585 tum
1526 3535 1689 3589 inter-

1382 3605 1582 3671 rogavit
1612 3605 1791 3665 Iesum

558 2919 678 2956 nam
710 2907 967 2974 primum;

557 2983 671 3026 erat
702 2980 839 3029 enim
862 2994 949 3033 so-

557 3056 647 3096 cer
676 3042 925 3114 Caiphae,

561 3114 649 3179 qui
680 3113 778 3186 fuit
810 3114 983 3186 Prin-_

559 3196 685 3249 ceps
709 3183 967 3241 Sacerdo-

563 3261 671 3305 tutn
694 3267 835 3307 anno
860 3256 921 3309 il-

564 3319 651 3375 M.
695 3322 762 3374 lo.
795 3323 889 3379 Hic
915 3337 1001 3383 est

562 3400 737 3445 autem
765 3390 891 3446 Cai-

563 3462 718 3529 phas,
751 3461 840 3529 qui
865 3478 995 3519 con-

564 3530 742 3585 silium
772 3531 967 3590 Iudae--

567 3601 611 3652 is
643 3602 656 3631 ²
689 3600 908 3656 dederat
942 3623 955 3659 :

500 3713 505 3719 .
564 3669 697 3736 Quia
728 3673 945 3740 expedit
1381 3669 1465 3727 de‘
1478 3675 1748 3742 discipulis

567 3756 729 3794 unum
758 3742 927 3796 homi-
1381 3742 1517 3808 ejus,
1540 3751 1596 3797 et
1616 3744 1683 3798 de
1708 3747 1833 3802 doc-

566 3827 685 3865 ncm
715 3815 848 3866 muri
1388 3814 1542 3866 trina.

566 3896 661 3949 pro
690 3883 859 3950 plebe,
896 3896 949 3939 et
981 3898 1086 3940 non
1386 3883 1472 3936 20.
1518 3883 1808 3954 Respondit
1830 3886 2023 3942 Iesus:

570 3961 673 4023 tota
713 3968 842 4020 guns
886 3970 1037 4023 pere-
1390 3956 1497 4021 E80
1527 3958 1699 4022 palam
1724 3958 1800 4010 Ιο-

700 4019 769 4077 at.
805 4019 1137 4095 Seriuebatur
1385 4019 1539 4082 cutus
1566 4041 1682 4081 smn

2207 534 2398 589 dedisti
2430 532 2590 600 mihi,
2618 546 2723 587 non

2209 602 2413 673 perdidi
2444 619 2507 656 ex
2536 603 2614 657 eis

2209 688 2547 743 quemquam.

2210 742 2297 797 10.
2336 742 2520 798 Simon

2210 827 2339 882 ergo
2364 814 2551 882 Petrus

2214 881 2415 937 habens
2434 881 2691 951 gladium,

2212 953 2394 1006 eduxit
2419 967 2559 1015 eum,
2592 962 2647 1006 et

2282 1021 2472 1076 ιὀυμείι
2497 1034 2708 1077 servum

2259 1093 2472 1155 riucipis
2500 1090 2759 1147 Sacerdo-

2216 1171 2347 1226 tum,
2374 1171 2429 1215 et
2456 1161 2682 1215 abscidit

2212 1232 2500 1286 auriculam
2529 1232 2643 1301 ejus
2671 1252 2685 1301 ί

2214 1302 2475 1357 dextram.
2509 1300 2579 1355 E-

2212 1380 2297 1428 rat
2318 1382 2490 1425 autem
2524 1385 2619 1425 110*

2215 1456 2337 1496 men
2375 1456 2535 1494 881·νο

2216 1510 2475 1565 Malchus.
2600 1524 2611 1543 κ

2220 1581 2304 1635 tt.
2350 1581 2487 1634 Dixit
2514 1578 2659 1649 ergo'

2218 1649 2373 1705 Iesus
2398 1649 2557 1703 Petro
2597 1666 2609 1701 :

2221 1718 2365 1775 Mitte
2389 1716 2466 1788 (a)
2492 1719 2605 1788 gla-

2217 1788 2358 1842 dium
2382 1788 2423 1842 -Ῑ-
2449 1792 2501 1841 itt
2531 1802 2620 1841 va-

2254 1861 2336 1911 iua
2365 1872 2479 1911 sua.

2215 1873 2336 1983 {tua
2365 1873 2479 1911 sua.

2245 1930 2466 1988 ‘alieem,
2495 1940 2653 1996 quem

2217 1996 2367 2050 dedit
2387 1996 2516 2050 mihi

2220 2066 2398 2129 Pater,
2431 2080 2534 2120 non
2563 2064 2644 2119 vis

2226 2136 2397 2198 bibam
2429 2136 2575 2189 illum
2592 2134 2617 2185 ?

2229 2205 2313 2259 η.
2343 2206 2547 2259 Cohors
2572 2217 2718 2274 ergo,

2124 2342 2128 2347 ~
2224 2287 2274 2328 et
2306 2276 2569 2347 tribunus,

2223 2354 2278 2398 et
2307 2345 2533 2399 ministri

2222 2412 2546 2470 Iudaeorum

2224 2484 2742 2555 comprehenderunt

2221 2553 2424 2621 Iesum,
2451 2566 2504 2610 et
2526 2555 2646 2625 liga—

2223 2635 2414 2679 verunt
2436 2666 2452 2690 ,

2224 2695 2310 2747 15.
2350 2704 2405 2750 et
2430 2694 2763 2750 adduxerunt

2220 2778 2341 2818 eum
2370 2765 2436 2820 ad
2468 2766 2671 2819 Annam

2223 2836 2445 2903 primum
2467 2850 2482 2899 ;
2512 2843 2629 2889 erat

2221 2905 2366 2957 enim
2394 2920 2546 2959 socer

2219 2972 2476 3041 Caiphae,
2508 2972 2600 3042 qui

2221 3055 2338 3096 erat
2363 3043 2619 3111 Princeps

2224 3112 2572 3168 Sacerdotum

2223 3182 2350 3236 anni
2376 3184 2535 3235 illius.

2226 3251 2317 3307 14.
2357 3252 2484 3306 Erat
2510 3262 2690 3308 autem
2747 3312 2753 3318 ,

2224 3322 2420 3384 Caifas,
2445 3326 2534 3391 qui
2682 3322 2683 3325 “

2224 3392 2506 3447 consilium
2532 3393 2627 3447 de-

2225 3462 2300 3516 dit
2326 3461 2542 3517 Iudaeis
2567 3480 2579 3515 :

2227 3532 2360 3600 Quia
2389 3533 2607 3602 expedit

2228 3617 2391 3656 uuum
2419 3603 2688 3658 hominem

2232 3672 2365 3742 uteri
2409 3687 2507 3742 pro
2538 3688 2629 3741 po-
2672 3685 2674 3687 ’

2232 3741 2376 3808 pulo.

2154 3840 2161 3845 -
2233 3794 2319 3862 15.
2360 3794 2696 3876 Sequebatur

2230 3889 2405 3932 autem
2433 3879 2614 3933 Iesum

2232 3952 2413 4007 Simon
2442 3950 2633 4005 Petrus
2654 3991 2668 4014 ,

2233 4033 2285 4077 et
2312 4022 2448 4075 alius
2476 4020 2633 4073 disci-

1865 4139 2089 4197 CODEX
2130 4139 2516 4195 BRIXIANUS.

574 4224 765 4303 dedisti
791 4229 935 4303 mihi
986 4232 1188 4285 nullum
1234 4233 1435 4299 perdidi
1486 4249 1552 4288 ex
1588 4234 1735 4303 ipsis.
1788 4219 1975 4303 Simon
2009 4247 2136 4302 ergo
2241 4233 2466 4299 ripulus.
2500 4232 2794 4303 Discipulus
2825 4240 2998 4285 autem
3025 4230 3123 4303 ille
3141 4241 3296 4303 notus
3321 4226 3695 4303 erat‘Priueipi
3722 4227 3823 4303 St}-

576 4294 987 4374 Pt'll‘lliilﬂhgn-s
1015 4294 1264 4374 glitdiuni;
1295 4294 1640 4356 camiteum'.
1671 4313 1717 4374 et
1743 4301 2005 4374 percussit
2025 4294 2139 4374 δεῇ·-
2240 4294 2537 4374 cerdntum.
2570 4316 2615 4355 et
2647 4294 2723 4374 (ὁ)
2756 4304 2912 4355 simul
2932 4302 3190 4374 introibit
3277 4314 3395 4355 cum
3414 4298 3651 4374 _Ie~u..in
3680 4298 3820 4374 atrio

578 4380 696 4415 rum
746 4365 999 4431 Principi~
1052 4369 1420 4421 Sacerdotum.
1468 4384 1522 4423 et
1569 4365 1793 4425 abscidit
1847 4372 2135 4423 auriculam

576 4435 689 4497 ejus
721 4435 981 4487 deuram.
1011 4435 1135 4487 Erat
1160 4450 1332 4488 autent
1359 4456 1549 4490 numen
1574 4455 1732 4491 servo
1758 4441 1851 4491 illi.
1878 4439 2136 4491 Malchus.

581 4505 717 4556 Dixit
761 4518 888 4572 ergo
936 4502 1089 4557 Iesus
1128 4504 1305 4558 Petro.
1354 4506 1583 4559 Ιὶμιιιίιιθ
1636 4508 1712 4574 (a)
1749 4506 1981 4573 gladiqu
2017 4506 2055 4573 -ξ-
2088 4509 2136 4556 in

579 4576 761 4641 vagina
781 4588 895 4627 sua.
913 4575 1313 4644 llalicemquein
1337 4576 1478 4627 dedit
1503 4576 1628 4627 mihi
1654 4577 1824 4627 ναίων.
1846 4588 1949 4644 uou
1967 4575 2139 4627 bibam

578 4646 745 4697 illum.
784 4644 992 4697 Cohors
1026 4643 1185 4713 igitur
1208 4659 1259 4699 et
1289 4648 1552 4698 tribunus.
1583 4657 1629 4698 et
1657 4645 1880 4698 ministri
1908 4643 2141 4697 Iudaeu-

580 4729 693 4784 rum
732 4716 1258 4781 cumprehemlerunt
1287 4716 1489 4771 Iesum.
1519 4726 1572 4768 et
1594 4716 1890 4784 ligaverunt
1916 4729 2055 4765 emu.
2091 4720 2145 4765 et

581 4782 908 4854 adtlmtcrunt
943 4801 1085 4836 eum.
1123 4787 1198 4838 Ad
1226 4791 1427 4839 Annam
1471 4782 1717 4854 primum.
1748 4795 1859 4837 erat
1889 4784 2027 4837 enim
2060 4797 2147 4854 so-

580 4866 671 4924 cer
715 4853 947 4919 Caiphae
993 4857 1079 4922 qui
1123 4867 1232 4907 erat
1268 4852 1521 4924 Princeps
1552 4854 1899 4910 Sacerdotum
1932 4852 2148 4924 :tuniil-

585 4923 703 4996 lius.
758 4924 883 4996 l~1_rat
927 4934 1099 4996 autem
1142 4924 1388 4995 Caiphas.
1438 4922 1524 4996 qui
1566 4926 1844 4982 Consilium
1876 4924 2024 4977 dedit
2054 4922 2143 4996 Iu-

582 4994 747 5047 daeis.
771 4994 900 5059 Quia
925 4994 1135 5060 expedit
1163 4994 1324 5050 unum
1353 4994 1618 5052 hominem
1648 4996 1781 5050 muri
1807 5010 1900 5061 pro
1928 4994 2140 5061 populo.

583 5064 914 5131 Sequebatur
937 5072 1116 5117 autem
1145 5064 1325 5118 Iesum
1347 5067 1529 5120 Simon
1562 5068 1771 5130 Petrus,
1802 5074 1854 5120 et
1877 5065 2010 5118 alius
2038 5063 2149 5116 dis-
2175 5118 2178 5121 ,
2254 5062 2364 5129 Ego
2406 5063 2577 5131 palam
2626 5064 2833 5116 locutus
2874 5076 2990 5117 sum

3025 532 3201 600 pulus.
3229 530 3398 586 Disci-

3026 602 3180 683 pulus
3201 611 3379 683 autem

3025 671 3118 726 ille
3145 679 3261 725 erat

3024 750 3181 795 notus
3207 739 3439 809 Principi

3028 811 3368 864 Sacerdotum
3391 851 3406 871 .

3026 891 3079 933 et
3110 882 3186 948 (ὑ)
3211 880 3368 933 simul
3398 882 3483 934 in-
3537 926 3549 939 .

3028 950 3210 1021 traivit
3229 950 3270 1021 -ι-
3306 965 3424 1021 rum

3029 1020 3157 1097 tesu
3186 1019 3458 1097 εηξεεείιιιη

3030 1088 3416 1156 Principis'Sa-

3031 1159 3327 1216 cerdututn.

3034 1231 3122 1285 16.
3161 1229 3349 1283 Petrus
3388 1238 3565 1286 autem

3036 1300 3209 1355 stabat
3234 1299 3301 1353 ad
3328 1314 3409 1355 os-

3039 1382 3179 1425 teum
3208 1369 3355 1424 loris.

3039 1439 3221 1495 Exivit
3239 1451 3368 1509 ergo

3032 1509 3325 1579 discipulus
3351 1511 3443 1566 ille

3035 1580 3192 1644 alius,
3220 1582 3307 1650 qui
3330 1590 3449 1636 erat

3036 1658 3193 1721 notus
3216 1649 3446 1721 Principi

3035 1719 3405 1783 Sacerdotum,

3036 1797 3089 1843 et
3113 1788 3244 1842 dixit
3265 1790 3434 1842 ostia-

3034 1859 3147 1911 riae
3174 1874 3186 1909 :
3215 1866 3270 1911 et
3293 1859 3462 1912 intro-

3034 1927 3189 1998 duxit
3206 1927 3444 1998 Petrum.
3511 1994 3515 1998 _

3038 1997 3123 2068 17.
3166 1995 3307 2052 Dixit
3326 2013 3453 2068 ergo

3037 2066 3197 2121 Petro
3219 2068 3307 2126 illa

3042 2137 3231 2192 ancilla
3268 2160 3357 2200 οε.

3041 2206 3191 2262 tiaria
3210 2226 3223 2261 :

3037 2275 3300 2347 Numquid
3328 2293 3383 2340 et

3041 2358 3189 2425 lure!
3211 2356 3489 2425 discipulis

3037 2432 3098 2472 88
3122 2424 3351 2481 hominis

3040 2488 3232 2558 hujus?

3043 2559 3176 2617 Dicit
3211 2566 3299 2623 ille
3330 2584 3344 2621 :

3039 2628 3152 2683 Non
3179 2650 3319 2691 sum.

3036 2699 3121 2755 18.
3163 2706 3386 2763 Stabant

3035 2779 3213 2828 autem

3039 2846 3177 2898 servi
3214 2854 3267 2903 et
3292 2846 3452 2901 mini—

3039 2911 3135 2964 stri
3158 2914 3222 2968 ad
3250 2917 3440 2971 carbo-

3040 2994 3156 3046 nes,
3181 2988 3302 3054 quia
3335 2984 3509 3055 frigus

3040 3062 3156 3104 erat
3176 3070 3189 3107 :
3208 3063 3325 3108 erat
3459 3103 3473 3117 ,

3041 3130 3217 3177 autem
3243 3138 3361 3177 cum
3393 3124 3475 3178 eis

3042 3201 3093 3244 et
3125 3192 3314 3247 Petrus
3334 3201 3508 3255 stans,
3578 3238 3581 3241 .

3000 3288 3003 3289 ν
3046 3268 3098 3312 et
3126 3263 3445 3317 calefaciens
3466 3274 3547 3317 se.

3047 3328 3133 3384 t9.
3178 3331 3432 3403 Princeps

3048 3413 3177 3469 ergo

3048 3468 3397 3554 Sacerdotum

3050 3550 3397 3611 interrogavit

3048 3608 3231 3664 Iesum
3253 3608 3319 3665 de
3334 3612 3422 3671 ,di—

3051 3680 3271 3747 scipulis
3300 3681 3441 3748 ejus,

3046 3758 3101 3831 et
3125 3750 3191 3804 de
3220 3750 3462 3806 doctrina
3504 3751 3513 3763 '

3046 3834 3182 3885 eius.

3682 317 3800 372 ιέσ
3896 314 3898 319 ’

3050 3887 3141 3939 20.
3186 3887 3478 3955 Respondit
3508 3886 3672 3944 Iesus
3698 3886 3739 3938 ε’

3058 3956 3171 4023 Ego
3192 3959 3362 4023 palam
3389 3958 3470 4011 lo-

3058 4036 3210 4078 cutus
3236 4040 3352 4079 sum

2244 4372 2507 4436 Principis
2534 4366 2900 4426 Sacerdotum.
2929 4373 3115 4425 Petrus
3136 4366 3309 4424 autem
3332 4369 3504 4423 stabat
3530 4366 3596 4420 ad
3618 4369 3819 4420 ostium

2245 4439 2391 4493 furis.
2427 4441 2605 4495 Exivit
2632 4456 2761 4508 ergo
2790 4442 3080 4505 discipulus
3107 4441 3198 4495 ille
3226 4442 3359 4493 alius
3387 4439 3475 4507 qui
3507 4448 3624 4508 erat
3654 4449 3821 4490 notus

2249 4508 2474 4573 l’riucipi
2517 4507 2883 4563 Sacerdotum.
2910 4520 2962 4561 rt
2989 4510 3121 4565 dixit
3146 4511 3413 4564 ostiariae.
3440 4517 3491 4560 οι
3520 4507 3822 4559 introduxit

2249 4577 2668 4647 Petrtun.r[iieit
2721 4593 2846 4647 algu
2919 4579 3077 4631 Petro
3148 4579 3234 4632 illa
3315 4577 3505 4647 ancilla
3574 4577 3820 4647 ostiaria.

2250 4644 2511 4712 Numquid
2540 4657 2592 4699 et
2622 4658 2674 4701 tu
2699 4664 2761 4700 ex
2786 4644 3064 4713 discipulis
3087 4662 3143 4702 es
3168 4647 3396 4700 hominis
3420 4645 3597 4711 hujus.
3626 4645 3704 4696 Ad
3732 4647 3823 4697 ille

2249 4714 2340 4766 ait.
2396 4716 2507 4768 Non
2548 4731 2685 4768 sum.
2721 4716 2946 4771 Stabant
2984 4726 3159 4770 autem
3207 4721 3343 4767 servi
3387 4723 3439 4765 et
3479 4714 3709 4766 ministri
3754 4716 3822 4766 ad

2254 4797 2469 4849 prunas.
2514 4785 2632 4851 quia
2680 4784 2843 4848 frigus
2880 4796 3014 4838 erat.
3057 4794 3109 4838 et
3150 4782 3532 4838 calefaciebant
3582 4798 3662 4835 se.
3705 4794 3826 4837 erat

2252 4864 2427 4905 autem
2456 4868 2575 4906 cum
2605 4854 2681 4906 eis
2712 4855 2923 4907 Petrus.
2956 4863 3101 4907 stans
3127 4862 3180 4905 et
3206 4852 3524 4906 calefacieus
3550 4866 3631 4904 se.
3668 4852 3824 4904 Prin-

2251 4938 2376 4987 ρους
2418 4932 2595 4975 autem
2626 4923 2973 4977 Sacerdotum
3008 4920 3357 4992 interrogavit
3400 4919 3689 4992 Iesumde
3716 4922 3825 4974 dis-

2251 4993 2440 5061 cipulis
2466 4993 2600 5060 ejus.
2634 5001 2687 5045 et
2714 4992 2780 5046 de
2805 4992 3043 5046 doctrina
3071 4989 3534 5061 ejusfﬂespondit
3560 4989 3613 5044 ei
3641 4989 3822 5046 Iesus.

1843 5174 2074 5231 CODEX
2108 5171 2571 5229 CORBEIENSIS.

2328 5265 2412 5320 18.
2455 5263 2519 5318 ad
2571 5262 2848 5318 carbones.
2886 5302 2899 5316 .
2928 5300 2941 5315 .
2965 5263 3230 5319 recention'
3254 5279 3427 5329 manu,
3460 5272 3515 5319 et
3542 5263 3825 5318 calefacie-

656 5263 998 5338 ολρηχνιη.
1025 5293 1095 5302 -
1136 5264 1220 5318 11.
1270 5269 1321 5319 in
1353 5268 1595 5338 vaginam
1625 5283 1796 5325 suam.
1827 5306 1841 5322 .
1872 5305 1888 5322 .
1918 5271 1941 5300 '
1975 5281 2153 5323 nonne

590 5335 763 5388 bibam
794 5334 985 5388 illum?

2256 5336 2384 5389 baut
2413 5349 2491 5389 se.
2518 5342 2533 5348 ‘

1788 5424 2187 5484 VARIANTES
2222 5425 2618 5482 LECTIONES.

2325 5520 2346 5550 '
2375 5524 2477 5570 Gal.
2502 5521 2687 5571 alim.
2713 5535 2809 5574 non
2829 5523 2904 5574 vis
2919 5518 3117 5573 bibam?

1885 5620 2247 5680 BLANCHINI
2282 5620 2507 5679 NOTAE.
2530 5658 2535 5661 -

682 5721 754 5793 (a)
806 5718 1206 5797 Postgtadium.
1231 5722 1383 5779 deest
1404 5717 1759 5793 tuumLetiam
1800 5718 1853 5775 in
1895 5716 2015 5779 cod.
2049 5715 2681 5797 Cant.het_,60th.—(b)
2707 5716 2782 5776 Ita
2820 5725 2874 5778 et
2898 5714 3142 5793 temiGr.
3168 5710 3477 5776 συνεισῆλθε-

558 5556 559 5561 η
634 5519 669 5585 δι
705 5520 824 5567 Mm.
847 5516 998 5567 dedit.
1030 5515 1176 5581 Vulg.
1199 5518 1419 5568 dederat.
