5170 6518
1504 375 1609 432 479
2026 373 2297 432 EUSEBll
2331 372 2673 430 VERCELL.
2707 369 3151 429 EVANGELlUM
3176 369 3310 428 CUM
3352 369 3576 427 VARUS
3612 369 3760 427 COD.
3799 370 4188 428 COLLATUM.

1876 485 2102 543 CODEX
2146 485 2668 543 VERCELLENSIS.

1505 577 1676 647 legem
1705 583 1939 632 vestram

1502 647 1737 715 iudicate
1765 647 1832 702 de

1507 717 1618 771 illo.

1507 733 1618 771 1110.

1509 787 1766 841 Dixerunt
1804 788 1820 818 ¹
1860 800 1949 842 er-

1541 873 1572 910 o
1601 857 1673 910 illi
1700 855 1885 912 Judaei
1918 875 1929 908 :

1554 926 1669 980 obis
1700 942 1801 980 non

1506 997 1632 1050 licet
1655 1011 1837 1064 quent-

1505 1079 1659 1134 quam
1689 1067 1900 1121 occide-

1503 1135 1591 1189 32.
1634 1151 1722 1201 re;
1755 1147 1811 1190 ut
1837 1136 2053 1192 verbum

1501 1204 1625 1260 Jesu
1653 1205 1904 1275 implere-

1505 1285 1608 1339 tur,
1640 1275 1780 1344 quod
1806 1277 1886 1330 di-

1501 1345 1597 1408 xit,
1628 1346 1825 1413 signiﬁ-

1500 1430 1628 1469 cans
1665 1417 1685 1446 ’
1724 1429 1827 1484 qua
1857 1430 1998 1470 mor-

1500 1493 1552 1538 te
1583 1493 1725 1539 esset
1754 1485 1913 1539 mori-

1500 1564 1670 1608 turus.

1499 1624 1585 1677 3'5.
1629 1623 1848 1679 Intravit
1867 1639 1994 1694 ergo

1498 1694 1684 1748 iterum
1712 1695 1761 1748 in
1787 1710 1922 1762 prte-

1498 1764 1694 1818 torium
1719 1764 1859 1819 Pila-

1496 1842 1581 1888 1115
1607 1843 1661 1887 ΘΙ.
1686 1849 1842 1888 νοστι-

1497 1902 1570 1956 vit
1600 1903 1664 1956 ad
1693 1919 1751 1958 se
1776 1904 1977 1968 Jesum,

1495 1981 1552 2026 et
1573 1972 1704 2025 dixit
1724 1975 1790 2026 ad
1816 1989 1936 2028 eum
1963 1990 1975 2025 :

1495 2040 1575 2094 Tu
1604 2055 1663 2096 es
1695 2042 1803 2096 Re’x
1826 2043 1918 2097 Ju-

1494 2110 1584 2164 54.
1626 2111 1915 2167 daeorum?
1937 2113 2003 2168 Et

1403 2220 1414 2237 ,ι
1496 2183 1772 2247 respondit

1494 2250 1674 2324 Jesus;
1694 2253 1737 2307 A
1755 2263 1808 2324 te
1835 2253 1966 2309 haec
1989 2253 2144 2324 dicis,
2168 2269 2234 2310 an

1495 2322 1584 2375 alii
1613 2321 1704 2376 tibi
1733 2323 1880 2379 dixe-

1493 2392 1650 2444 runt?
2095 2438 2102 2445 .

1493 2461 1582 2515 35.
1627 2461 1919 2531 Respondit
1940 2463 2080 2518 Pila-

1497 2538 1580 2584 tus
1605 2546 1618 2582 :
1646 2531 1909 2601 Numquid

1496 2608 1550 2653 et
1573 2614 1672 2669 ego
1699 2601 1890 2657 Judae-

1497 2685 1559 2724 us
1580 2673 1731 2725 sum?
1758 2672 1898 2729 Gens

1498 2748 1605 2805 tua,
1641 2751 1694 2795 et
1722 2742 1897 2798 Princi
1911 2775 1928 2786 -

1500 2823 1593 2877 pes
1621 2809 1879 2870 Sacerdo-

1500 2889 1608 2932 tum
1640 2883 1872 2938 tradide-

1500 2957 1624 3002 runt
1651 2959 1700 3004 te
1729 2956 1823 3008 mi-

1501 3016 1553 3070 hi
1586 3034 1600 3069 :
1632 3023 1754 3087 quid
1782 3025 1932 3080 fecis-

1611 3091 1706 3162 _ti?
1737 3094 1979 3162 Respon-

1499 3157 1578 3210 dit
1603 3157 1757 3216 Jesus
1787 3182 1800 3216 :
1826 3157 2065 3235 Regnum

1500 3243 1675 3283 meum
1709 3249 1814 3288 non

1500 3307 1582 3350 est
1609 3300 1673 3356 de
1705 3304 1803 3360 hoc
1833 3320 1986 3359 mun-

1500 3367 1606 3420 do:
1636 3375 1678 3424 si
1719 3375 1739 3404 ³
1777 3391 1842 3429 ex
1869 3376 1970 3430 hoc

1503 3441 1702 3497 mundo
1729 3455 1873 3498 esset

1503 3519 1724 3573 regnum
1754 3528 1864 3568 me-

1503 3589 1616 3654 um,
1649 3582 1838 3654 minis-

1505 3652 1569 3696 lri
1599 3652 1700 3705 mei
1729 3667 1859 3706 con-

1503 3728 1794 3785 certarent,

1504 3799 1573 3837 ne
1593 3806 1690 3860 ego
1712 3792 1889 3846 trade-

1505 3868 1592 3908 rel‘
1615 3861 1837 3917 Judaeis
1867 3879 1879 3915 :

2319 591 2462 632 nunc
2483 585 2661 630 autem

2320 661 2544 716 regnum
2572 661 2684 701 me-

2320 733 2409 771 um
2437 732 2541 770 non
2568 727 2652 770 BS!

2320 786 2464 841 hinc.

2319 858 2404 910 57.
2451 858 2537 910 Ait
2564 857 2764 913 Pilatus
2797 875 2809 912 :
2843 859 2918 913 Tu

2318 942 2446 996 ergo
2467 927 2576 980 Rex
2608 943 2666 981 es

2318 995 2638 1054 Judaeorum
2664 997 2686 1048 ?

2318 1065 2624 1134 Respondet
2646 1067 2800 1124 Iesus
2825 1087 2838 1123 :

2316 1137 2396 1190 Tu
2420 1137 2575 1200 dicis,
2599 1139 2720 1205 quia

2314 1206 2430 1260 Rex
2453 1222 2568 1261 sum
2596 1222 2714 1276 ego.

2315 1277 2394 1329 Ad
2428 1280 2527 1331 hoc
2555 1289 2712 1331 natus

2313 1361 2451 1410 sum,
2480 1357 2529 1401 et
2557 1347 2624 1400 ad
2655 1348 2754 1402 hoc

2311 1417 2434 1471 veni
2465 1419 2516 1470 in
2546 1417 2685 1473 hunc

2311 1489 2588 1551 mundum,

2311 1565 2368 1610 ut
2397 1558 2635 1612 testimo-

2311 1629 2456 1697 nium
2487 1628 2670 1697 perhi-

2309 1696 2462 1751 beam
2491 1696 2636 1751 veri-

2311 1768 2405 1818 tati
2437 1785 2448 1818 :
2477 1767 2651 1820 omnis
2687 1809 2700 1831 ,

2309 1837 2398 1903 qui
2429 1837 2496 1889 de
2527 1837 2666 1890 veri-

2312 1913 2417 1959 tate
2434 1914 2536 1969 est,
2561 1921 2658 1960 au-

2307 1975 2384 2028 dit
2411 1990 2597 2030 vocem

2307 2060 2502 2099 meam.

2307 2116 2396 2169 58.
2435 2117 2523 2170 Ait
2544 2117 2619 2170 illi
2639 2115 2839 2170 Pilatus
2863 2133 2874 2168 :

2306 2186 2443 2252 Quid
2468 2195 2551 2240 est
2571 2201 2660 2240 ve-

2308 2260 2440 2310 ritas
2468 2255 2491 2307 ?
2519 2256 2608 2319 Et,
2631 2270 2755 2310 cum

2311 2325 2412 2379 hoc
2432 2325 2656 2380 dixisset
2683 2366 2700 2392 ,

2309 2397 2502 2449 iterum
2528 2393 2660 2449 foris

2308 2465 2331 2496 ⁸
2358 2479 2609 2533 egressus
2635 2473 2720 2520 est

2307 2535 2375 2589 ad
2403 2535 2670 2601 Iudaeos,

2309 2615 2366 2661 et
2392 2608 2466 2660 ait
2485 2607 2590 2660 illis
2614 2623 2626 2658 :
2653 2605 2775 2676 Ego;

2310 2678 2510 2731 nullam
2543 2677 2596 2730 in

2310 2748 2405 2800 illo
2432 2747 2646 2801 invenio

2308 2817 2399 2871 39.
2441 2832 2675 2870 causam.
2713 2817 2804 2871 Est

2312 2897 2492 2940 autem
2512 2887 2660 2941 vobis
2704 2941 2712 2945 .

2313 2957 2333 2986 ⁸
2363 2967 2648 3011 consuetu-

2311 3029 2402 3092 do,
2435 3037 2492 3081 ttt
2516 3042 2675 3079 unum

2313 3098 2577 3154 dimittam

2314 3168 2465 3223 vobis
2494 3183 2508 3221 :
2543 3166 2698 3220 vultis

2314 3253 2442 3308 ergo
2483 3237 2676 3306 Regem

2315 3309 2636 3364 Judaeorum
2659 3308 2682 3358 ’ἶ

2317 3380 2403 3433 40.
2444 3373 2821 3431 Clamaverunt

2318 3457 2490 3502 autem
2522 3463 2728 3511 omnes,

2317 3516 2551 3572 dicentes
2581 3533 2596 3571 :
2619 3517 2732 3570 Non

2319 3586 2478 3650 hunc,
2502 3587 2598 3641 sed
2624 3586 2724 3639 Ba-

2319 3658 2540 3711 rabban.
2575 3657 2700 3709 Erat

2319 3737 2493 3779 autem
2519 3726 2719 3779 Barab-

2321 3794 2414 3850 bas
2445 3796 2604 3849 latro.

3592 482 3816 541 CODEX
3853 483 4299 542 VERONENSIS.

3163 592 3282 660 38m
3304 585 3535 660 vestram

3157 647 3394 716 iudicate
3411 648 3479 702 de

3163 732 3246 771 80.

3163 787 3422 841 Dixerunt
3450 801 3580 855 ergo

3161 859 3209 914 ei
3232 857 3417 911 Judaei
3446 875 3458 908 :
3489 857 3646 911 Nobis

3161 943 3266 981 non
3297 927 3421 981 licet
3448 928 3530 980 in-

3162 997 3402 1050 terticere
3427 1011 3610 1066 quem-

3158 1067 3248 1120 52.
3287 1083 3477 1134 quam;
3503 1077 3558 1120 ut
3579 1081 3691 1120 ser—

3132 1168 3134 1170 -
3160 1151 3248 1189 mo
3276 1136 3401 1190 Jesu
3427 1139 3524 1189 im-

3159 1207 3363 1274 pleatur
3386 1249 3400 1271 ,
3427 1222 3585 1275 quem

3158 1275 3326 1341 dixit,
3351 1277 3552 1346 signiti-

3156 1359 3283 1400 cans
3310 1361 3411 1414 qua
3454 1355 3625 1400 morte

3159 1424 3479 1469 moreretur.

3155 1484 3242 1538 55.
3291 1486 3535 1539 Introivit

3154 1568 3282 1624 ergo
3313 1557 3504 1608 iterum

3117 1674 3120 1676 γ
3154 1623 3212 1700 i_n‘
3221 1623 3552 1700 praetorium

3155 1692 3375 1756 Pilatus,
3406 1703 3460 1747 et

3157 1765 3366 1818 vocavit
3388 1762 3565 1818 Jesum
3597 1804 3611 1828 ,

3157 1842 3211 1888 et
3232 1833 3361 1886 dixit
3386 1831 3460 1885 illi
3494 1849 3506 1884 :

3159 1902 3236 1956 Ttt
3259 1918 3316 1956 es
3344 1902 3454 1956 Rex

3155 1972 3470 2027 Judaeorum
3497 1973 3519 2026 i

3157 2045 3244 2096 54.
3291 2042 3586 2111 Respondit
3629 2041 3826 2098 Jesus:

3157 2112 3199 2166 Α
3233 2123 3280 2166 te
3319 2114 3546 2180 metipso

3159 2183 3231 2252 (a)
3265 2191 3316 2236 tu
3345 2183 3380 2252 ειη
3411 2185 3510 2237 lioe

3156 2253 3307 2317 dicis,
3339 2268 3404 2306 an
3427 2253 3517 2306 alii

3157 2323 3249 2375 tibi
3277 2324 3526 2376 dixerunt

3153 2393 3221 2444 de
3257 2393 3383 2444 me?

3155 2463 3243 2516 '55.
3302 2462 3596 2530 Respondit
3639 2460 3777 2515 Pila-
3815 2506 3820 2510 .

3155 2541 3242 2586 tus
3270 2550 3281 2584 :
3316 2531 3579 2599 Numquid

3155 2617 3255 2670 ego
3282 2601 3517 2656 Judaeus

3156 2673 3311 2727 sum?
3342 2672 3482 2726 Gens
3512 2685 3618 2735 tua,

3158 2752 3215 2798 et
3245 2741 3500 2812 Princeps

3159 2814 3506 2869 Sacerdotum

3162 2883 3496 2938 tradiderunt

3163 2965 3215 3008 te
3234 2953 3360 3005 mihi
3389 2972 3400 3005 :
3425 2952 3548 3022 quid

3163 3024 3333 3078 fecisti
3357 3024 3378 3075 ?

3161 3093 3250 3150 56.
3300 3090 3591 3162 Respondit
3618 3091 3772 3146 Jesus
3795 3104 3809 3153 ;

3166 3164 3405 3232 Regnum
3453 3176 3626 3214 meum

3165 3249 3270 3288 non
3295 3243 3376 3287 est
3393 3232 3462 3286 de

3164 3303 3363 3359 mundo
3393 3303 3492 3356 hoc
3515 3317 3529 3354 :

3165 3375 3209 3428 si
3234 3373 3300 3428 de
3321 3374 3422 3426 hoc

3166 3441 3364 3498 mundo
3391 3452 3535 3498 esset

3128 3511 3138 3516 ’
3167 3529 3384 3584 regnum
3415 3527 3588 3584 meum
3610 3552 3626 3576 ,

3167 3583 3394 3638 ministri
3419 3583 3525 3637 mei

3167 3654 3526 3716 decertarent,

3168 3732 3223 3776 ut
3251 3739 3355 3774 non
3393 3721 3634 3776 traderer

3168 3791 3384 3846 Judaeis
3419 3809 3431 3844 :
3460 3807 3600 3845 nunc

3170 3872 3346 3914 autem
3378 3875 3604 3929 regnum
3633 3866 3636 3868 ’

2809 3973 3035 4032 CODEX
3074 3973 3455 4029 RRIXIANUS.

3975 593 4152 633 meum
4179 592 4283 631 non

3974 660 4055 704 est
4085 649 4227 700 hinc.

3976 720 4061 771 57.
4099 718 4235 770 Dixit
4259 715 4438 785 itaque

3975 789 4020 840 ei
4049 787 4251 840 Pilatus
4282 804 4292 837 :

3974 858 4117 924 Ergo
4147 856 4259 909 Rex

3973 942 4030 981 es
4063 936 4113 978 tu
4137 927 4159 977 ?

3973 995 4264 1065 ReSpondit
4311 994 4465 1051 Jesus
4494 1011 4507 1047 :

3973 1066 4048 1119 Tu
4079 1067 4212 1119 dicis
4232 1105 4246 1130 ,
4277 1065 4398 1134 quia

3973 1135 4086 1190 Rex
4118 1151 4234 1188 sum

3971 1221 4089 1274 ego.

3974 1277 4084 1345 Ego
4121 1275 4185 1328 ad
4211 1275 4312 1330 hoc

3971 1356 4128 1400 natus
4151 1361 4290 1409 sum,

3971 1426 4025 1470 et
4055 1416 4116 1469 ad
4156 1415 4256 1469 hoc

3971 1488 4090 1540 veni
4123 1488 4172 1538 in
4199 1487 4338 1540 hunc

3974 1555 4247 1617 mundum.
4271 1565 4330 1609 ut

3975 1627 4332 1680 testimonium

3971 1696 4275 1764 perltibeam
4305 1695 4436 1752 veri-

3973 1766 4064 1818 tati
4102 1785 4113 1818 :
4145 1767 4319 1820 omnis

3971 1835 4059 1902 qui
4089 1844 4168 1889 est
4195 1852 4259 1889 ex

3973 1906 4214 1968 veritate,
4241 1907 4390 1960 audit

3972 1991 4142 2029 meam
4169 1990 4377 2030 vocem.

3971 2045 4055 2099 58.
4087 2046 4217 2098 Dicit
4233 2047 4279 2098 ci
4318 2046 4402 2099 Pi-

3971 2115 4108 2168 latus
4139 2133 4150 2166 :
4181 2114 4332 2182 Quid?

3969 2195 4050 2238 est
4077 2186 4270 2238 veritas
4295 2185 4318 2236 ?

3971 2254 4053 2314 Et.
4085 2269 4204 2308 cum
4233 2255 4333 2309 hoc

3970 2324 4212 2386 dixisset,
4243 2325 4432 2381 iterum

3967 2395 4131 2449 exivit
4158 2395 4222 2449 ad

3967 2463 4218 2528 Iudaeos,
4251 2475 4305 2520 et

3969 2535 4094 2606 dicit
4120 2537 4197 2589 eis
4221 2554 4233 2588 :
4258 2537 4368 2606 Ego

3973 2605 4167 2658 nullam
4200 2605 4343 2661 inve-

3972 2677 4060 2729 nio
4082 2677 4130 2729 in
4157 2691 4223 2731 eo

3971 2761 4204 2802 causam.

3971 2816 4056 2871 '59.
4103 2816 4196 2870 Est
4212 2825 4388 2871 autem
4410 2831 4538 2872 con-

3970 2885 4192 2939 suetudo
4218 2887 4368 2942 vobis
4401 2929 4416 2954 ,

3972 2965 4028 3008 ut
4050 2972 4211 3009 unum
4231 2958 4310 3010 di-

3973 3027 4176 3080 mittam
4202 3029 4251 3080 in
4276 3028 4376 3080 Pa-
4396 3077 4413 3092 ,

3976 3097 4101 3150 scita
4130 3097 4281 3151 vobis
4307 3116 4320 3151 :

3977 3181 4104 3234 ergo
4133 3167 4310 3221 dimit-

3978 3246 4081 3307 tam
4106 3238 4254 3291 vobis
4281 3238 4482 3307 Regem

3977 3306 4296 3360 Judaeorum
4315 3313 4337 3359 ’ἰ

3977 3376 4067 3428 40.
4109 3375 4485 3430 Clamaverunt

3978 3459 4104 3513 ergo
4132 3459 4321 3500 omnes
4353 3464 4366 3498 :

3977 3515 4090 3568 Non
4117 3514 4278 3578 hunc,
4306 3515 4398 3568 sed

3978 3584 4253 3638 Barabban
4265 3622 4277 3634 .
4467 3584 4471 3587 ’

3980 3654 4105 3708 Erat
4127 3664 4302 3707 autem

3985 3723 4254 3778 Barabbas

3985 3795 4143 3848 latro.

4633 364 4733 420 ιδο

1509 4073 1680 4144 legem
1729 4083 1961 4144 vestram
2007 4074 2234 4144 iudicate
2289 4089 2449 4144 eum.
2507 4073 2764 4126 Dixerunt
2819 4084 2946 4139 ergo
3019 4070 3068 4123 ei

1507 4141 1712 4195 Judaei.
1779 4142 1940 4198 Nobis
1991 4141 2092 4198 non
2149 4145 2270 4199 licet
2307 4143 2554 4196 occidere
2621 4155 2959 4211 quemquam.
3013 4149 3070 4192 ut

1509 4225 1686 4263 sermo
1730 4212 1855 4266 Jesu
1911 4215 2222 4282 impleretur
2268 4230 2424 4285 quem
2453 4214 2609 4267 dixit.
2640 4212 2941 4285 signiﬁcans
2967 4225 3067 4278 qua

1511 4289 1681 4352 morte
1705 4293 1846 4352 esset
1879 4288 2180 4339 moriturus.
2215 4282 2461 4338 lntroibit
2489 4284 2830 4352 ergoliterum
2855 4282 3070 4352 iniprze-

1512 4349 1705 4403 torium
1748 4350 1961 4404 Pilatus.
2007 4367 2057 4406 et
2089 4359 2296 4407 vacavit
2324 4355 2503 4406 Jesum
2547 4349 2602 4407 et
2638 4353 2770 4406 dixit
2795 4352 2864 4406 ei.
2901 4351 2978 4404 Tu
3012 4364 3068 4403 es

1511 4420 1623 4472 Rex
1649 4418 1989 4472 .ludaeorum.
2021 4421 2315 4488 Respondit
2344 4423 2519 4474 Jesus.
2554 4426 2596 4474 Α
2629 4431 2680 4475 te
2707 4423 2932 4483 metipso
2973 4421 3070 4471 hoc

1513 4490 1646 4543 dicis
1673 4504 1739 4541 an
1765 4489 1851 4542 alii
1885 4490 1973 4543 tibi
2005 4490 2250 4555 dixerunt
2280 4492 2345 4542 de
2377 4505 2478 4541 me.
2521 4490 2816 4556 Respondit
2843 4489 3063 4540 Pilatus.

1513 4559 1770 4629 Numquid
1801 4575 1899 4628 ego
1928 4560 2162 4614 Judaeus
2191 4574 2330 4610 sum.
2376 4559 2518 4629 Gens
2551 4569 2676 4629 tua._
2705 4567 2759 4629 et
2798 4557 3072 4629 Principes

1514 4623 1876 4684 Sacerdotuni.
1913 4629 2244 4683 tradiderunt
2275 4639 2326 4680 te
2355 4626 2504 4679 mihi.
2553 4626 2679 4695 quid
2711 4624 2902 4695 iecisti.
2936 4623 3070 4695 Res-

1516 4701 1699 4772 pendit
1720 4700 1890 4755 Jesus.
1918 4701 2158 4768 Regnum
2190 4712 2362 4751 meum
2392 4711 2492 4749 non
2519 4693 2600 4751 est
2624 4695 2693 4750 de
2724 4693 3067 4772 lieeniundo.

1516 4765 1559 4818 Si
1589 4785 1652 4821 ex
1693 4771 1788 4823 hoc
1816 4765 2022 4824 mundo
2043 4779 2188 4823 esset
2219 4783 2439 4837 regnum
2471 4782 2668 4821 meum.
2705 4765 2936 4837 ministri
2965 4765 3070 4815 mei

1519 4837 1697 4906 utique
1722 4849 2110 4895 concertarent.
2153 4854 2219 4894 ne
2257 4836 2496 4894 traderer
2527 4836 2762 4894 Iudaeis.
2810 4849 2951 4889 nunc
2977 4847 3071 4885 au-

3178 4077 3300 4122 tem.
3331 4081 3548 4133 regnum
3583 4083 3754 4121 meum
3783 4083 3885 4122 non
3910 4079 3990 4122 est
4015 4071 4152 4123 hinc.
4199 4072 4337 4126 Dixit
4366 4073 4542 4133 itaque
4571 4074 4621 4127 ei
4651 4075 4733 4127 Pi-

3175 4139 3330 4192 latus.
3379 4138 3516 4206 Ergo
3562 4136 3669 4190 Rex
3715 4153 3772 4191 es
3810 4148 3882 4192 tu.
3931 4139 4226 4208 Respondit
4263 4141 4416 4195 Jesus
4459 4136 4539 4196 Tu
4581 4145 4733 4197 dicis.

3173 4210 3295 4278 quia
3331 4209 3440 4262 Rex
3484 4224 3600 4262 sum
3629 4223 3746 4276 ego.
3780 4209 3888 4278 Ego
3915 4209 3964 4261 in
4009 4212 4105 4264 hoc
4147 4219 4299 4264 natus
4334 4227 4471 4264 sum.
4519 4223 4576 4266 et
4619 4214 4736 4266 ideo

3174 4280 3293 4332 veni
3325 4281 3372 4332 in
3409 4278 3622 4332 mundo.
3668 4288 3722 4331 ut
3763 4279 4120 4332 testimonium
4166 4280 4470 4346 perhibeam
4501 4284 4734 4336 veritati.

3175 4351 3350 4402 omnis
3387 4350 3474 4418 qui
3512 4359 3591 4402 est
3619 4364 3683 4402 ex
3707 4351 3946 4403 veritate.
3980 4351 4127 4402 audit
4155 4366 4334 4404 vocem
4376 4367 4568 4405 meam.
4603 4352 4738 4404 Dicit

3177 4419 3224 4470 ei
3258 4419 3476 4472 Pilatus.
3501 4419 3635 4481 Quid
3664 4428 3746 4471 est
3772 4421 3982 4473 veritas.
4014 4420 4219 4473 Etcum
4246 4421 4345 4474 hoc
4373 4421 4616 4474 dixisset.
4646 4424 4737 4473 ite-

3179 4501 3294 4538 rum
3323 4488 3484 4539 exivit
3507 4489 3570 4556 ad
3594 4487 3844 4541 Judaeos.
3877 4499 3929 4541 et
3954 4492 4028 4540 ait
4057 4491 4176 4542 illis.
4214 4492 4321 4556 Ego
4349 4490 4546 4541 nullam
4590 4489 4736 4540 inve-

3180 4556 3268 4607 nio
3296 4570 3510 4607 causam
3552 4555 3603 4606 in
3633 4570 3717 4608 eo.
3767 4558 3859 4609 Est
3887 4566 4060 4610 autem
4101 4555 4430 4610 consuetudo
4469 4557 4646 4609 vobis.
4690 4566 4735 4608 ut

3180 4639 3339 4674 unum
3377 4624 3640 4693 dimittam
3670 4625 3816 4677 vobis
3846 4627 3896 4677 in
3935 4627 4157 4680 Pascha.
4193 4627 4350 4677 vultis
4379 4639 4526 4693 ergo.
4557 4625 4736 4678 dimit-

3180 4701 3284 4744 tam
3308 4690 3460 4745 vobis
3483 4692 3678 4759 Regem
3706 4693 4043 4748 Judaeorum.
4077 4690 4520 4748 Exclamaverunt
4548 4695 4736 4750 iterum

3178 4775 3368 4815 omnes
3393 4760 3650 4814 dicentes.
3685 4761 3799 4816 Non
3832 4763 3989 4830 hunc,
4032 4765 4126 4820 sed
4155 4764 4452 4820 Barabban.
4485 4765 4619 4821 Erat
4645 4783 4736 4821 au-

3179 4839 3282 4905 tem
3322 4830 3587 4887 Barabbas
3624 4832 3780 4886 latro.

2748 4947 3008 5023 ,consx
3040 4926 3505 5005 'CORBEIENSIS.

1583 5047 1673 5101 40.
1712 5045 1882 5101 Rabbi
1914 5047 2191 5101 Barabam.

1515 5307 1633 5356 ergo
1658 5296 1701 5340 ei
1728 5291 1904 5342 Judaei
1930 5307 1941 5339 :
1968 5291 2131 5343 Nobis.

1575 5338 1879 5417 3riliiannia
1891 5338 2198 5404 essetmorte
2223 5354 2496 5404 moriturus.
2531 5355 2676 5418 Vulg.
2709 5369 2804 5417 qua
2821 5338 2982 5404 morte,
2998 5369 3078 5403 es-

1513 5427 1591 5468 set
1616 5419 1897 5466 moriturus.

1580 5480 1599 5509 ³
1633 5486 1733 5527 Cat.
1759 5480 1820 5526 de
1846 5479 2078 5530 mundo...
2102 5492 2166 5530 ne
2189 5476 2427 5528 traderer.
2475 5476 2619 5541 Vulg.
2644 5477 2708 5528 de
2729 5478 2819 5527 hoc
2840 5479 3074 5527 mundo...

1520 5550 1572 5589 ut
1598 5553 1692 5587 non
1715 5542 1949 5590 traderer.

2718 5140 3106 5198 VARIANTES
3143 5140 3539 5200 LECTIONES.

1577 5237 1592 5266 ⁸
1631 5229 2296 5297 Gat._ergo_1udaei:Nobis.
2323 5236 2438 5283 Mm.
2464 5247 2584 5297 ergo
2623 5236 2703 5284 ei:
2737 5235 2905 5285 Nobis.
2933 5232 3076 5296 Vulg.

3179 5249 3279 5299 sam
3306 5238 3474 5299 mortis
3493 5239 3685 5287 invenio
3709 5240 3759 5287 tu
3779 5251 3856 5287 eo.
3897 5241 4012 5288 Mm.
4039 5237 4097 5299 ad
4135 5234 4346 5286 Iudaeos
4378 5236 4521 5299 foras,
4563 5244 4614 5288 et
4633 5240 4736 5288 dicit

3181 5297 3346 5365 adfos
3375 5297 3697 5365 :_Ego._Vttlg.
3744 5302 3893 5348 exivit
3939 5300 3994 5346 ad
4033 5298 4260 5358 Judaeos,
4299 5305 4349 5348 et
4369 5297 4605 5350 dixit'eis.
4646 5301 4738 5361 Ego

3180 5357 3358 5405 nullam
3384 5357 3576 5410 invenio
3601 5357 3734 5410 in'eo
3753 5374 3958 5410 causam.

3242 5420 3262 5448 ³
3297 5421 3412 5467 Mm.
3461 5426 3754 5473 consuetudo
3797 5425 4054 5479 vobiscum,
4101 5430 4153 5470 ut
4179 5435 4326 5469 unum
4349 5423 4584 5471 dimittam
4612 5423 4737 5470 vobis

3180 5480 3389 5550 vinctum
3431 5483 3478 5550 in
3519 5483 3728 5550 P3531132
3748 5482 3890 5550 Vulg.
3934 5483 4233 5534 consuetudo
4257 5485 4410 5546 vobis,
4435 5491 4488 5532 ut
4505 5496 4654 5532 unum
4676 5484 4736 5530 di-

3178 5541 3358 5590 mittam
3375 5544 3508 5594 vobis
3531 5546 3580 5594 ln
3597 5546 3794 5597 Pascha.

1584 5601 1603 5631 ⁵
1639 5602 1742 5652 Gat.
1763 5605 1916 5656 exivit
1940 5602 1997 5654 ad
2021 5603 2255 5668 Iudaeos,
2273 5609 2325 5654 et
2339 5600 2457 5654 dicit
2480 5602 2612 5652 eis...
2637 5599 2742 5663 Ego
2762 5604 2941 5654 nullam
2965 5617 3077 5654 cau-

1598 5776 1669 5848 (u)
1699 5778 1854 5834 Addit
1894 5791 1966 5851 tu,
2006 5781 2164 5837 etiam
2207 5791 2312 5838 tex.
2347 5783 2439 5839 Gr.
2468 5783 2584 5838 σῦ.’

2821 5685 3180 5744 BLANCHIN]
3218 5687 3463 5764 nom;
