1949 3237
307 213 422 243 CODEX
439 214 714 244 YEBCELLENSIS.

131 268 196 293 nem.
210 260 321 296 etdedil
476 279 479 282 ~
523 261 600 289 bulas
611 268 665 296 quo
678 262 715 289 vi.
739 282 746 289 .
765 277 779 282 -

131 296 182 327 illis,
194 299 222 323 et
233 295 314 331 piscis
524 303 584 324 cum
597 295 671 324 aulo.
690 316 697 323 .

129 330 248 358 similiter.
525 332 668 359 senueris..
679 351 686 359 .
705 347 719 352 -

129 366 165 401 ιι.
183 365 238 401 Hoc
248 365 304 401 jam
317 366 398 394 tertio
526 366 629 394 tendes.
651 386 658 393 .
680 381 694 387 -

129 400 254 428 ‘oslendit
267 408 297 428 se
527 409 577 428 nus
590 406 659 428 luas.
681 422 688 428 .
707 416 721 422 -

128 434 196 463 Jesus
207 435 365 471 discipulis,
527 440 568 463 ter
582 441 617 464 te.
640 457 646 462 .
668 455 675 462 .
694 451 707 456 -

130 474 259 507 postquam
273 478 289 498 a
526 471 574 505 git.
597 491 604 497 .
627 491 633 498 .
657 490 664 497 .
687 490 694 497 .
715 490 737 507 .-

129 505 232 533 mortuis
246 513 289 533 re-
526 509 554 532 te
567 513 629 539 quo.
651 525 658 532 .
682 526 689 533 .
710 525 718 532 .
734 505 744 531 ’.

130 540 166 568 l5.
184 541 309 581 surrexit.
322 539 389 568 Cum
528 540 642 581 ἒβη-γῆξ.
663 540 720 581 ligo
732 545 819 568 autent

128 575 306 644 ἓὲἕὲξῖῗῗῗῆ
318 610 397 638 Jesus
525 574 721 644 3;.2'5"q‘.}§'.'.§“‘

129 644 198 672 Petro
212 654 219 672 :
237 659 239 661 -
526 649 639 670 morlem
652 644 699 671 ho-

127 679 209 708 Simon
224 679 331 707 Johan--
526 679 678 706 norilicatu—

126 715 163 742 nis
173 722 244 742 amas
258 722 301 741 me
309 714 322 741 ἲ
525 720 571 740 rus
584 713 595 729 ⁵
608 718 681 741 esset
692 714 785 741 Deum.

125 750 162 777 Ait
173 749 210 776 illi
225 757 232 775 :
245 748 343 784 Utique
353 769 362 782 ,

126 784 238 811 Domine.
256 784 300 811 Ait
314 784 353 811 illi
367 791 374 811 :
461 815 465 816 ν

125 818 200 854 Pasce
215 819 253 854 (a)
270 826 334 846 oves
346 819 366 854 -ι-
380 826 437 846 me-

125 853 164 880 Ιϐ.
182 853 224 880 πί
236 854 307 882 Dicit
320 853 359 882 illi
372 854 422 881 ile-

123 896 177 916 rum
189 897 196 915 :
211 889 303 917 Simott

123 923 264 956 Johannes,
278 931 353 951 amas
371 924 434 952 me?
445 923 491 951 Di‘

122 959 157 986 cit
168 959 203 985 illi
216 968 223 985 :
238 958 350 994 Ulique“.
366 959 489 986 Domine.

122 994 162 1021 17.
182 994 225 1021 Ait
243 994 281 1021 illi
301 1002 308 1020 :
328 994 410 1021 Pasce
427 1001 492 1021 oves

123 1036 200 1056 meas.
210 1028 280 1056 Dicil
293 1028 331 1056 illi
345 1029 439 1056 tertio:
449 1028 492 1056 Si-

525 748 571 775 Ait
583 748 621 775 illi
636 757 642 774 :
658 748 778 782 Sequere

525 782 570 817 29.
591 790 643 810 me.
656 783 689 811 Et
705 790 818 811 conver-

525 825 571 844 sus
584 818 679 845 Petrus
692 818 731 844 vi-

525 852 565 880 dit
586 853 758 887 discipulum,
773 861 825 888 q...
840 853 899 881 dili-

526 887 613 921 Jesus,
629 896 743 924 sequcn-
782 887 790 888 ί
808 887 899 924 [gebat

526 927 591 955 lem,
604 923 649 958 qui
661 927 689 950 et
699 930 740 950 re-

526 958 655 985 cubuerat
669 959 694 985 in

526 1000 591 1020 cena
605 1001 684 1025 supra

528 1032 620 1062 pectus
629 1027 704 1060 Jesu,
716 1033 744 1055 et

123 1071 180 1090 mon
191 1063 336 1096 Johannes,
351 1070 426 1090 amas
527 1062 553 1090 d.
577 1082 583 1088 .
598 1068 654 1089 erat
667 1071 674 1088 :
690 1062 812 1095 Domine,

122 1097 316 1126 melConIris-
530 1116 537 1123 .
561 1118 567 1123 .
589 1115 596 1123 .
617 1097 640 1124 is
654 1102 706 1129 est,
722 1098 769 1132 qui
785 1119 791 1122 .

122 1137 188 1160 tatus
198 1133 303 1161 estPe-
334 1148 337 1150 -
528 1132 574 1158 2i.
597 1152 603 1158 .
626 1151 632 1157 .
655 1151 663 1159 .
683 1133 728 1159 det
742 1132 784 1159 te?
799 1132 874 1160 Hunc

122 1173 185 1200 tros,
199 1167 269 1203 quod
283 1167 324 1194 di-
530 1187 536 1193 .
560 1185 566 1192 .
589 1186 596 1194 .
618 1186 625 1192 .
649 1186 655 1192 .
677 1185 685 1193 .
708 1186 715 1193 .
735 1167 831 1203 videns

121 1202 316 1230 xitiili'tertio:
390 1226 394 1229 .
530 1221 536 1227 .
559 1221 565 1228 .
589 1221 595 1227 .
617 1219 624 1227 .
648 1221 654 1228 .
675 1209 717 1233 us,
730 1202 768 1228 ait
781 1202 814 1229 ad

120 1239 199 1265 Amas
210 1237 331 1264 me?Ait
531 1256 537 1262 .
560 1256 566 1262 .
589 1256 596 1262 .
619 1255 626 1261 .
647 1255 654 1262 .
676 1237 798 1269 Domine,
816 1236 859 1263 hic

120 1272 158 1299 iiii
174 1272 324 1300 :Omnialu
532 1290 538 1296 .
563 1290 569 1295 .
592 1291 598 1296 .
621 1289 628 1296 .
650 1290 657 1296 .
680 1291 686 1297 .
707 1270 789 1304 quid?

120 1306 374 1338 nos1iDomioe;tu
530 1324 538 1331 .
577 1325 584 1331 .
624 1325 631 1332 .
671 1324 678 1331 .
716 1324 724 1331 .
764 1325 772 1332 .
812 1325 819 1332 .
859 1324 865 1331 .

119 1342 172 1369 scis
185 1341 328 1376 quodamo
359 1374 373 1376 _
529 1340 575 1367 22.
597 1359 604 1366 .
627 1359 634 1366 .
657 1359 664 1366 .
688 1360 694 1366 .
717 1359 723 1366 .
746 1358 754 1366 .
776 1359 784 1368 .
804 1346 851 1367 vo-

120 1381 156 1404 le.
170 1376 181 1392 ³
195 1374 268 1403 Dixit
282 1375 323 1402 illi
338 1383 345 1402 :
359 1374 423 1402 Pas-
531 1375 557 1402 lo
569 1382 688 1407 manere,

114 1419 150 1438 'ce
163 1418 226 1438 oves
240 1417 296 1437 me-
530 1410 593 1437 dum
606 1410 695 1442 venio,

119 1445 164 1474 18.
184 1453 223 1472 as.
240 1447 338 1477 Amen,

119 1488 196 1508 amen
211 1480 271 1508 dico
285 1480 319 1507 li-

118 1516 158 1545 ιιι.
172 1522 232 1542 cum
247 1523 286 1543 es.
310 1536 316 1542 .
339 1534 347 1542 .
366 1514 415 1542 do-

120 1549 274 1582 iescentior,

120 1585 278 1620 praecinges

120 1624 147 1647 te
160 1620 259 1655 ipsum,
275 1628 300 1648 e.
324 1640 331 1646 .
350 1635 363 1640 -

530 1445 592 1479 quid
608 1445 640 1471 ad
657 1445 704 1472 te?
718 1444 758 1472 in-

532 1479 635 1507 terdum
647 1484 675 1506 tu

531 1522 574 1542 me
586 1522 709 1548 sequere.

530 1549 575 1578 25.
596 1549 630 1577 Ει
643 1550 653 1565 ⁵
666 1549 731 1576 exiit
745 1549 787 1577 hic

531 1592 620 1612 sermo
633 1585 659 1611 in
673 1584 725 1611 fra-

533 1625 597 1651 tres,
610 1619 681 1654 quod
696 1619 741 1647 ille

629 155 848 189 EVANGELIUM
867 159 1047 188 SECUNDUM
1065 160 1254 189 JOHANNEM.

928 312 932 315 λ
949 298 989 325 eis
1000 318 1007 329 .
1023 302 1049 325 et
1065 299 1164 333 piscem

901 361 905 364 ,
949 332 1083 360 similiter.

1678 159 1729 187 198

1156 217 1270 246 coosx
1292 201 1514 248 vnnonstvsm.

950 270 1022 301 nem,
1032 268 1060 291 et
1073 263 1159 301 dabat-
1356 272 1429 293 esses
1439 265 1552 301 junior,‘

1356 300 1545 335 praecingebas

1357 339 1394 366 te.
1406 340 1433 362 et
1445 336 1538 363 ambu-

1331 401 1334 404 ν
1358 369 1432 397 labes
1446 378 1453 396 :
1465 377 1526 397 cum
1539 377 1588 398 au-

1358 409 1410 432 tem
1426 405 1556 437 senueris,

1300 462 1307 465 _
1358 439 1488 478 extendes
1496 447 1590 478 manus

1359 478 1426 506 tuas,
1440 479 1466 501 et
1480 473 1548 501 alius
1562 480 1588 502 te

1358 509 1517 543 praecinget.
1529 514 1556 537 et
1567 510 1616 537 du-

1357 544 1393 570 cit
1405 551 1458 577 quo
1472 550 1498 570 ιιι
1512 551 1565 571 ιιοιι

1359 578 1400 605 19.
1423 578 1471 605 vis.
1489 578 1544 606 Hoc
1557 584 1645 607 autem

1357 613 1423 640 dixit
1435 613 1587 647 signiﬁcans

1358 655 1408 682 qua
1424 653 1508 674 morle
1523 649 1577 675 cia-

1358 683 1507 710 riﬁealurus
1517 688 1589 710 esset
1602 684 1695 711 Deum.

1358 717 1403 749 Et,
1417 725 1476 744 cum
1493 718 1543 745 hoc
1555 718 1596 745 di-

1360 753 1452 784 xisset,
1469 752 1532 779 dicit
1547 754 1569 779 ei
1587 763 1592 779 :

1360 787 1404 813 9.0.
1426 788 1543 821 Sequere
1560 796 1613 816 me.
1628 788 1698 815 Con-

1360 830 1452 848 versus
1467 823 1560 849 Petrus

1362 857 1427 882 vidit
1441 857 1513 883 illum
1527 858 1567 884 di-

1361 893 1502 926 scipulum,
1520 901 1596 925 quem

1360 927 1487 961 diligebat
1500 927 1586 959 Jesus,

1360 966 1527 995 sequentem,
1541 963 1585 997 qui

1360 1002 1387 1023 et
1403 997 1523 1023 reenbuil
1535 998 1567 1023 ad

1361 1040 1453 1059 cenam
1465 1040 1544 1066 super
1560 1041 1604 1066 pe-

1361 1072 1420 1093 Clus
1435 1067 1503 1100 ejus,
1518 1072 1544 1094 et
1559 1068 1598 1094 di—

1363 1103 1400 1127 xit
1417 1110 1422 1127 :
1440 1102 1562 1134 Domine,

1362 1137 1421 1170 quis
1437 1142 1476 1163 est
1487 1157 1493 1166 .
1508 1138 1552 1171 qui

1361 1172 1406 1198 Ἡ.
1429 1172 1516 1198 tradet
1531 1172 1577 1199 te?
1594 1171 1669 1198 iiunc

1361 1214 1425 1239 ergo
1438 1213 1497 1232 cum
1511 1207 1550 1233 vi-

1362 1240 1446 1266 disset
1458 1241 1562 1273 Petrus,

1362 1275 1426 1300 dicit
1441 1275 1473 1300 ad
1487 1275 1577 1302 Jcsutn
1595 1285 1600 1300 :

1364 1309 1483 1341 Domine,
1497 1310 1539 1336 ltic

1363 1348 1450 1369 autent
1467 1344 1546 1377 quid?

1363 1378 1406 1404 ‘22.
1425 1379 1491 1405 Dicit
1504 1379 1526 1405 ei
1543 1379 1621 1407 Jesus
1636 1388 1641 1405 :

1365 1413 1409 1439 Sic
1424 1415 1483 1439 volo
1497 1422 1556 1440 eunt

1341 1467 1343 1469 ›
1364 1455 1514 1479 remanere,
1528 1449 1614 1477 donec

1364 1483 1454 1514 venio,
1468 1483 1530 1517 quid
1543 1484 1575 1511 ad

1366 1517 1410 1554 te)
1429 1522 1457 1554 l_u
1473 1525 1515 1554 me
1528 1525 1654 1554 sequere.

1364 1551 1410 1580 25.
1430 1552 1520 1580 Exivit
1533 1551 1597 1588 ergo
1608 1553 1651 1579 hic

1365 1594 1454 1614 sermo
1468 1588 1537 1621 apud
1551 1589 1603 1615 {ra-

1367 1625 1432 1654 tres,
1448 1622 1509 1657 quia
1524 1622 1604 1650 disci-

950 368 992 395 “.
1013 367 1069 403 ijoc
1077 367 1132 403 jam
1146 369 1227 396 tertio

950 398 1128 429 manilestitvit
1141 410 1171 430 se

950 436 1027 465 Jesus
1037 437 1174 471 discipulis

950 472 1016 504 suis;
1031 477 1170 507 postquam

950 507 1076 533 surressit
1089 515 1103 533 ιι
1118 508 1239 536 mortuis.

951 540 995 577 15.
1013 541 1081 569 Cum
1096 549 1160 577 ergo
1173 549 1252 577 pran-

950 576 1091 608 didissenl,
1106 576 1170 604 dicit

950 611 1053 638 Simoni
1068 612 1147 638 Petro

949 645 1027 673 Jesus
1041 654 1049 672 :
1066 645 1157 673 Simon
1170 646 1217 674 Joa

949 680 1045 707 hannis
1056 680 1150 714 diliges
1161 682 1225 710 me?

952 715 1018 742 Dicit
1029 714 1054 742 ei
1067 724 1074 742 :
1090 714 1200 750 Utique,

951 750 1072 781 Domine.
1089 755 1115 776 Ill
1129 750 1183 778 scis

951 785 1009 818 quia
1020 792 1081 811 amo
1093 790 1127 811 te.

952 820 1018 846 Dicit
1029 820 1053 846 ei
1068 829 1074 846 :
1090 820 1171 847 Pasce

952 855 990 889 (a)
1002 861 1065 880 oves
1080 855 1107 889 τ’
1116 863 1198 882 meas.

952 892 993 916 lli.
1016 889 1112 916 iterum
1129 891 1193 917 dicit
1207 892 1252 918 ei:

952 925 1042 952 Simon
1056 924 1193 955 Johannis.

951 960 1045 993 diliges
1061 961 1122 986 me?
1137 961 1205 987 Dicit

952 995 976 1021 ei
992 1004 998 1020 :
1013 995 1098 1021 Etiam
1116 996 1166 1022 Do-

952 1030 1033 1061 mine,
1051 1034 1076 1055 ln
1089 1031 1140 1057 scis

952 1064 1013 1098 quia
1028 1071 1088 1091 amo
1103 1069 1137 1091 te.

954 1100 1018 1125 Dicit
1032 1099 1055 1125 ei
1074 1108 1079 1125 :
1095 1099 1177 1126 Pasce

954 1134 997 1160 17.
1018 1134 1135 1161 oviculas
1154 1142 1235 1161 meas.

954 1169 1022 1195 Dicit
1036 1168 1059 1194 ei
1081 1171 1157 1196 tertio
1172 1179 1177 1195 :
1196 1169 1238 1195 Si-

954 1210 1014 1230 mon
1026 1203 1165 1235 Johannis,

954 1245 1026 1263 amas
1042 1239 1101 1264 me?
1113 1237 1183 1264 Con-

954 1272 1073 1298 trislalus
1086 1277 1127 1299 est
1138 1273 1187 1299 Pe-

956 1312 1022 1336 trus.
1039 1307 1100 1339 quia
1115 1307 1182 1333 dixit

954 1342 977 1367 ei
993 1342 1081 1372 tertio,
1098 1343 1177 1368 Amas
1187 1342 1250 1369 me?

955 1375 1023 1402 Dicit
1038 1376 1063 1402 ei
1078 1384 1084 1401 :
1102 1377 1188 1403 Etiam

955 1410 1076 1442 Dus-dine,
1093 1417 1118 1437 lu
1134 1412 1186 1438 scis

955 1447 1054 1476 omnia,
1072 1451 1097 1472 lu
1114 1447 1191 1473 nosti.

956 1480 1017 1510 quia
1032 1488 1091 1507 amo
1108 1486 1142 1507 le.

957 1515 1026 1541 Dicit
1039 1516 1064 1542 ei
1078 1525 1083 1542 :
1097 1516 1178 1544 Pasce

956 1557 1021 1582 oves
1034 1558 1117 1578 meas.

959 1585 1002 1611 l8.
1022 1587 1119 1619 Amen,
1133 1593 1211 1614 amen

957 1620 1017 1647 dico
1030 1620 1087 1654 tibi,
1098 1628 1159 1648 cum

767 1673 881 1702 εοοιιιι
900 1674 1095 1703 BRiXIANUS.

119 1742 181 1762 nem
192 1739 220 1761 et
233 1733 393 1761 benedicens
404 1733 479 1761 dedit
493 1732 544 1768 eis.
554 1733 692 1768 etpiscem
708 1732 839 1759 similiter.
854 1732 909 1759 Hoc

115 1769 173 1804 jam
187 1769 275 1796 tertio.
285 1768 469 1804 manifestatus
481 1773 521 1804 est
530 1766 753 1804 JesttStliéciptilis
761 1768 826 1804 suis.
837 1771 909 1801 post-

118 1801 200 1838 quam
212 1803 357 1830 resurrexit
371 1810 386 1829 a
400 1803 526 1838 mortuis.
535 1801 600 1829 Cum
613 1809 678 1838 ergo
691 1802 909 1838 manducassent.

118 1836 187 1866 dicit
200 1838 303 1866 Simoni
317 1838 396 1864 Petro
408 1836 498 1864 Jesus.
514 1836 606 1864 Sitnun
619 1837 748 1864 Johannis
763 1837 910 1871 diligis‘me

140 1874 181 1900 lus
195 1873 247 1900 his.
260 1873 328 1899 Dicit
339 1873 374 1900 ei.
392 1872 478 1899 Etiam
492 1872 612 1898 Domine.
625 1877 652 1898 tu
665 1872 718 1899 scis
728 1873 787 1906 quia
800 1879 861 1898 amo
874 1878 910 1899 te.

145 1908 192 1935 icit
213 1908 237 1935 ei
261 1907 345 1934 Pasce
366 1914 449 1942 agnos
473 1914 569 1942 meos,
582 1907 680 1934 iterum
695 1907 762 1934 dicit
777 1908 802 1934 ei
822 1907 910 1934 Jesus.

118 1942 215 1970 Simon
226 1942 365 1970 Johannis.
381 1942 469 1977 diligis
488 1949 542 1969 me.
557 1941 602 1969 Ait
620 1942 668 1969 illi.
686 1942 770 1969 Etiam
788 1941 909 1969 Domine.

120 1983 150 2005 tu
166 1978 221 2005 scis
234 1978 295 2012 quia
311 1985 372 2004 amo
388 1981 423 2004 te.
434 1976 517 2012 ’Dicil
529 1976 555 2004 ei
571 1977 654 2004 Pasce
671 1984 735 2003 oves
749 1984 830 2003 meas.
846 1977 913 2002 Dicit

119 2013 146 2041 ci
163 2011 248 2041 Jesus'
258 2014 347 2039 tertio.
364 2013 456 2039 Simon
477 2011 616 2039 Johannis.
634 2019 708 2037 antas
723 2019 775 2037 me.
793 2012 911 2036 Contris-

120 2053 196 2082 tatus
209 2052 251 2075 est
262 2048 355 2075 Petrus
368 2049 428 2082 quia
440 2047 507 2073 dixit
519 2046 543 2072 ei
552 2047 637 2082 tertio
647 2047 728 2082 Antas
737 2052 790 2082 me.
805 2044 837 2070 Et
847 2045 912 2070 dicit

118 2083 159 2110 ci.
182 2076 304 2110 Domine.
329 2087 356 2108 tu
377 2076 468 2107 omnia
489 2080 569 2106 nosti.
593 2084 620 2104 ιιι
640 2079 694 2105 scis
708 2079 769 2112 quia
792 2085 852 2103 amo
873 2082 909 2104 te.

120 2118 195 2146 Dicit
217 2119 240 2145 ei
259 2117 348 2144 Jesus.
369 2116 452 2142 Pasce
471 2112 633 2141 ores‘nteas.
650 2113 737 2139 Amen
757 2119 834 2139 amen
850 2112 910 2139 dico

963 1733 1020 1770 lilii.
1035 1741 1095 1770 cum
1108 1741 1182 1762 esses
1191 1735 1308 1769 jubenis.
1322 1736 1448 1770 cingehas
1462 1740 1487 1762 te
1502 1736 1598 1769 ipsum.
1615 1734 1742 1770 etnmhu-

961 1769 1033 1795 labas
1052 1768 1096 1795 ulti
1123 1768 1239 1797 volciias.
1265 1777 1325 1797 eum
1349 1768 1436 1797 autem
1461 1768 1590 1796 senueris.
1613 1768 1743 1795 extendes
1775 1775 1778 1778 λ

962 1811 1055 1830 manus
1074 1809 1141 1831 tuas.
1158 1808 1186 1831 et
1197 1805 1266 1831 alius
1283 1806 1310 1832 te
1324 1806 1422 1839 cinget.
1440 1804 1469 1831 et
1480 1804 1559 1831 ducet
1577 1808 1743 1839 quoiluunon

961 1839 1011 1865 vis.
1029 1838 1084 1865 Hoc
1097 1844 1183 1876 autem
1196 1837 1447 1876 dixit.rsignili'cans.
1459 1846 1510 1876 qua
1521 1843 1606 1876 morte
1617 1837 1743 1876 ciuili-ou-

963 1878 1037 1900 lurus
1058 1879 1132 1901 esset
1156 1875 1248 1902 Deum.
1273 1871 1376 1901 Et'hoc
1399 1871 1608 1901 cum—dixisset.
1634 1873 1669 1897 ait
1694 1871 1743 1896 illi.

963 1908 1082 1943 Sequere
1105 1917 1157 1937 me.
1182 1908 1333 1936 Conversus
1354 1913 1442 1935 autem
1464 1908 1560 1935 Petrus
1583 1907 1645 1933 \idit
1670 1906 1744 1943 illum

963 1940 1121 1975 discipulum
1134 1951 1212 1977 quem
1228 1944 1355 1978 diligebal
1369 1943 1455 1978 Jesns,
1471 1940 1745 1978 Se-tuettitglti._qni-Cl

964 1978 1084 2011 recubuit
1097 1978 1123 2004 in
1133 1975 1209 2004 cena.
1222 1975 1309 2010 SupI-r
1320 1982 1409 2011 pectus
1422 1977 1495 2003 Jrsu.
1508 1981 1534 2002 ct
1546 1976 1619 2002 dixit.
1636 1975 1747 2011 potuine

963 2008 1023 2043 quis
1045 2017 1085 2038 est
1103 2012 1147 2045 qni
1165 2008 1273 2037 tradidit
1292 2008 1327 2037 ιιιζ
1344 2012 1419 2038 liunc
1433 2018 1497 2044 ergo
1513 2016 1540 2037 ut
1558 2011 1625 2037 vidit
1644 2010 1747 2037 Pt-lrus.

963 2045 1029 2080 dixit
1040 2045 1072 2071 ad
1083 2045 1173 2072 Josunl
1186 2046 1297 2072 Domine
1309 2046 1351 2072 hic
1361 2051 1449 2071 autem
1463 2046 1535 2079 quid.
1548 2045 1615 2071 Dicit
1626 2047 1648 2072 ei
1660 2045 1748 2072 Jesns.

960 2080 987 2106 Si
1002 2087 1063 2106 eum
1077 2081 1138 2107 volo
1152 2088 1261 2107 manere
1272 2080 1358 2107 donec
1369 2080 1481 2107 Vrelliulll.
1495 2081 1557 2115 quid
1570 2081 1602 2107 ad
1614 2086 1649 2107 lc.
1665 2085 1692 2107 tu
1705 2087 1747 2106 se-

964 2121 1046 2147 quere
1061 2122 1114 2142 me.
1129 2115 1161 2141 Et
1171 2114 1254 2142 exivit
1267 2116 1310 2142 hic
1324 2122 1414 2142 sermo
1427 2116 1460 2142 ad
1469 2114 1576 2143 fratres.
1593 2116 1655 2150 quia
1669 2115 1749 2142 disci-
1798 2122 1801 2125 ‘

754 2170 868 2198 CODEX
885 2170 1116 2201 (ZORBEIENSIS.

161 2235 206 2261 i5.
229 2233 339 2266 Omittit,
355 2232 413 2266 plus
426 2230 485 2258 his?

159 2269 206 2305 i6.
226 2270 286 2302 quia
298 2265 382 2305 diligo
397 2272 431 2293 Ie.
453 2284 462 2305 ._
483 2284 490 2291 .
506 2265 518 2280 θ
531 2272 595 2305 oves
607 2272 690 2292 meas.
768 2299 774 2305 .

159 2304 206 2331 17.
229 2301 377 2336 Domine,"
391 2301 479 2329 omnia
495 2305 521 2326 ιιι
534 2301 596 2331 scis,
608 2304 636 2326 tu
651 2302 720 2336 n0sli
732 2301 791 2334 quia
802 2307 862 2327 amo
876 2304 912 2327 te.

162 2339 208 2365 18.
228 2346 289 2365 cum
315 2335 389 2365 esses
415 2336 552 2372 juvenior,
582 2335 772 2370 praecingebas
799 2340 858 2362 te...
889 2340 914 2362 te

120 2373 294 2409 praecinget.
324 2380 328 2382 ·

160 2409 208 2436 20.
229 2405 308 2444 quem
332 2407 460 2443 diligebat
480 2405 568 2439 Jesus,
594 2409 622 2432 et
641 2405 686 2439 qui
707 2405 872 2432 recubuit....
888 2409 916 2431 et

964 2231 1069 2267 (literal
1082 2232 1105 2258 ei
1120 2241 1126 2258 :
1143 2232 1262 2263 Domine.
1278 2232 1322 2267 qui
1335 2237 1385 2264 est,
1402 2232 1446 2265 qui
1463 2231 1549 2258 tradet
1563 2230 1608 2257 te?

999 2266 1057 2320 22.?
1065 2267 1093 2294 Si
1108 2267 1147 2295 sic
1167 2268 1228 2294 volo
1243 2263 1302 2294 eum
1319 2263 1439 2298 manere,
1452 2267 1462 2282 ⁸
1476 2267 1562 2293 donec
1576 2265 1664 2295 venio,
1686 2263 1750 2297 quiti

1014 2305 1039 2320 In

965 2302 997 2328 ad
1014 2302 1057 2328 le?

969 2355 971 2357 -
1000 2337 1045 2364 25.
1066 2339 1076 2354 '
1090 2337 1134 2364 Sic
1148 2344 1235 2364 sermo
1251 2336 1320 2370 apud
1342 2335 1471 2362 fratres...
1491 2333 1537 2361 sed
1563 2334 1622 2360 volo
1643 2340 1751 2360 tnancre

966 2380 1038 2406 eum,
1056 2373 1077 2388 “’
1089 2372 1174 2399 donec
1186 2372 1302 2403 veniam,
1319 2371 1381 2405 qttid
1395 2371 1427 2397 ad
1440 2374 1464 2397 le
1476 2370 1486 2396 ?

742 2465 936 2494 VARIANTES
955 2463 1154 2493 LECTIONES.

159 2526 167 2541 '
191 2525 245 2550 Gal.
257 2523 420 2548 maniiwtavit
431 2529 459 2547 se
471 2522 546 2545 Jesus
555 2527 607 2544 cum
619 2520 752 2551 discipulis.
774 2522 832 2545 Mm.
842 2523 919 2546 niani-

120 2557 233 2581 !‘esulus
244 2557 280 2578 ea“.
293 2560 347 2578 cum
358 2552 489 2584 discipulis.
510 2551 583 2582 Vulg.
603 2550 772 2576 manifestatus
790 2556 828 2576 est
847 2552 919 2577 Jesns
971 2558 1010 2584 me
1028 2556 1145 2584 sequere.
1167 2550 1239 2582 Vulg.
1262 2550 1327 2576 Exiit
1345 2557 1454 2582 ergo.....

118 2585 264 2615 discipulis.

157 2617 170 2632 ι
189 2611 244 2640 Gal.
256 2616 280 2646 et
289 2614 348 2646 μηι.
360 2613 444 2646 Atilio
457 2613 490 2646 ait
500 2619 507 2636 :
519 2611 626 2636 Etiam...
642 2611 704 2637 Dicit
714 2613 738 2637 ei
749 2613 830 2638 Jesus.
846 2614 919 2646 Vulg.

124 2647 201 2673 Dicit
209 2646 245 2669 ei:
256 2644 363 2669 Etiam...
372 2643 441 2667 Dixit
454 2643 486 2666 ei.

159 2678 171 2694 ³
192 2677 246 2701 Gal.
259 2678 282 2699 et
291 2675 349 2699 Min.
362 2673 425 2698 Dicit
438 2674 462 2696 ei
476 2679 482 2696 ε
495 2672 571 2697 Pasce
589 2679 666 2704 agnos
676 2680 752 2699 meos.
772 2676 841 2707 Vulg.
854 2675 922 2700 Dixit

121 2710 149 2734 ei
167 2715 174 2732 :
190 2708 266 2732 Pasce
277 2710 338 2729 oves
348 2710 424 2728 meas.
477 2716 483 2724 .

158 2740 172 2755 ⁸
193 2739 248 2764 Gal.
263 2734 477 2761 essetDominum.
490 2734 562 2766 Vulg.
575 2738 642 2759 esset
652 2734 741 2759 Deum.

1001 2522 1012 2537 ⁸
1028 2522 1081 2544 Gut.
1102 2519 1182 2544 Exivil
1204 2526 1314 2552 ergo..."
1335 2527 1383 2544 non
1395 2522 1555 2545 ntorirelur...
1567 2521 1623 2552 quid
1636 2522 1664 2544 ad
1677 2520 1757 2552 teYlu

1473 2558 1519 2576 nott
1539 2551 1658 2576 moritur.
1677 2569 1680 2574 .
1699 2551 1757 2581 quid

970 2582 999 2607 ad
1010 2581 1053 2605 te?

1003 2612 1014 2627 ⁸
1030 2612 1060 2636 Et
1072 2611 1105 2637 ita
1116 2612 1170 2636 Gal.
1182 2616 1205 2637 et
1214 2613 1272 2637 Mm.

1003 2643 1013 2658 ν
1031 2643 1083 2667 Gal.
1093 2645 1116 2667 et
1125 2644 1183 2667 Mm.
1195 2647 1220 2667 tu
1233 2644 1313 2668 omnia
1322 2644 1371 2667 scis
1382 2644 1437 2674 quia
1446 2649 1500 2667 amo
1510 2646 1542 2667 lc.

1003 2674 1014 2690 ⁸
1030 2674 1083 2698 Gul.
1095 2673 1173 2697 donec
1182 2676 1262 2698 venio.

1003 2705 1014 2720 ⁹
1030 2705 1083 2729 Gal.
1093 2703 1132 2727 hic
1142 2710 1233 2728 sermo.

1006 2736 1028 2751 ιο
1045 2736 1097 2759 Gal.
1109 2735 1188 2760 donec
1198 2735 1277 2759 venio.

807 2798 988 2828 BLANCHINI
1006 2795 1119 2825 ΝΟΤιΕ.

165 2859 211 2898 (a)
226 2858 266 2891 ιιςι
287 2862 315 2887 et
336 2848 397 2889 cdd.
418 2855 496 2885 Cant.
511 2855 638 2898 πρόϐατα.
