3920 6388
479 351 584 405 503
1009 354 1273 411 EUSEBI!
1314 353 1645 413 VERCELL.
1685 357 2130 417 EVANGELIUM
2170 362 2309 418 CUM
2349 362 2574 421 VARIIS
2610 364 2762 421 COD.
2795 364 3184 423 COLLATUM.

866 470 1094 525 CODEX
1138 471 1671 537 VERCELLENSIS.

482 599 496 612 ι
580 602 591 613 ο
675 601 688 614 ο
766 604 778 615 ο
858 600 874 616 ο
955 607 967 619 ο
1048 606 1059 617 ι
1141 603 1155 619 ο

478 981 567 1034 15.
609 985 749 1037 niam
771 999 896 1040 ecce

476 1054 723 1107 exaudita
746 1064 828 1109 cst

478 1124 653 1175 oratio
682 1134 766 1177 tua
804 1144 816 1177 :

476 1201 530 1245 et
560 1209 695 1247 uxor
727 1202 817 1248 tua

474 1261 717 1316 EliSabet
748 1279 842 1332 pa-

471 1334 577 1386 riet
608 1333 703 1386 libi
732 1333 834 1386 lili-

472 1418 587 1463 um,
613 1411 667 1454 et
694 1417 848 1456 vaca-

476 1470 555 1523 vis
578 1487 773 1525 nomen

475 1542 591 1606 ejus
620 1540 823 1595 Johan-

475 1613 564 1664 M.
596 1626 726 1685 nem
755 1630 767 1663 :
792 1613 1002 1685 eritque

471 1681 720 1749 gaudium
752 1685 819 1735 ti-

476 1752 524 1803 bi
542 1751 568 1813 ,'
587 1763 639 1804 et
671 1754 867 1805 exulta-

475 1821 572 1883 tio,
606 1830 659 1873 et
694 1823 847 1876 multi

475 1891 529 1942 in
556 1892 803 1943 nativita-

476 1970 528 2011 te
557 1958 673 2024 ejus
700 1961 903 2028 gaude-

476 2028 562 2081 15.
607 2030 737 2082 bunt
766 2048 779 2083 :
809 2033 911 2085 erit

474 2099 616 2153 enim
646 2114 765 2169 mag
779 2131 795 2140 -

474 2184 573 2222 nus
602 2170 652 2222 in
681 2184 842 2224 cons-

474 2249 629 2307 pectu
654 2240 865 2295 Domini
892 2261 905 2295 :

472 2319 526 2362 et
556 2309 757 2371 vinum,
788 2320 844 2365 et

472 2380 644 2433 sicera
673 2396 780 2433 non

473 2448 649 2521 bibet;
680 2459 731 2521 et
760 2449 853 2521 Sp.
903 2492 915 2506 .
962 2493 975 2506 .
1022 2494 1033 2506 .
1083 2496 1095 2509 .

472 2520 670 2571 Sancto
698 2518 782 2570 in-

475 2586 705 2648 plebitur
725 2590 790 2643 ad
807 2620 818 2630 ο

473 2656 578 2711 hnc
609 2673 673 2710 ex
703 2671 852 2716 utero
878 2666 1064 2720 matris

416 2790 419 2791 ν
477 2727 564 2779 16.
607 2742 843 2795 suae;et
870 2736 1010 2787 mul-

476 2807 558 2849 tos
584 2798 810 2854 liliorum

474 2867 698 2920 Istrahel
726 2885 856 2923 Con-

476 2946 647 2988 vertet
673 2938 736 2992 ad

476 3007 761 3081 Dominum
791 3013 954 3067 Deum
984 3013 1063 3081 ip-

478 3078 568 3130 17.
609 3091 822 3143 sorum;
850 3093 905 3134 et

473 3147 589 3214 ipse
617 3151 843 3215 praeibit

476 3234 527 3269 ιιι
559 3232 819 3287 conspec-

475 3296 529 3340 tu
560 3287 677 3355 ejus
706 3290 756 3342 in
777 3290 989 3358 Spiritu,

475 3365 531 3409 et
564 3360 759 3412 virtute

476 3425 662 3478 Heliae
688 3444 701 3477 :
733 3428 799 3481 ad
819 3442 945 3482 con-

477 3496 732 3549 vertenda

477 3565 635 3617 corda
660 3565 873 3621 Patrum

477 3633 541 3686 ad
567 3634 726 3698 lilios,
755 3648 809 3691 et
840 3639 922 3691 in-

475 3706 761 3758 credibiles

475 3774 541 3823 ad
567 3774 798 3840 pruden-

471 3843 603 3897 tiain
620 3844 807 3913 justo-3

472 3926 615 3974 ruin,
646 3916 662 3944 ¹
691 3930 842 3981 para-

1295 568 1473 635 pulum
1509 581 1628 635 per-

1294 634 1516 689 fectum.

1299 705 1383 759 18.
1428 705 1493 759 Ει
1521 706 1593 760 ait
1618 706 1815 763 Zacha.
1860 748 1873 761 .

1295 789 1356 846 as
1382 776 1448 829 ad
1489 778 1665 846 Ange-

1298 844 1442 899 lum:
1475 844 1629 902 Unde
1653 849 1753 903 hoc

1296 914 1485 985 sciam?
1513 932 1610 985 ego

1299 983 1443 1038 enim
1473 983 1637 1039 senex

1299 1067 1439 1119 sum,
1466 1063 1519 1107 et
1545 1072 1678 1110 uxor

1300 1138 1417 1195 mea
1451 1139 1664 1195 proces-
1830 1192 1831 1195 η

1299 1194 1369 1245 sit
1400 1194 1449 1246 in
1479 1194 1667 1248 diebus
1705 1196 1836 1249 suis.

1303 1262 1386 1333 19.
1415 1264 1477 1316 Ει
1517 1266 1849 1333 respondens

1299 1332 1533 1401 Angelus
1560 1332 1641 1388 di-

1298 1402 1377 1473 git
1408 1403 1455 1456 ei
1482 1422 1493 1455 :
1523 1404 1632 1473 Ego
1668 1420 1784 1459 sum

1296 1470 1533 1543 Gabriel,
1563 1470 1653 1543 Qui

1295 1542 1495 1596 adsisto
1518 1545 1581 1597 itt.

1293 1622 1586 1679 constiectu

1294 1681 1388 1733 Dei
1418 1699 1430 1734 :
1463 1692 1517 1735 et
1544 1683 1737 1737 missus

1294 1765 1411 1802 sum
1439 1752 1585 1818 loqui

1295 1819 1360 1871 ad
1386 1830 1453 1879 te,
1479 1830 1532 1873 et
1554 1823 1673 1875 veni
1709 1838 1767 1875 n-

1298 1889 1505 1941 untiare
1537 1889 1633 1943 tibi

1294 1957 1383 2012 20.
1426 1957 1576 2012 haec.
1606 1962 1811 2017 Eteece

1296 2028 1404 2081 eris
1429 2030 1448 2058 ²
1474 2038 1675 2093 tacens,

1296 2107 1350 2152 et
1390 2114 1493 2151 non
1530 2110 1669 2165 pote-

1296 2168 1369 2220 ris
1397 2168 1540 2236 loqui
1573 2185 1659 2223 us—
1712 2169 1717 2173 ’

1298 2276 1310 2288 .
1358 2274 1369 2287 .
1405 2253 1470 2290 ue
1498 2240 1549 2291 in
1583 2240 1747 2305 diem,

1358 2344 1369 2356 .
1416 2347 1427 2357 .
1453 2324 1484 2359 ο
1513 2309 1813 2372 lianthaGC,

1295 2378 1545 2442 quoniam
1571 2392 1676 2431 non

1296 2444 1567 2498 credidisti

1300 2514 1478 2568 verbis
1506 2532 1618 2570 nie-

1296 2584 1359 2657 is,
1386 2600 1507 2652 qua.
1552 2626 1565 2640 .
1610 2624 1625 2639 .
1656 2587 1825 2657 mple-

1296 2654 1493 2708 buntur
1519 2667 1654 2711 tem-

1297 2740 1424 2786 pore
1453 2741 1570 2779 suo.

1294 2793 1381 2866 21.
1425 2795 1487 2847 Εῑ
1516 2806 1635 2850 erat
1660 2812 1825 2866 pepu-

1295 2864 1375 2916 lns
1406 2864 1695 2934 expectans

1295 2934 1603 2988 Zachariam
1629 2956 1640 2989 :

1294 3013 1349 3057 et
1376 3004 1644 3059 miraban—

1299 3086 1403 3136 tur,
1433 3075 1573 3141 quod
1609 3093 1719 3129 mo-

1297 3160 1408 3197 ram
1434 3145 1631 3199 faceret

1300 3216 1349 3267 in
1381 3215 1597 3282 templo.

1298 3284 1387 3336 22.
1434 3286 1691 3353 Egressus
1718 3299 1811 3337 au-

1303 3365 1407 3407 tem
1438 3371 1543 3407 non
1571 3371 1661 3421 p0-

1300 3431 1437 3494 terat
1458 3425 1601 3494 quni

1299 3493 1365 3546 ad
1392 3510 1503 3557 eos,
1532 3493 1584 3551 et
1610 3511 1736 3566 cogo

1299 3576 1562 3618 noverunt

1298 3634 1416 3701 quin
1452 3633 1709 3689 viSIonem

1302 3701 1435 3755 vidit
1469 3706 1518 3755 in
1550 3712 1687 3758 tem-

1302 3772 1407 3839 plo.
1434 3772 1498 3823 Et
1526 3773 1640 3839 ipse
1668 3782 1782 3825 erat

1305 3838 1324 3868 ³
1368 3879 1381 3890 .
1428 3877 1439 3890 .
1483 3838 1650 3894 nuens
1680 3842 1737 3893 il-

1305 3908 1392 3973 lis,
1425 3920 1474 3963 et
1508 3927 1755 3978 perman-
1844 3940 1847 3945 ν

1302 3979 1371 4032 sit
1397 3991 1596 4034 mutus.

2572 479 2801 536 CODEX
2843 481 3289 538 VERONENSIS.

2152 569 2280 622 cidit
2318 584 2476 638 super
2525 631 2528 634 ,

2152 637 2321 693 illum.

2153 708 2240 779 ts.
2284 707 2358 779 (α)
2393 707 2459 762 Et
2480 710 2699 778 ~j-aitad

2149 778 2299 847 illum
2327 780 2580 847 Angelus,

2150 846 2335 903 dicens
2364 868 2377 902 :
2406 846 2480 903 Ne

2156 918 2343 973 timeas
2370 918 2391 948 ‘
2421 918 2521 972 Za-

2151 986 2356 1052 cliaria,
2380 998 2531 1057 quo-'

2152 1057 2290 1108 niam
2318 1058 2479 1112 obse-

2150 1126 2318 1178 cratio
2350 1136 2435 1181 tua

2152 1196 2397 1250 exaudita
2414 1207 2530 1254 est:
2560 1211 2615 1255 et

2153 1278 2286 1317 υΧΟΓ
2314 1277 2399 1320 tua

2152 1332 2382 1405 Elisabel
2413 1345 2503 1405 pa-

2151 1404 2251 1456 riet
2274 1406 2364 1458 tibi
2389 1404 2449 1459 li?

2152 1472 2300 1539 lium,
2327 1482 2382 1528 et
2413 1493 2505 1531 vo-t

2151 1543 2298 1597 cabis
2324 1560 2516 1601 nomen

2152 1612 2198 1677 ej
2208 1626 2282 1665 us
2295 1612 2494 1668 Johan-

2156 1679 2242 1733 14.
2282 1698 2425 1737 neu:
2457 1695 2512 1739 et
2535 1691 2639 1740 erit

2152 1751 2404 1816 gaudium
2430 1756 2547 1820 tibi,

2973 572 3187 627 lectam.

2974 642 3058 695 18.
3102 643 3164 697 Et
3190 643 3335 698 dixit
3352 644 3477 699 Zac-

2971 711 3179 768 cltarias
3199 714 3265 770 ad

2971 782 3230 850 Angelum
3257 803 3270 837 :

2976 849 3124 905 Unde
3157 854 3257 907 hoc

2973 923 3165 975 sciam?
3189 938 3289 992 ego

2922 994 2927 999 '
2971 992 3125 1045 enim‘
3142 1007 3308 1047 senex

2973 1076 3113 1125 sum,
3138 1071 3192 1115 et
3232 1078 3363 1117 uxor

2973 1144 3091 1184 mea
3111 1133 3410 1199 processior

2974 1199 3023 1251 in
3048 1200 3235 1256 diebus
3272 1202 3402 1255 suis.
3482 1216 3485 1219 ‘

2972 1268 3059 1323 19.
3102 1270 3168 1323 Et
3195 1270 3529 1338 reSpondens

2972 1338 3207 1410 Angelus
3233 1341 3369 1396 dixit

2971 1411 3020 1479 ei
3044 1426 3060 1463 :
3098 1412 3205 1479 Ego
3235 1427 3353 1465 sum

2973 1477 3208 1546 Gabriel,
3239 1481 3328 1549 qui

2974 1549 3175 1602 adsisto
3203 1559 3328 1604 ante

2974 1617 3256 1677 Dominum
3291 1638 3304 1673 :
3325 1628 3382 1674 et

2977 1686 3197 1743 miSsum
3220 1689 3365 1759 loqui

2976 1763 3032 1809 at
3051 1766 3123 1823 te,
3155 1770 3208 1813 et
3231 1759 3362 1814 haec

2152 1826 2207 1871 et
2231 1822 2515 1889 exultatio,
2979 1828 3071 1878 tibi
3102 1842 3264 1882 evan-

2153 1897 2207 1941 et
2237 1892 2390 1964 multi
2420 1894 2473 1947 in
2737 1924 2741 1928 -
2976 1894 3065 1949 20.
3107 1897 3369 1964 gelizarea,
3391 1894 3457 1949 Et

2153 1960 2433 2033 nativitate
2463 1966 2580 2033 ejus
2818 2032 2821 2033 ν
2978 1960 3237 2019 θεοεέτίε

2152 2030 2501 2096 gaudebunti

2154 2098 2243 2152 15.
2285 2104 2387 2155 erit
2416 2104 2558 2157 enim

2156 2184 2378 2239 magnus
2400 2187 2583 2227 coram

2158 2236 2412 2303 Domino;

2156 2313 2212 2385 et
2238 2307 2439 2379 vinum,
2472 2318 2528 2363 et

2154 2388 2378 2431 srceram
2412 2395 2518 2434 non

2155 2444 2334 2512 bibet;
2360 2458 2415 2501 et
2495 2496 2498 2499 .

2154 2513 2351 2583 Spiritu
2377 2518 2511 2574 San-

2153 2592 2241 2638 cto
2269 2590 2496 2657 replebi-

2156 2665 2240 2708 tur
2267 2673 2339 2711 ex-
2365 2667 2520 2715 utero

2151 2730 2338 2782 matris
2368 2745 2513 2796 suae;

2152 2796 2237 2849 16.
2280 2808 2333 2853 et
2382 2803 2580 2856 multos

2150 2868 2288 2921 ﬁlios
2316 2870 2537 2926 lstrabel
2564 2886 2789 2927 conver-

2153 2946 2227 2989 tet
2248 2938 2313 2990 ad
2347 2940 2449 2993 Do-

2155 3007 2353 3063 minum
2383 3009 2549 3063 Deum

2152 3078 2239 3131 17.
2282 3079 2542 3147 ipsorum;
2567 3089 2622 3133 et

2982 2042 3183 2098 tacens,
3214 2043 3268 2088 et
3293 2051 3399 2089 non

2981 2105 3179 2170 poteris
3205 2104 3349 2170 loqui

2980 2187 3147 2239 usque
3176 2174 3227 2227 in
3260 2174 3423 2241 diem,

2979 2257 3084 2309 quo
3106 2243 3239 2299 haec

2882 2348 2885 2351 ‹
2942 2366 2949 2369 ,
2981 2314 3128 2384 iiant,
3162 2323 3376 2384 propter

2980 2382 3104 2449 hoc,
3125 2386 3247 2453 quia

2979 2466 3082 2506 non
3111 2454 3382 2507 credidisti

2978 2523 3155 2576 verbis
3179 2526 3334 2586 meis,

2977 2608 3113 2659 quae
3144 2595 3329 2661 imple-

2976 2662 3172 2716 buntttr
3196 2663 3250 2714 in

2978 2740 3215 2799 tempere
3243 2746 3361 2784 suo.

2974 2800 3064 2854 21.
3107 2803 3171 2855 Et
3199 2813 3312 2856 erat
3329 2801 3483 2871 plebs

2973 2884 3263 2939 expectans

2976 2939 3318 2996 ZatCCllilriam
3341 2958 3356 2994 :

2974 3020 3027 3063 et
3049 3011 3401 3074 mirabantur,

2975 3095 3039 3131 eo
3066 3082 3209 3148 quod
3234 3090 3341 3132 tar—

2152 3148 2266 3216 ipse
2289 3148 2572 3216 praecedet
2975 3148 3147 3201 daret.
3193 3186 3207 3201 .
3255 3189 3265 3200 .

2152 3226 2274 3270 ante
2292 3218 2438 3269 illum
2975 3218 3196 3285 templo.

2153 3284 2203 3357 in
2232 3288 2440 3353 spiritu,
2472 3298 2527 3340 et
2971 3286 3060 3339 22.
3094 3284 3362 3357 Egressus
3388 3296 3570 3341 autem

2153 3356 2346 3411 virtute
2379 3357 2481 3410 He-
2973 3371 3074 3409 nor-
3106 3356 3316 3422 peterat-

2152 3426 2255 3480 liae
2287 3444 2299 3478 :
2334 3436 2389 3480 ut
2411 3442 2540 3481 con-

2155 3504 2325 3549 vertat
2353 3498 2518 3553 corda

2156 3565 2364 3621 Patrum
2383 3568 2439 3620 in

2156 3635 2312 3695 ﬁlios,
2346 3646 2399 3689 et
2430 3638 2509 3691 in-

2155 3704 2439 3758 credibiles
2469 3707 2534 3759 ad

2158 3773 2495 3836 prudentiam

2073 3911 2075 3913 ι
2152 3840 2438 3914 juslorum,
2469 3858 2552 3911 pa-

2159 3924 2277 3963 rare
2311 3910 2536 3966 Domino

2975 3426 3118 3494 loqui
3144 3427 3207 3480 ad
3238 3426 3378 3491 illos,

2974 3506 3030 3549 et
3056 3511 3320 3565 cognove-

2982 3576 3105 3620 runt
3128 3566 3267 3632 quod

2978 3636 3239 3690 visionem
3263 3637 3340 3689 vi-

2978 3705 3121 3758 derit
3146 3708 3195 3758 in
3227 3714 3361 3759 tem-

2979 3774 3085 3841 plo.
3125 3775 3190 3827 Et
3218 3776 3331 3842 ipse

2978 3852 3095 3895 erat
3122 3844 3363 3899 adnuens

2983 3912 3108 3971 illis,
3140 3924 3196 3989 et
3228 3927 3345 3980 per-

2984 3989 3179 4034 mansu
3207 3992 3405 4035 mulus.

3617 362 3721 419 504

480 3998 537 4035 re
567 3984 792 4039 Domino
816 3999 907 4055 po-

2158 3978 2366 4046 plebem
2401 3996 2521 4048 per-

1785 4070 2015 4127 CODEX
2054 4070 2446 4127 BRIXIANUS.

481 4164 609 4219 cidit
652 4183 813 4233 super
837 4184 982 4224 eum.
1041 4169 1186 4223 Dixit
1242 4176 1418 4221 autem
1470 4165 1536 4219 ad
1590 4165 1740 4219 illum
1802 4164 2079 4232 Augeius.~

481 4236 557 4287 Ne
624 4237 810 4290 timeas
884 4239 1194 4293 Zaccltaria.
1264 4238 1521 4316 quoniam
1547 4236 1919 4316 exauditaest

485 4308 719 4369 precatio
778 4318 885 4357 tua.
936 4319 990 4360 et
1038 4324 1171 4362 υκαι·
1224 4304 1310 4359 tua
1356 4306 1655 4383 _Elisal_)etli.
1719 4306 1907 4370 pariet.
1968 4304 2061 4383 tibi

483 4375 669 4428 lilium.
710 4385 764 4426 et
816 4378 1033 4447 vocabis
1081 4392 1275 4451 nomen
1320 4376 1436 4442 ejus
1504 4376 1771 4451 Joannes?
1834 4383 1886 4427 et
1938 4375 2063 4451 ﬁerit

484 4447 737 4515 gaudium
793 4442 1012 4515 tibimet
1056 4445 1335 4515 exilitatiu.
1392 4454 1443 4492 et
1507 4443 1659 4494 multi
1747 4444 1796 4490 in
1862 4442 2059 4515 nativi-

482 4510 591 4569 ἴδω
636 4516 751 4581 ejus
795 4513 1095 4587 gaudebunt
1124 4512 1221 4563 erit
1261 4510 2059 4587 :iutein_iiiagiiiis_coramntto-

482 4602 629 4640 mino
666 4576 737 4638 iet
766 4576 945 4637 vinum
970 4594 1023 4635 et
1052 4584 1239 4635 sicera.
1270 4596 1374 4631 non
1408 4579 1571 4631 bibet.
1601 4590 1655 4631 et
1697 4578 1894 4643 Spiritu
1919 4576 2055 4629 San-

480 4666 567 4710 cto
601 4656 913 4723 replebitur.
950 4654 1124 4707 adhuc
1156 4668 1216 4703 ex
1264 4658 1417 4704 utero
1450 4648 1635 4723 nuituis
1663 4662 1811 4723 suae.
1845 4648 2056 4723 eLniul-

483 4736 566 4777 tos
602 4714 832 4789 liliur‘um
870 4723 1119 4778 Sdratiel.
1150 4728 1430 4798 convertet
1566 4718 1851 4798 Dominum
1890 4714 2057 4798 Deum

484 4794 746 4861 ipsorum.
773 4808 823 4847 et
858 4797 972 4862 ipse
1002 4792 1286 4861 praecedet
1334 4790 1657 4867 anteAillum.
1693 4790 1743 4839 in
1776 4790 1965 4867 spiritu
2004 4793 2058 4837 et

483 4856 682 4915 virtute
707 4856 906 4917 Heliae.
941 4856 1504 4936 ut'convertatciirila
1546 4860 1763 4912 Patrum
1794 4858 1865 4936 in‘
1896 4856 2056 4936 lilios,

485 4942 538 4986 et
559 4934 850 4984 ineruditos
876 4934 939 4983 ait
962 4932 1291 4997 prudentiain
1309 4932 1596 4997 justorum.
1622 4942 1809 4996 parare
1829 4925 2059 4997 Domino

489 5001 701 5071 plebem
728 4996 1040 5068 perlectam.
1086 5001 1149 5053 Et
1177 4996 1321 5053 dixit
1344 5000 1660 5055 Zaccbarias
1682 4997 1747 5052 ad
1772 4996 2054 5065 Angelnm.

2164 4163 2315 4219 Unde
2345 4165 2446 4219 hoc
2466 4180 2809 4233 cognoscam.
2844 4178 2942 4233 ego
2968 4161 3255 4233 enimisnm
3307 4173 3486 4233 senes.
3520 4168 3743 4233 etuxor

2163 4228 2594 4309 mea._processit
2626 4238 2677 4289 in
2723 4228 2910 4309 diebus
2939 4233 3069 4309 suis.
3104 4232 3168 4285 Et
3196 4228 3533 4309 respondens
3562 4228 3742 4296 Ange-

2164 4303 2245 4357 lus
2272 4300 2497 4380 diiitei‘.
2533 4308 2643 4375 Ego
2670 4322 2785 4380 sum
2805 4302 3080 4380 Gabrihel.
3120 4303 3209 4380 qui
3251 4300 3554 4380 adsisto'in
3610 4316 3743 4380 con?

2162 4385 2344 4439 Specto
2401 4377 2512 4429 Dei.
2544 4368 2602 4431 ei
2628 4370 2821 4451 missus
2850 4390 2965 4451 sunt
3011 4372 3158 4440 loqui
3202 4369 3266 4424 ad
3318 4378 3391 4451 te.
3448 4368 3739 4451 liaecrtibi

2162 4445 2549 4510 evangelizare.
2610 4446 2674 4496 Et
2716 4460 2844 4499 ecce
2887 4445 2995 4495 eris
3024 4452 3231 4495 tacens.
3281 4448 3334 4491 et
3384 4453 3488 4490 non
3534 4445 3740 4504 potetis

2163 4511 2326 4577 loqui.
2357 4528 2525 4579 usque
2559 4515 2607 4564 in
2633 4514 2770 4565 diem
2800 4528 2905 4579 quo
2938 4515 3065 4587 haec
3090 4513 3218 4587 [iant
3242 4524 3336 4573 pro
3365 4522 3431 4587 eo
3463 4510 3602 4587 quod
3629 4524 3739 4563 non

2161 4582 2433 4633 credidisti
2465 4584 2644 4633 verbis
2678 4584 2835 4643 meis,
2867 4596 3002 4647 quae
3031 4579 3389 4657 illIBlebl-llllldl'
3410 4579 3458 4629 in
3493 4586 3739 4657 tempore

2162 4664 2278 4701 suo.
2328 4650 2392 4702 Et
2433 4660 2549 4703 erat
2582 4652 2748 4715 plebs.
2780 4657 3071 4715 expectans
3099 4648 3462 4700 Liceliariam.
3492 4657 3545 4700 et
3573 4650 3739 4701 inira-

2168 4720 2381 4771 bantur.
2412 4720 2553 4788 quod
2581 4721 2816 4773 tardaret
2842 4718 2955 4786 ipse
3010 4720 3061 4788 in
3095 4716 3315 4788 templo.
3342 4717 3601 4784 Egressus
3640 4734 3740 4772 au-

2168 4798 2294 4842 tem.
2350 4787 2455 4842 non
2511 4800 2717 4858 poterat
2774 4789 2914 4858 loqui
2957 4787 3023 4839 ad
3052 4787 3193 4858 illos.
3249 4796 3301 4858 et
3342 4796 3733 4858 cognoverunt.

2164 4860 2304 4928 quod
2333 4856 2588 4913 visionem
2638 4860 2857 4928 vidisset
2900 4856 2952 4909 in
3012 4856 3209 4925 templo
3255 4857 3320 4910 Et
3350 4857 3462 4924 ipse
3492 4868 3609 4913 erat
3655 4858 3738 4910 in-

2165 4944 2333 4984 nuens
2364 4930 2487 4985 illis.
2518 4940 2571 4985 et
2594 4927 2889 4999 permansit
2917 4937 3110 4980 mutus.

1757 5086 1985 5143 CODEX
2008 5082 2484 5140 'CORBEIENSIS.

564 5185 653 5238 l5.
689 5182 758 5234 Et
805 5180 878 5232 ait
930 5180 1004 5233 illi
1051 5180 1287 5247 Angelus
1336 5180 1563 5244 Domini,
1598 5181 1783 5235 dicens
1818 5198 1829 5232 :
1859 5179 1935 5233 Ne
1994 5178 2058 5230 ti-

490 5269 757 5309 mens”...
788 5250 1041 5317 quoniam
1071 5265 1195 5301 ecce
1222 5250 1525 5301 obsecratio
1554 5259 1638 5301 tua
1679 5252 1854 5303 audita
1888 5259 1989 5303 est.

565 5324 652 5377 1⁸1.
693 5330 746 5375 et
772 5319 1119 5373 incredibiles
1137 5318 1203 5371 ad
1225 5319 1559 5387 prudentiam
1584 5320 1874 5389 jusmrum.

2235 5175 2337 5297 19ἑ¹
2363 5184 2418 5228 et
2445 5175 2581 5230 dixit
2602 5177 2649 5230 ei
2677 5193 2689 5229 :
2726 5176 2834 5245 Ego
2864 5174 3007 5231 enim
3062 5188 3182 5230 sum
3234 5175 3468 5245 Angelus
3497 5173 3743 5240 Gabriel,

2235 5259 2300 5297 ia
2346 5254 2446 5297 sto.

2160 5254 2251 5312 qut
2274 5254 2446 5297 adsto.

2234 5314 2323 5367 ‘20.
2366 5325 2582 5382 propter
2612 5315 2731 5383 hoc,
2758 5314 2900 5385 quod
2922 5331 3028 5371 non
3057 5315 3235 5373 credis
3261 5316 3442 5370 verbis
3471 5315 3633 5368 meis.

1684 5402 2070 5467 VARIANTES
2107 5404 2393 5461 LECTION
2401 5406 2499 5464 ES.

553 5509 571 5537 ⁸
607 5509 713 5555 Gal.
741 5518 910 5564 parare
936 5504 1153 5564 Domino.
1186 5499 1328 5561 Vulg.
1356 5514 1526 5561 parare
1550 5503 1770 5552 Domino.

556 5572 579 5598 ⁹
610 5569 716 5616 Gut.
741 5562 925 5616 tacens.
950 5562 1130 5614 recenti
1152 5576 1315 5628 nuntii,
1343 5564 1695 5628 mutus.___Vulg.
1726 5571 1909 5614 tacens.

559 5630 581 5659 ³
612 5631 719 5677 θαι,
746 5641 965 5676 annuens
985 5629 1074 5675 eis.
1107 5624 1249 5689 Vulg.
1270 5625 1479 5673 iunuens
1498 5624 1609 5674 illis.

2232 5498 2251 5527 ’δ
2284 5500 2388 5548 Gat.
2414 5500 2687 5564 Zacharias,
2712 5505 2821 5564 quia
2846 5515 2961 5553 ecce
2995 5503 3222 5552 exaudita
3262 5505 3354 5550 est.
3382 5496 3527 5558 Vulg.
3553 5495 3743 5549 Zacha-

2164 5560 2254 5621 ria,
2274 5564 2500 5623 quoniam
2526 5541 2753 5615 exaudii‘a
2769 5572 2860 5613 est.

1805 5708 2162 5767 BLANCHINI
2200 5710 2419 5768 NOTE.

562 5777 639 5849 (α)
666 5778 745 5837 Ita
771 5780 963 5841 etcod.
996 5780 1150 5839 Cant.
1182 5784 1285 5841 καί.
