5170 6482
109 634 119 639 η
187 570 380 623 entiam
410 584 497 624 sa-

179 281 281 339 5l5

562 404 787 463 CODEX
826 405 1360 464 VERCELLENSIS.

184 499 273 554 77.
316 534 332 552 .
362 539 374 551 .
408 499 598 554 endam
630 537 645 553 .
672 539 687 555 .
721 540 734 553 .
759 529 785 540 -
998 500 1030 555 5
1084 516 1186 556 no:
1213 510 1267 555 et
1297 501 1444 555 ibant

998 585 1182 626 omnes
1212 586 1333 638 pro-

190 640 313 694 lutis
343 640 359 670 ²
392 641 589 709 populo
1007 641 1045 695 ti
1068 679 1081 694 .
1114 678 1131 691 υ
1165 677 1179 693 ο
1210 642 1254 694 ri
1287 640 1464 707 απυδ-ἶ

189 711 342 778 ejus:
367 710 418 764 in
449 726 535 765 re-
1007 751 1018 765 .
1056 751 1069 764 .
1106 752 1118 763 .
1156 751 1169 763 .
1201 727 1304 779 que
1334 710 1355 741 ⁸
1385 711 1466 779 in]

187 779 495 834 missionem
1005 820 1017 833 .
1050 818 1065 834 .
1098 822 1109 834 .
1144 797 1194 834 in
1223 781 1355 835 civi-

187 859 521 915 peccatorum
1003 894 1013 905 .
1049 891 1061 903 .
1091 891 1103 903 .
1138 893 1151 905 .
1185 897 1200 906 .
1232 867 1304 903 m.

998 923 1051 976 4.
1090 919 1341 974 Ascendit
1362 929 1538 976 autem

999 999 1052 1045 et
1075 989 1273 1057 Joseplt
1301 1005 1328 1042 ει
1359 988 1466 1045 Ga-
1489 1057 1493 1060 .

998 1060 1151 1114 lilaea
1179 1059 1245 1113 de
1270 1060 1345 1113 ci—

999 1131 1160 1183 vitate
1184 1129 1376 1183 Nazar-

999 1208 1051 1254 et
1074 1199 1125 1253 in
1155 1209 1348 1253 terrain

998 1269 1221 1325 Judeam
1245 1267 1298 1322 in

188 920 276 1001 Ἱβ.
316 920 573 1001 ipsorum.
603 920 705 976 Per

185 1004 389 1045 viscera
418 1006 517 1045 Illi-

185 1060 470 1116 sericordi-
596 1124 599 1127 _

166 1144 248 1184 ae
278 1131 374 1185 Dei
401 1146 527 1185 nos-

187 1201 277 1265 tri,
308 1201 360 1254 in
389 1201 579 1270 quibus

186 1271 420 1326 visitavit
455 1285 551 1326 nos
568 1311 583 1336 ,

186 1342 366 1399 oriens
388 1343 457 1395 "ex
487 1342 562 1395 ιιι·
999 1339 1271 1393 civitatem

185 1411 273 1466 79.
304 1420 396 1466 to:
429 1411 713 1465 inlumina-
1002 1408 1185 1471 David,
1221 1422 1356 1477 quae

185 1495 245 1535 re
274 1481 291 1534 i
319 1482 372 1535 in
400 1492 541 1537 tene-
1003 1488 1225 1533 vocatur
1249 1478 1347 1533 Be-

186 1549 316 1616 bris,
347 1560 399 1605 et
427 1567 542 1604 um-
1001 1547 1165 1602 thlem
1198 1566 1212 1601 :
1240 1563 1305 1603 eo
1323 1545 1464 1616 quod

184 1620 279 1676 bra
308 1621 495 1676 mortis
999 1628 1141 1673 esset
1170 1617 1235 1673 de
1263 1617 1361 1671 do-

184 1688 433 1745 sedentes
460 1708 473 1744 :
500 1691 565 1746 ad
999 1702 1106 1752 mo,
1137 1697 1191 1742 et
1215 1688 1382 1756 patria

184 1758 488 1826 diruendas
514 1804 517 1805 ν
998 1757 1053 1811 5.
1094 1755 1277 1819 David.
1309 1755 1467 1823 proti-

184 1829 500 1897 pedesnos-
664 1850 667 1851 ν
999 1835 1079 1881 ter
1106 1866 1118 1879 .
1154 1866 1167 1880 .
1194 1843 1281 1881 um
1307 1828 1416 1882 Ma-

186 1899 541 1954 trosinviam
997 1898 1372 1953 ri.....re

183 1970 273 2025 80.
312 1970 477 2037 pacis.
508 1970 647 2025 Puer
996 1981 1023 2020 s
1056 2009 1069 2022 .
1107 2009 1119 2020 .
1155 2008 1167 2021 .
1206 2008 1219 2022 .
1252 1982 1374 2038 reg-
1442 2002 1443 2005 η

108 2076 119 2081 -
182 2049 359 2093 autem
388 2054 547 2098 CI’CSr
845 2076 853 2084 .
996 2051 1098 2090 nan
1133 2076 1145 2089 .
1182 2077 1194 2089 .
1222 2077 1236 2092 ο

181 2108 355 2178 cenat,
380 2118 433 2163 et
457 2124 587 2165 con-
996 2104 1049 2159 6.
1076 2105 1292 2161 Factum
1314 2117 1396 2161 est
1424 2123 1520 2178 au:

183 2176 493 2233 firmabatur
994 2183 1123 2242 tem,
1161 2216 1174 2228 .
1202 2215 1216 2229 .
1246 2193 1296 2229 ιη
1327 2178 1396 2232 ibi

994 2256 1190 2313 essent,
1218 2246 1297 2300 in-

998 2316 1123 2382 pleli
1150 2327 1275 2369 sunt

996 2384 1420 2439 diesut.....

997 2454 1048 2507 7.
1078 2465 1177 2507 ret.
1212 2454 1278 2509 Et
1305 2469 1369 2522 pe
1401 2497 1411 2510 .
1449 2495 1461 2508 .
1492 2496 1504 2508 .

996 2524 1063 2591 rit
1091 2523 1190 2577 Fili
1218 2566 1230 2577 .
1265 2565 1277 2577 .
1316 2562 1330 2576 .

182 2248 204 2277 ¹
230 2246 279 2299 in
306 2248 492 2313 spiritu
520 2268 533 2301 :
564 2262 618 2307 et
644 2260 759 2308 erat

184 2317 239 2370 in
269 2316 496 2373 desertis
637 2356 651 2363 ο
763 2349 770 2357 τ

183 2402 351 2456 usque
384 2388 436 2442 in
458 2389 538 2443 di-

180 2472 266 2511 em
292 2459 548 2513 ostensio-

183 2527 267 2580 nis
287 2542 415 2582 suae
444 2529 510 2583 ad

182 2596 429 2652 Istrahel.
697 2611 702 2614 ·
958 2598 968 2616 ‘
996 2608 1147 2647 suum
1183 2594 1289 2675 pri-

384 2707 612 2765 capur
648 2708 711 2763 ιι.
918 2772 923 2776 ,
995 2674 1341 2802 ᾎἿ⁰ιῖῗιῗιξῖξ¹η’

254 2799 304 2851 i.
347 2798 562 2854 Factum
582 2810 665 2858 est
691 2816 785 2856 au-
995 2798 1115 2856 enin
1146 2803 1352 2858 involu-

184 2877 291 2940 tetn
315 2869 366 2922 in
396 2869 502 2925 illis
692 2897 708 2911 ν
994 2872 1089 2940 vit,
1117 2885 1170 2929 et
1198 2875 1381 2929 conlo-

182 2937 389 3005 diebus,
411 2942 543 2995 exiit
993 2937 1138 2997 cavit
1162 2959 1284 3000 eum

180 3008 413 3085 edictum
504 3083 511 3085 _
996 3014 1046 3067 in
1078 3014 1387 3085 praesepio;
1411 3064 1415 3068 .

179 3094 209 3131 a
241 3077 468 3137 CaeSare
490 3083 528 3136 Α
559 3117 575 3133 .
609 3121 623 3137 .
652 3112 677 3123 ο
993 3077 1238 3151 quoniam

282 3158 357 3214 to,
385 3160 442 3207 ut
469 3167 588 3221 pro-
887 3212 890 3216 λ
997 3167 1100 3207 non
1128 3164 1243 3209 erat
1273 3155 1353 3209 lo-

226 3228 425 3275 teretnr
994 3238 1087 3279 cus
1113 3224 1166 3278 in
1196 3224 1372 3281 diver-

183 3303 280 3355 per
306 3292 515 3347 nniver-
994 3293 1160 3347 Sorio.

182 3373 359 3435 sump
382 3399 395 3413 .
432 3399 447 3414 .
475 3362 617 3417 bem.
932 3401 940 3409 .
995 3361 1045 3416 8.
1082 3363 1326 3435 Pastores
1345 3364 1422 3435 (a)
1451 3379 1546 3419 au—

181 3426 239 3501 g.
282 3429 423 3484 Haec
456 3468 472 3484 .
507 3470 520 3483 .
550 3442 569 3483 '.
602 3445 685 3483 ma
997 3439 1099 3501 tem
1122 3432 1340 3501 ferant

180 3496 263 3570 [ac
298 3538 310 3550 .
342 3535 356 3550 .
391 3538 405 3553 .
441 3538 456 3553 .
489 3537 503 3551 .
539 3538 554 3552 .
587 3513 713 3570 pro-
995 3499 1047 3553 in
1073 3496 1158 3554 illa
1191 3505 1361 3570 regio-

180 3564 263 3639 [es
291 3607 307 3639 _.
344 3605 357 3619 .
393 3608 408 3622 .
444 3608 461 3639 .
494 3564 719 3639 .‘aeside
996 3584 1085 3633 ne,
1117 3564 1339 3639 vigilan-

180 3635 337 3702 Syria
360 3677 375 3690 .
405 3676 419 3690 .
446 3637 466 3667 ³
494 3636 599 3707 Cyr
630 3674 646 3691 .
682 3681 692 3690 .
724 3667 750 3677 -
999 3648 1077 3695 tes
1096 3650 1149 3695 et
1173 3635 1352 3695 custo-

1220 285 1657 345 EVANGELIUM
1695 287 2056 348 SECUNDUM
2096 289 2345 348 LUCAM.

3299 297 3404 355 514

2272 409 2495 467 CODEX
2534 409 2979 472 VERONENSIS.

1845 505 1929 555 77.
1973 503 2049 576 Ad
2074 502 2303 557 dandam
2653 506 2721 561 de
2752 497 3057 576 SiriaeACy-

1843 574 2117 627 scientiam
2145 587 2231 626 sa-
2596 576 2599 579 ’
2657 578 2777 631 rino
2810 594 2822 629 :
2852 585 2903 629 et
2935 574 3085 628 ibant

1842 643 1966 696 lutis
1998 642 2137 711 plebi
2162 643 2279 711 ejus
2317 660 2331 697 :
2656 647 2707 700 5.
2750 660 2967 708 omnes,
3001 654 3060 699 ut

1843 713 1895 766 in
1924 713 2197 767 remissiu-
2658 717 3039 786 proﬁterentur

1844 797 1962 835 nem
1988 796 2175 851 pecca-
2658 785 2849 853 Singuli
2879 785 2928 839 in
2962 799 3112 840 suam

1845 852 1929 906 78.
1976 862 2149 905 torum
2176 866 2384 907 eorum.
2659 852 2947 909 civitatem.

1844 922 1949 975 Per
1976 924 2177 976 viscera
2428 922 2443 939 ‘
2658 924 2714 979 4.
2756 925 3008 979 Ascendit
3035 939 3124 979 au-

1834 991 2248 1047 .niisericm-diae
2661 1004 2767 1050 tem
2794 1004 2849 1050 et
2871 994 2960 1047 ,Ιο-
3060 1008 3064 1011 ·

1844 1062 1936 1116 Dei
1964 1064 2161 1127 nostri,
2239 1094 2244 1098 —
2661 1067 2791 1133 seplt
2824 1063 2986 1119 96³-

1845 1133 1897 1185 ἱη
1924 1132 2115 1200 quibus
2663 1132 2817 1189 lilaea
2848 1135 2915 1188 de

1844 1201 2081 1255 visitavit
2661 1204 2872 1259 civitate
2902 1204 3004 1258 Na-

1846 1278 1945 1324 nos
1957 1311 1972 1335 ,
2004 1271 2185 1325 oriens
2423 1327 2426 1331 ,
2660 1290 2717 1327 za
2727 1273 2841 1329 retb
2870 1274 2919 1327 in

2659 1343 2908 1397 Iudaeam
2940 1345 2991 1397 in

2660 1413 2927 1467 civitatem

2660 1483 2823 1537 David
2847 1524 2861 1548 ,
2893 1497 3028 1551 quae

2663 1563 2883 1607 vocatur
2923 1553 3021 1607 Bc-

1844 1341 1932 1394 79.
1973 1354 2035 1394 ex
2066 1341 2178 1394 alto
2205 1357 2218 1392 :
2244 1340 2324 1394 in-

1845 1410 2103 1463 luminare
2129 1408 2195 1462 iis
2213 1451 2227 1473 ,

1844 1482 1932 1547 qui
1963 1479 2014 1532 in
2045 1490 2195 1532 tene-

1845 1549 1990 1611 bris,
2024 1558 2078 1602 et
2114 1552 2163 1601 in

1845 1619 2031 1673 umbra
2064 1617 2250 1671 mortis
2663 1622 2828 1677 thlem
2858 1640 2870 1673 :
2903 1637 2967 1677 eo

1846 1689 2034 1742 sedent
2060 1705 2073 1740 :
2101 1687 2167 1740 ad
2661 1692 2801 1746 auod
2832 1703 2972 1746 esset

1846 1758 2149 1826 dirigendos
2664 1758 2730 1815 de
2751 1762 2910 1815 domo
2926 1802 2939 1824 ,
2965 1770 3019 1816 et

1846 1828 2007 1910 pedes
2039 1838 2249 1881 nostros
2660 1832 2826 1910 patria
2860 1832 3023 1884 David
3042 1872 3057 1897 ,

1847 1898 1895 1950 in
1921 1898 2055 1970 viam
2658 1898 2713 1957 Β.
2758 1908 2816 1955 ut
2843 1916 2980 1970 pr0-.

1846 1969 2009 2041 pacis.
2658 1969 2897 2025 {iteretnr
2922 2033 2945 2041 ί,

1843 2038 1929 2093 80.
1972 2037 2111 2091 Puer
2140 2045 2316 2091 autem
2657 2053 2777 2094 cum
2804 2037 2965 2093 Maria

1842 2108 2154 2180 crescebat,
2186 2117 2241 2161 et
2661 2125 2828 2164 uxore
2856 2123 2948 2163 sua
2981 2124 3135 2180 preg-

1843 2178 2242 2231 COnfortabatur
2662 2190 2843 2234 nante.

2662 2248 2714 2303 6.
2758 2250 2977 2305 Factum
3007 2257 3092 2304 est

2658 2329 2854 2382 autem,
2881 2334 3002 2373 cum

2659 2400 2801 2443 esset
2823 2389 2918 2453 ibi,

2658 2459 2865 2527 impleti
2892 2467 3018 2513 sunt

2657 2528 2771 2582 dies
2799 2539 2858 2583 ut

1843 2247 1894 2300 in
1925 2248 2113 2312 Spiritu
2150 2266 2163 2301 :

1844 2326 1897 2370 et
1925 2327 2041 2370 erat
2073 2318 2127 2370 in

1843 2386 2057 2439 deserto
2082 2402 2173 2440 us-

1842 2460 2017 2523 quein
2045 2456 2184 2509 diem

1840 2539 1995 2577 suum
2029 2526 2093 2579 ad
2130 2527 2205 2580 ls-

1843 2594 2029 2648 traliel.
2500 2594 2505 2598 ’
2658 2596 2709 2649 7.
2754 2607 2985 2666 pareret.
3016 2598 3085 2651 Et
3166 2606 3169 2607 '

2658 2665 2863 2735 peperit
2893 2665 3088 2720 Filium

2045 2731 2270 2789 CAPUT
2308 2733 2371 2790 ll.
2655 2731 2977 2806 primogeni-

2657 2816 2766 2859 tum
2792 2847 2808 2872 ,
2836 2815 2891 2861 et
2920 2820 3051 2873 pan-

1911 2874 1962 2927 i.
2006 2872 2222 2929 Factum
2253 2884 2335 2930 est
2655 2876 2738 2930 nis
2760 2891 2881 2930 enm
2910 2872 2990 2930 in-

1840 2952 2016 2997 antem
2048 2945 2098 2997 in
2653 2946 2844 3011 volvit,
2876 2956 2930 3001 et

1841 3013 2027 3067 diebus
2052 3014 2179 3081 illis,
2658 3018 2835 3084 posuit
2864 3016 2918 3069 in

1839 3085 1968 3137 exiit
2005 3084 2151 3141 edic—
2657 3086 2968 3156 praesepio;

1844 3165 1953 3207 tum
1985 3169 2013 3206 a
2045 3157 2175 3211 Cae—
2656 3158 2778 3225 quia
2799 3157 2948 3209 locus

1840 3240 1961 3278 sarc
1996 3225 2175 3295 Angn-
2530 3276 2535 3277 γ
2586 3270 2588 3273 .
2657 3241 2761 3280 non
2794 3236 2909 3280 erat
2940 3226 2993 3280 in

1840 3301 1923 3348 sto
1940 3334 1952 3354 ,
1980 3303 2039 3347 ut
2069 3295 2283 3359 protite-
2655 3296 2975 3349 diversorio.
3198 3354 3205 3359 ,

1839 3372 1985 3436 retur
2010 3367 2291 3419 universus
2655 3365 2709 3419 8.
2752 3366 3001 3436 Pastores
3029 3366 3105 3436 (a)
3135 3380 3228 3420 au-

1838 3434 1985 3485 orhis
2016 3440 2122 3486 ter-
2657 3444 2763 3489 tem
2791 3434 2831 3504 ᾧ
2856 3444 3009 3489 erant

1838 3517 2135 3555 rarum.....
2166 3518 2288 3568 pro—
2661 3503 2712 3557 in
2744 3503 2832 3557 illa
2862 3520 2946 3560 re-

1837 3573 1890 3623 ‘2.
1932 3570 2096 3642 fessio
2133 3572 2239 3640 pri-
2657 3574 2834 3641 gione,
2865 3575 2998 3642 vigi-

1838 3657 1921 3694 ma
1964 3656 1993 3695 a
2034 3641 2243 3695 Praesi—
2661 3644 2863 3709 lantes,
2890 3641 2944 3696 et

1469 3750 1698 3808 CODEX
1738 3752 2155 3820 BRIXIANUS,

179 3866 264 3921 Ad
315 3863 542 3919 dandam
594 3865 868 3922 scientiam
932 3867 1119 3928 salutis
1172 3868 1311 3936 plebi
1364 3868 1500 3936 eius.
1556 3870 1608 3922 in
1657 3883 1739 3921 re-

180 3936 487 3990 missioaem
535 3948 872 4003 peccatorum
920 3954 1125 3992 eorum.
1173 3938 1276 3993 Per
1323 3939 1528 3993 viscera
1580 3939 1739 3993 inise-

180 4005 441 4059 ricordiae
488 4005 580 4061 Dei
635 4010 820 4062 nostri.
880 4010 930 4062 in
979 4010 1169 4078 quibus
1226 4008 1457 4062 visitavit
1511 4025 1609 4063 nos
1680 4024 1741 4061 o-

179 4078 326 4130 riens
368 4091 436 4129 ex
480 4079 606 4131 allo.
648 4079 967 4134 inluminate
1024 4079 1217 4145 bisqui
1245 4079 1296 4131 in
1344 4080 1581 4133 tenebris
1610 4080 1738 4131 etin

177 4145 367 4216 umbra
416 4150 603 4201 martis
645 4150 853 4203 sedent.
891 4150 955 4201 ad
1006 4149 1310 4216 dirigenilos
1336 4148 1740 4216 pedesinostros

178 4215 234 4273 in
265 4216 399 4271 viam
432 4218 594 4285 pacis.
618 4218 757 4274 Puer
789 4231 963 4272 autem
993 4211 1284 4270 crescebat.
1316 4211 1369 4269 et
1394 4215 1738 4269 confortaba-
1761 4211 1773 4223 '

179 4294 268 4357 tur
294 4289 499 4357 spiritu.
520 4296 577 4342 et
600 4299 714 4343 erat
742 4289 791 4341 in
818 4288 1061 4357 desertis.
1092 4300 1260 4353 usque
1298 4285 1357 4338 in
1384 4285 1523 4357 diem
1555 4293 1735 4357 osten-

178 4354 352 4411 sionis
375 4372 501 4411 suae
528 4359 591 4410 ad
637 4356 880 4413 Sdraliel.
904 4354 1120 4409 Factum
1149 4365 1231 4408 εει
1257 4361 1434 4409 autem
1468 4355 1519 4408 in
1547 4354 1735 4408 diebus

178 4426 314 4481 illis.
351 4428 481 4483 exiit
520 4427 751 4482 edictum
779 4442 807 4477 a
833 4422 1062 4495 Caesare
1086 4424 1344 4495 Angusto.
1384 4432 1441 4479 ut
1466 4423 1737 4495 describe—

178 4508 331 4553 retur
356 4499 641 4553 universus
684 4496 846 4566 orbis.
897 4494 1036 4549 Haec
1062 4494 1359 4551 describiio
1397 4496 1565 4566 prima
1598 4494 1736 4549 facta

176 4577 285 4623 est.
315 4568 559 4624 Praeside
588 4567 773 4640 Syriae
800 4564 1017 4638 Cyrino.
1050 4576 1103 4622 et
1129 4566 1277 4621 ibant
1305 4564 1493 4622 omnes
1519 4574 1574 4621 ut
1604 4566 1734 4620 scri-

251 4773 338 4827 77.
366 4773 447 4844 Ad
473 4773 701 4844 dandam
730 4773 999 4844 scientiam
1030 4774 1197 4844 plebis
1222 4774 1356 4844 ejus.

248 4843 613 4918 thing—13'
642 4843 1064 4918 UtAprotiteretur.
1083 4843 1361 4918 universus
1381 4843 1523 4918 orbis
1552 4853 1727 4918 terrae.

164 4966 167 4967 ν
249 4914 305 4968 2.
335 4914 357 4944 ⁸
384 4914 522 4969 Haec
550 4916 569 4945 ⁷
602 4911 859 4982 professio
885 4913 926 4983 -ι-
956 4918 1120 4983 prima
1148 4916 1283 4969 facta
1306 4922 1432 4970 esta
1457 4911 1724 4967 Praeside.

251 4985 307 5039 4.
332 4984 407 5038 De
432 4984 614 5050 domo,
642 4984 664 5015 ⁸
695 4992 749 5039 et
774 4983 943 5054 patria
969 4983 1151 5040 David.
1182 4984 1223 5054 -ί-
1562 5010 1571 5017 -

1840 3868 2097 3936 berentnr
2122 3868 2334 3936 singuli.
2361 3868 2412 3921 in
2435 3882 2585 3921 suam
2614 3865 2904 3921 civitatem.
2930 3865 3182 3919 Ascendit
3202 3874 3402 3921 autem.

1840 3951 1894 3993 et
1947 3939 2143 4007 Josepli
2186 3938 2463 3994 aGalilea.
2497 3938 2560 3990 de
2614 3940 2826 3990 civitate
2884 3936 3157 4007 Nazarelit.
3205 3936 3257 3988 in
3308 3937 3407 3990 Ju-

1840 4010 2047 4063 daeum.
2078 4011 2347 4063 civitatein
2384 4008 2566 4078 David.
2600 4022 2734 4075 quac
2764 4017 2983 4078 vocatur
3016 4006 3406 4078 Betlnlectn.-co

1840 4079 1981 4147 quod
2010 4090 2151 4131 esset
2185 4078 2253 4131 de
2297 4076 2458 4129 domo
2483 4088 2537 4129 et
2566 4078 2729 4143 patria
2761 4076 2921 4129 David
2963 4086 3019 4128 ut
3063 4076 3408 4145 proﬁteretur

1839 4162 1959 4199 cum
2015 4148 2176 4200 Maria
2226 4147 2545 4213 desponsata
2597 4147 2722 4199 sibi.
2782 4161 2918 4215 quae
2959 4154 3076 4198 erat
3115 4162 3405 4215 pregnans.

1840 4215 2056 4269 Factum
2102 4226 2183 4269 est
2230 4227 2404 4269 autem
2432 4230 2552 4269 cum
2579 4215 2868 4269 essentibi.
2897 4215 3094 4284 impleti
3137 4226 3263 4269 sunt
3288 4218 3407 4273 dies

1840 4296 1895 4338 ut
1926 4295 2155 4354 pareret.
2207 4287 2267 4338 Et
2304 4285 2513 4353 peperit
2552 4286 2715 4339 tilium
2768 4301 2923 4339 suum
2968 4287 3407 4355 primogenitum.

1840 4365 1892 4411 et
1919 4358 2107 4423 pannis
2135 4372 2256 4411 eum
2305 4355 2543 4410 involvit.
2588 4366 2643 4410 et
2668 4357 2846 4425 posuit
2869 4372 2989 4411 eum
3034 4357 3405 4425 inpraesepio.

1839 4429 1956 4496 quia
1991 4442 2092 4498 non
2133 4436 2249 4482 erat
2277 4426 2354 4481 eis
2408 4427 2561 4481 locus
2608 4428 2660 4481 in
2703 4426 3033 4498 diversorio.
3058 4426 3408 4498 Pastores(a)

1840 4506 2015 4552 autem
2047 4497 2088 4568 οἵ
2118 4507 2271 4553 erant
2314 4498 2365 4552 in
2388 4499 2577 4554 eadem
2605 4498 2825 4569 regione
2845 4497 3125 4567 vigilantes
3151 4507 3205 4550 et
3226 4497 3407 4551 custue

1398 4742 1399 4745 η
1429 4680 1656 4737 ΟΟΒΕΧ
1684 4678 2144 4735 CORBEIENSIS.

1907 4772 1960 4827 5.
1993 4770 2126 4824 Cum
2148 4768 2309 4823 Maria
2337 4769 2659 4837 desponsata
2706 4765 2807 4821 sibi
2837 4777 3025 4827 nxore,
3049 4767 3069 4796 ν
3094 4776 3214 4817 cum
3261 4770 3408 4820 esset

1837 4841 1888 4894 in
1913 4855 2064 4894 utero
2094 4840 2315 4893 habens.

1908 4912 1959 4964 7.
1984 4910 2116 4976 Quia
2147 4924 2249 4963 non
2272 4914 2388 4962 erat
2416 4908 2564 4963 locus
2586 4906 2639 4962 in
2662 4904 2978 4962 diversorio.

1341 5097 1725 5157 VAlilANTES
1759 5096 2175 5155 LECTIONES.”

242 5196 391 5265 ξίξσι.
415 5196 718 5265 plebiscitis.
749 5194 1194 5265 Vulg..pl_ebi_ejus.
1324 5204 1373 5265 ξ..
1486 5263 1490 5265 Α
1611 5263 1617 5265 Α
1659 5257 1668 5265 _
1748 5262 1751 5265 Α

241 5254 469 5321 {cabin
480 5254 691 5321 spiritu:
776 5254 931 5321 gratia
962 5254 1056 5305 Dei
1075 5254 1181 5321 erat
1197 5268 1307 5306 cum
1326 5254 1427 5316 illo,
1448 5263 1498 5307 et
1520 5263 1625 5308 erat
1659 5257 1725 5307 in.

188 5318 329 5394 γειφ
356 5318 997 5394 confortabaturspiritghet
1016 5325 1121 5394 erat
1140 5319 1209 5394 in.

412 5377 1599 5506 ξιῑᾝιιυῗεὲῑίἓξέῐζῗινῗᾶιὲῗῗὲῗυιω.οἱνὶιειθω.
1635 5502 1650 5506 Α
1766 5496 1771 5499 _

236 5508 259 5540 ⁸
282 5508 387 5557 σαι.
422 5513 477 5557 ut
494 5501 722 5563 censum'
734 5501 1115 5565 describeretnr,
1139 5501 1321 5556 recenti
1354 5518 1519 5567 manu,
1537 5502 1736 5567 proﬁte-

249 5702 324 5778 (ιι)
348 5703 425 5761 Ita
442 5702 627 5775 etcod.
667 5684 816 5761 eam.
842 5702 917 5761 δέ.

1831 5196 2021 5237 rentur.

1895 5250 1916 5319 ξ
1937 5252 2051 5319 ῳ,
2069 5247 2235 5319 pijmis
2251 5248 2547 5319 curii.__haee
2566 5249 2848 5319 descriptio.

1894 5314 1914 5343 ’⁷
1943 5315 1998 5362 Ει
2019 5310 2085 5362 ita
2101 5314 2207 5361 Gut.
2228 5311 2449 5362 secundis
2471 5310 2625 5363 curis.
2734 5310 2744 5338 ῖ

1893 5376 1914 5406 ⁸
1940 5378 1995 5425 Ει
2020 5374 2088 5424 ita
2110 5376 2213 5424 ϐαι.
2512 5400 2517 5407 -

1892 5438 1913 5469 ⁸
1939 5438 2045 5488 Gat.
2066 5442 2366 5499 praegnante
2383 5435 2449 5487 de
2472 5436 2656 5500 Spiritu
2680 5438 2861 5486 sancto.

1464 5608 1828 5667 BLANCHINI
1863 5608 2087 5666 NOTAE.
