1960 3197
86 194 136 224 517

626 195 847 228 EVANGELIUM
864 184 1048 228 secunuuu
1067 196 1190 228 LUCAll.
1284 228 1287 231 .

1133 254 1246 283 CODEX
1267 253 1495 284 ‘JERONENSIS.

281 251 396 281 CODEX
413 251 680 284 VERCELLENSIS.

88 299 146 330 Ιιιμ,
162 305 232 333 quae
246 305 294 326 au-

87 332 193 360 dierunt
199 353 207 364 ,
222 337 251 360 et

87 368 210 395 viderunt
222 368 259 395 si-

86 408 131 430 cut
140 402 211 430 dicta
224 406 288 430 aunt

495 299 537 326 cui
553 300 563 315 ³
578 307 675 327 nomen

494 333 612 369 Symeon
621 354 628 365 .
643 340 671 362 et

440 396 443 397 ν
494 368 575 395 homo
591 370 641 396 iste
651 369 710 404 jus-

496 408 538 430 tus
548 424 555 436 ,
568 409 595 430 et
611 403 720 431 tit-inra-

86 438 119 464 ad
134 445 193 465 eos.
496 442 538 465 tus
546 458 553 470 ,
567 443 712 471 expectans

87 472 132 499 il.
153 472 188 500 Et
196 493 206 504 ,
218 479 279 499 cum
291 472 383 507 inpleti
496 474 641 500 exortatio-

87 512 151 534 sunt
164 508 222 535 dies
235 514 277 535 oe-
496 515 556 534 nent
572 508 682 534 Istrahel
695 528 701 539 ,

88 547 116 569 to
129 562 138 574 ,
153 547 183 569 ut
194 549 256 570 eum
269 542 322 571 eir-
496 546 523 569 et
533 541 649 576 Spiritus
660 543 728 569 San-

87 577 285 611 cumciderent,
496 581 540 604 tus
552 582 610 604 erat
623 584 703 609 super

88 616 212 639 vocatum
222 616 265 639 est

88 654 186 674 nomen
197 646 256 681 ejus

87 681 179 710 Jesnm
190 703 198 714 ,
212 681 283 716 quod
297 688 344 709 vo-

87 722 178 744 catum
191 720 251 744 erat

87 752 122 779 ab
136 753 237 787 Angelo
248 751 302 785 pri-

88 794 201 828 usquam
215 794 280 813 cutt-

87 827 224 856 ciperetut‘

86 857 132 883 ἐξ.
154 857 180 883 in
192 860 277 883 utero.
290 854 324 883 Et
337 875 345 887 ,

86 899 149 918 cuttt
164 890 265 924 expleti

87 931 180 953 essent
194 926 254 953 dies

87 960 226 996 purgatio-

87 996 131 1023 nis
143 996 203 1030 ejus
216 1002 258 1023 se-

86 1031 204 1058 cundum
223 1030 262 1058 le-

87 1073 148 1101 gem
162 1065 244 1101 Moysi
253 1085 262 1098 ,

87 1102 225 1128 duxerunt

88 1142 151 1163 eutn
164 1136 190 1162 in
203 1134 265 1162 ﬂle-

88 1170 205 1197 ruealem
219 1189 227 1203 ,

88 1211 119 1232 ut
132 1204 262 1232 oil'erreut

89 1247 153 1267 eum
169 1239 281 1267 Domino
290 1258 297 1271 ,

89 1276 134 1303 25.
156 1275 226 1307 sicut
237 1274 324 1309 serip-

89 1315 147 1337 tutu
160 1314 203 1337 est
216 1309 242 1336 itt

90 1346 153 1379 lege
166 1343 272 1372 Domini
287 1352 294 1370 :

89 1380 160 1414 Quia
173 1379 181 1395 ⁸
194 1385 274 1407 ontne

91 1414 269 1443 masculinum
279 1433 286 1446 ,

92 1449 165 1485 quod
179 1449 265 1484 aperit

92 1485 214 1517 Vulvutn,
229 1491 305 1511 sanc-

93 1525 150 1547 tum
163 1519 276 1546 Domino

92 1554 243 1582 vocabitur.

92 1590 140 1617 24.
162 1590 194 1616 Et
202 1610 211 1622 ,
228 1593 259 1617 ut
267 1589 364 1617 darent

94 1624 201 1652 hostias
214 1632 261 1653 se-

94 1660 213 1687 cundum

94 1695 168 1730 quod
181 1695 282 1722 dictum

94 1734 140 1767 εει
155 1731 181 1767 εει
195 1732 254 1767 leae

94 1764 205 1792 Domini
216 1764 289 1798 [par
309 1769 368 1791 tur-

95 1804 187 1826 turum
196 1819 205 1829 .
217 1799 260 1825 vel

93 1835 166 1861 duos
182 1833 270 1867 pullos

495 611 540 638 26.
560 619 632 638 eum.
653 611 686 638 Et
699 616 758 639 erat

496 648 520 673 ei
532 644 690 680 responsum

496 688 511 708 a
523 680 624 721 Spiritu
637 680 752 713 Sancto,

497 723 549 742 l'lOll
564 723 683 742 VlSlll‘llm

497 758 556 777 eum
571 755 699 783 mortem,

498 786 650 819 priusquam

497 821 599 847 videret
612 819 749 847 Christum

499 854 612 882 Domini.

497 890 542 916 27.
562 890 595 916 Et
607 889 680 916 venit
692 889 717 916 in
731 889 827 924 spiritu

500 925 526 952 iu
539 925 677 959 tentplutn.

501 959 533 986 Et
545 981 552 991 ,
569 968 630 987 cutn
646 959 723 987 indu—

500 1000 592 1022 coreut
615 1001 658 1028 pa-

499 1036 590 1057 rent-ss
605 1037 670 1063 pue—

499 1072 558 1091 rum
571 1064 661 1092 Jesum
674 1084 682 1098 ,

499 1104 529 1127 ut
544 1100 663 1127 facerent

499 1133 532 1162 de
548 1135 593 1161 illo
608 1141 704 1162 secum

499 1169 562 1196 dtttn
577 1177 690 1196 consuc-

501 1204 620 1231 tudinetn
635 1205 668 1231 le-

500 1239 545 1266 28.
565 1239 623 1274 gis;
637 1243 664 1266 et
674 1239 731 1274 ipse
741 1246 786 1267 ac-

501 1275 573 1308 cepit
583 1282 643 1300 euut

502 1309 528 1335 in
537 1309 699 1342 amplexum,

501 1348 529 1370 et
544 1343 678 1370 benedixit

503 1378 601 1407 Deum.
617 1382 644 1403 et
656 1378 693 1404 ait
708 1384 715 1403 :

501 1412 546 1440 29.
566 1412 577 1427 ³
592 1412 666 1439 Nunc
680 1412 769 1439 dimit-

504 1448 537 1474 tis
550 1447 656 1474 servum

460 1502 462 1504 ι
503 1487 576 1509 ιιιιιιιι
589 1482 701 1510 Domine
711 1503 719 1516 ,

503 1518 650 1545 secundum

505 1553 614 1580 verbum
626 1557 667 1579 tu-

506 1595 549 1615 um
566 1588 591 1614 in
606 1595 670 1622 pace
685 1595 692 1614 :

505 1623 552 1651 δυ.
572 1624 633 1657 quia
649 1623 773 1650 viderunt

506 1658 576 1685 oculi
588 1658 639 1685 tttei
651 1665 695 1685 sa-

508 1693 593 1720 lutare
608 1696 699 1725 tuum.

507 1727 552 1755 3i.
572 1728 643 1767 quod
663 1735 739 1761 prae-

508 1768 607 1796 parasti
622 1769 665 1789 se-

507 1796 623 1824 cundum
638 1803 695 1822 om-

508 1831 581 1858 nium
594 1831 658 1858 faci-

95 1866 236 1895 coluutba-
508 1873 550 1893 etn
563 1866 672 1900 populu—

94 1911 168 1931 rum.
508 1901 553 1929 3i.
574 1909 642 1928 rum.
656 1900 759 1929 Lumen

90 1938 144 1968 .23.
167 1937 200 1965 Et
210 1945 274 1965 ecce
283 1941 342 1965 erat
508 1936 651 1963 revelatio—

97 1973 181 2000 ltunto
192 1974 217 2000 itt
232 1973 293 2001 Hie-
509 1979 543 1999 ne
553 1971 671 2005 gentium
681 1992 689 2005 ,
710 1993 712 1995 μ

97 2008 216 2036 rusalem
229 2028 236 2040 ,
509 2011 536 2034 et
547 2007 661 2041 gloriam

98 2119 171 2148 quae
184 2111 321 2138 audiet-ant
332 2115 359 2138 et
370 2108 504 2148 'videt'aitt.
517 2110 585 2148 sicut
600 2108 699 2148 dictum
714 2108 800 2148 estad
816 2108 885 2147 illos.

99 2144 283 2182 Etnostqnam
294 2145 471 2174 consummati
481 2149 541 2170 sunt
552 2144 609 2182 dies
616 2146 690 2182 pcto.
707 2149 732 2168 ut
746 2144 886 2182 circumci-

98 2176 222 2210 dereluri
234 2188 357 2208 vocatum
370 2185 411 2206 est
431 2184 526 2205 numen
542 2178 600 2210 ejus
611 2176 690 2203 Jesns
701 2176 770 2208 quod
784 2176 885 2203 dictum

99 2224 144 2246 est
155 2221 191 2244 alt
202 2216 315 2250 Angelo.
328 2216 483 2250 priusquam
496 2213 521 2238 in
546 2217 621 2238 ulcru
633 2210 840 2250 conciperetur.
854 2210 886 2237 Et

102 2245 360 2288 pustquautriutpléti
385 2245 446 2288 sunt
460 2248 516 2274 dies
535 2245 770 2288 purgationis'eiu:
790 2252 886 2288 sei-uu-

101 2280 266 2321 aum'legem
278 2280 370 2320 Moysi.
393 2281 562 2321 adduxemttt
575 2288 640 2321 euut
650 2280 884 2321 iitrllierpsolyitta.

103 2315 134 2350 ut
148 2315 274 2349 sisterent
294 2315 354 2347 etim
377 2324 466 2344 coram
483 2317 603 2343 Domino.
620 2316 688 2343 sicut
700 2315 827 2342 scribtntn
846 2322 888 2343 est

102 2358 130 2385 itt
147 2357 206 2390 lege
217 2356 332 2382 Domini.
348 2353 413 2390 Quia
428 2359 510 2390 omne
529 2351 706 2390 tne-seminum
731 2350 890 2390 adaperions

103 2385 211 2417 vulvam
230 2385 478 2416 sanctumDomiuo
503 2385 649 2414 vocabitur.
671 2386 702 2413 Et
715 2391 743 2413 ut
758 2386 891 2414 uli'crrent

104 2433 154 2461 pro
167 2433 200 2451 eo
224 2423 383 2461 sacriﬁcium
407 2423 527 2449 Domino.
539 2422 685 2461 secundum
707 2422 777 2456 quod
787 2422 889 2461 dictum

103 2457 148 2489 est
161 2461 186 2486 itt
199 2460 257 2494 lege
271 2457 377 2494 Domini
392 2464 439 2494 par
454 2460 586 2489 turturum
609 2457 734 2494 autaduos
750 2457 837 2494 pttllos
846 2465 892 2485 co-

103 2491 267 2524 luntbaru'm.
291 2493 326 2521 Et
347 2499 410 2521 ecce
426 2492 507 2519 homo
526 2497 585 2520 erat
609 2493 635 2519 in
651 2491 829 2519 Hierusalem.
842 2499 891 2519 no-

922 308 991 337 quae
1004 302 1158 335 audierant.

922 341 949 364 et
963 337 1085 363 viderant

921 371 990 399 sicut
1004 371 1074 399 dicta
1087 374 1150 399 sunt

922 406 955 433 ad
970 406 1042 433 illos.

922 441 966 468 2t.
987 441 1034 470 Et.
1051 445 1190 481 postquam

921 480 1098 503 consummati

922 510 1047 537 suntdics

922 550 1000 577 octo,
1012 549 1040 571 ut
1050 545 1103 572 cir-

922 580 1131 612 cumcideretur,

922 619 1046 641 vocatum
1060 618 1101 642 est.

922 657 1018 675 nomen
1032 649 1091 683 ejus

921 684 1012 711 Jesum
1023 704 1031 715 ,
1045 683 1115 718 quod

921 723 1045 745 vocatum
1061 723 1104 745 cst

923 753 960 792 ab_
969 753 1070 787 Augelo
1087 787 1093 793 '

922 794 1075 821 priusquam
1087 795 1115 815 tn

924 829 999 848 utero
1012 823 1101 849 σημεί-

923 857 965 883 22.
989 863 1104 890 perctttr.
1128 877 1133 882 .
1157 875 1163 882 .

927 898 1065 926 postquam
1080 894 1128 918 iut-

926 928 987 961 pleti
1005 933 1065 952 sunt

926 962 982 988 dies
999 962 1120 994 puriﬁca-

926 997 1012 1023 tioncs
1027 997 1085 1030 ejus

927 1032 1073 1058 secundum
1090 1032 1127 1059 le-

926 1074 984 1100 gem
1001 1067 1083 1101 Μογεὶ
1095 1088 1102 1099 ,

926 1102 1043 1127 tttlerttnt
1058 1102 1130 1128 illum

928 1136 953 1162 in
968 1136 1133 1163 Hierusalem
1142 1158 1148 1169 ,

929 1171 965 1197 uti
982 1173 1107 1198 sisterent

927 1212 988 1232 eum
1004 1206 1118 1233 Domino
1126 1228 1134 1239 ,

928 1240 973 1267 25.
985 1240 1064 1276 sicut
1073 1241 1204 1276 scriptum

928 1279 970 1302 est
984 1275 1009 1301 itt
1026 1276 1083 1309 lege

930 1310 1034 1336 Domini
1050 1318 1057 1336 :
1071 1309 1137 1342 Quia

928 1351 1007 1372 omne
1023 1345 1169 1372 masculum

929 1379 1086 1412 adaperietts

928 1414 1033 1441 vulvam
1047 1435 1054 1445 ,
1070 1421 1133 1442 san-

929 1454 1000 1477 ctum
1015 1449 1127 1476 Domino

929 1484 1078 1511 vocabitur.

929 1518 975 1546 ‘24.
997 1518 1193 1552 Et,ntdarent
1236 1548 1238 1550 _
1272 1512 1278 1516 ⁷

931 1554 1027 1581 ostiatu
1041 1561 1136 1582 secun-

931 1589 993 1617 dum
1007 1589 1077 1624 quod
1089 1589 1130 1616 di-

931 1629 1003 1651 ctum
1018 1629 1060 1652 est
1071 1626 1096 1651 in

933 1659 991 1695 lege
1008 1659 1130 1692 Domini,

932 1702 980 1729 par
991 1698 1109 1721 tnrlures
1120 1713 1129 1726 ,

932 1733 960 1756 et
973 1729 1039 1756 duos
1054 1729 1141 1763 pullos

934 1764 1129 1790 columbarum.

933 1798 978 1825 :25.
999 1798 1033 1824 Et
1047 1805 1111 1825 ecce
1122 1797 1170 1825 lto-

934 1840 978 1859 tno
988 1838 1045 1860 erat
1061 1833 1086 1859 in

934 1867 1099 1908 Hierusalem
1110 1888 1118 1901 ,
1160 1899 1167 1908 ‘

935 1910 977 1930 CUI
992 1911 1090 1931 nomen

917 1943 919 1945 ‘
936 1943 994 1975 erat
1003 1938 1136 1973 Symaeon
1148 1959 1159 1975 ,ν

935 1977 963 2014 et
978 1974 1057 2001 lumto
1074 1975 1123 2014 iste

934 2014 1023 2042 Justus
1034 2029 1041 2041 ,
1053 2015 1080 2036 et
1093 2014 1171 2036 umo-

752 2062 866 2091 CODEX
884 2063 1079 2091 BRIXIANUS.

736 2557 851 2587 CODEX
868 2558 1102 2588 CORBEIENSIS.

141 2620 188 2648 22.
204 2618 238 2646 Ut
250 2621 397 2646 statuerent
410 2616 533 2644 Domino.

1656 199 1710 230 518

1330 306 1404 329 ratus
1414 322 1422 333 ,
1440 306 1499 329 erat

1331 341 1476 370 expectans
1487 345 1551 365 con-

1330 371 1489 399 solatinnem

1330 405 1442 433 Istrahel
1452 427 1459 436 .
1475 411 1504 434 et

1331 440 1446 474 Spiritus
1459 442 1529 469 San-

1329 481 1388 503 ctus
1401 480 1460 503 erat
1471 477 1498 503 in

1331 510 1401 542 ipso.

1331 546 1375 573 26.
1397 546 1565 580 Responsum

1332 580 1369 615 (η)
1385 586 1474 607 autent
1494 582 1514 615 1'-

1330 616 1435 649 accepit
1448 616 1481 643 ab

1332 650 1433 684 Spiritu
1446 652 1513 677 San-

1332 691 1376 712 cto
1386 705 1393 716 .
1408 692 1459 712 non
1474 685 1513 712 t'i-

1332 728 1422 747 Slll'lllll
1436 728 1508 746 11101⁸-

1335 759 1386 782 tem
1399 775 1406 786 ,
1422 755 1471 781 nisi
1487 755 1562 788 prius

1333 790 1437 817 videret
1453 789 1528 816 Cltri-

1333 829 1402 851 stum
1416 824 1567 852 Dominum.

1333 859 1378 885 27.
1400 860 1431 886 Et
1444 859 1516 886 venit
1536 860 1562 887 in
1577 858 1674 895 spiritu

1335 894 1360 920 itt
1377 894 1484 927 templo.

1335 928 1382 962 Et,
1397 937 1456 955 cum
1472 929 1513 956 in-

1334 963 1349 990 d
1354 969 1463 991 ucereut
1476 972 1542 997 pue-

1334 1006 1392 1025 rum
1404 998 1494 1025 .Iesum

1335 1039 1460 1067 parentes
1472 1034 1531 1067 ejus
1539 1054 1546 1066 ,

1336 1072 1364 1094 ttt
1378 1068 1496 1095 tacerent

1336 1103 1481 1139 secundum
1495 1111 1564 1139 con-‘

1336 1138 1505 1165 suetudinem

1336 1172 1356 1199 l.
1378 1192 1386 1199 .
1407 1193 1414 1199 .
1436 1180 1572 1207 .proeo,

1336 1207 1382 1248 ae.
1402 1212 1428 1236 et
1441 1208 1498 1248 ipse
1513 1215 1590 1236 acce-

1336 1247 1376 1276 ptt
1388 1250 1449 1269 ettut
1465 1247 1492 1271 in

1338 1278 1460 1304 manilius
1470 1297 1478 1309 .

1337 1315 1365 1337 et
1375 1311 1484 1338 benedi-
1524 1334 1525 1343 η

1338 1345 1375 1372 xit
1390 1346 1470 1372 Deum
1479 1366 1488 1378 ,
1502 1350 1530 1373 ct

1338 1380 1403 1407 dixit
1420 1389 1427 1406 :

1337 1414 1383 1442 29.
1404 1415 1479 1443 Nunc
1491 1415 1596 1444 dimitte

1338 1458 1444 1477 servum
1457 1456 1531 1477 tuum

1341 1485 1452 1513 Domine
1459 1505 1468 1518 ,

1340 1521 1487 1547 secundum

1341 1555 1451 1583 verbum
1468 1560 1541 1583 tuum

1342 1590 1368 1617 in
1384 1598 1449 1625 pace
1465 1599 1474 1617 :

1341 1625 1387 1653 30.
1407 1626 1468 1660 quia
1483 1625 1558 1653 vide-

1343 1667 1404 1687 runt
1417 1661 1488 1688 oculi

1343 1696 1396 1722 mei
1411 1696 1554 1723 salutarent

1343 1730 1387 1757 5t.
1408 1735 1482 1758 tuum
1496 1751 1504 1763 ,
1515 1730 1586 1766 quod

1343 1768 1442 1798 parasti
1457 1771 1520 1793 ante

1344 1799 1439 1827 faciem
1451 1809 1510 1827 ont-

1294 1863 1298 1866 .
1344 1835 1418 1862 nium
1432 1842 1516 1869 popu-

1345 1869 1390 1896 52.
1411 1869 1508 1895 lorum.
1526 1869 1578 1896 Lu-

1345 1911 1406 1931 men
1417 1905 1450 1930 atl
1466 1911 1511 1931 re-

1346 1939 1505 1966 vetationem

1345 1973 1485 2001 oculorunt
1496 1992 1504 2003 .

1345 2012 1374 2035 et
1383 2007 1497 2043 gloriam

938 2108 1010 2135 mine
1033 2108 1162 2142 Symeon.
1176 2111 1204 2134 et
1225 2107 1307 2135 homo
1325 2109 1376 2135 istc
1399 2107 1496 2140 iustus.
1524 2112 1552 2135 et
1574 2108 1726 2136 tintoratus.

937 2146 1082 2170 exueetans
1095 2143 1303 2169 causolationem
1317 2142 1447 2170 lsdraltel.
1458 2148 1484 2170 ct
1492 2142 1607 2176 Spiritus
1615 2144 1729 2171 Sanctus

938 2182 996 2203 erat
1008 2176 1034 2213 iu
1044 2184 1087 2204 co.
1101 2177 1133 2204 Et
1147 2184 1306 2212 responsum
1317 2184 1458 2212 acceperat
1469 2179 1504 2206 ab
1514 2178 1616 2213 Spiritu
1629 2178 1729 2206 Sancto

939 2219 992 2238 ttott
1007 2212 1127 2247 visurum
1140 2220 1169 2238 se
1178 2216 1291 2239 mortem
1306 2213 1356 2240 nisi
1374 2213 1448 2247 prius
1468 2212 1572 2240 videret
1591 2214 1729 2241 Christum

938 2246 1055 2274 Dutuiui.
1073 2249 1105 2273 l-Lt
1117 2247 1188 2275 venit
1205 2248 1233 2283 in
1246 2248 1342 2281 spiritu
1367 2249 1393 2275 iu
1408 2249 1549 2283 templum.
1565 2249 1598 2276 Et
1612 2256 1671 2274 cum
1687 2248 1729 2273 itt-

938 2282 1069 2310 dncerent
1085 2291 1194 2316 puerum
1218 2282 1321 2310 Jestun.
1340 2282 1472 2317 parentes
1487 2285 1556 2318 i-jus.
1571 2287 1600 2309 nt
1611 2282 1730 2308 lacerent

940 2318 1087 2355 secundum
1097 2319 1324 2355 Acon~uettnlinem
1340 2319 1406 2353 legis
1422 2326 1469 2355 pro
1491 2326 1534 2355 eo.
1556 2322 1584 2344 et
1608 2317 1672 2355 ipse
1686 2323 1731 2355 ac-

941 2353 1013 2386 cepit
1025 2361 1085 2379 cum
1097 2353 1124 2380 in
1139 2362 1232 2381 manus
1241 2361 1314 2380 suas.
1322 2359 1349 2381 et
1363 2350 1499 2380 ﬁeutétlixit
1512 2353 1594 2378 Dcutn
1608 2356 1635 2377 et
1648 2350 1729 2376 dixit.

940 2387 1018 2415 Nunc
1031 2389 1142 2415 dimittis
1157 2396 1265 2416 servum
1281 2393 1355 2415 tuum
1372 2387 1493 2414 Domine.
1506 2386 1653 2412 Secundum
1668 2392 1730 2411 ver-

943 2422 1006 2450 bunt
1018 2428 1092 2450 tuum
1107 2424 1132 2449 iu
1149 2431 1222 2458 pace.
1238 2424 1300 2458 quia
1315 2422 1440 2449 viderunt
1449 2421 1518 2448 oculi
1535 2428 1585 2458 me}
1611 2419 1732 2448 salutare

944 2462 1029 2485 tuum.
1044 2458 1114 2493 quod
1127 2455 1303 2493 praeparasti»
1313 2458 1339 2493 in
1353 2463 1500 2490 i-mtspectu
1511 2455 1631 2493 omnium
1639 2462 1732 2493 popu-

944 2493 1040 2520 lornnt.
1053 2489 1153 2521 Lumen
1177 2489 1210 2519 ad
1230 2489 1428 2520 revelatiwetn
1446 2491 1567 2526 gentium
1578 2495 1607 2517 et
1620 2489 1733 2526 gloriam

141 2656 188 2684 24.
203 2655 254 2682 Par
269 2658 413 2686 turturum,
426 2657 455 2680 et
465 2652 532 2679 duos
546 2651 645 2687 pullos,
658 2655 713 2680 etc.

140 2761 148 2777 ¹
163 2761 216 2785 Gut.
227 2756 448 2784 otnnemasculum.
464 2757 485 2780 γ

980 2614 1026 2642 28.
1039 2614 1150 2649 Omittit,
1159 2614 1171 2630 ‘
1180 2614 1207 2642 in
1219 2614 1296 2643 ulnas
1310 2621 1383 2643 suas.

724 2708 920 2738 VARIANTES
938 2691 1138 2736 Lecrtonias.

486 2755 536 2787 αις.
548 2762 621 2781 omne
637 2756 808 2782 masculinum.

140 2793 151 2807 ²
163 2791 217 2815 Gut.
224 2789 321 2814 nomine
331 2787 445 2813 Semeon.
459 2785 534 2818 γαιᾶ.
544 2786 583 2812 cui
594 2792 685 2812 nomen
692 2786 803 2813 Simeon.

783 2838 965 2869 BLANCBINI
985 2834 1099 2865 NOTE.

151 2897 191 2933 (ιι)
201 2893 241 2923 ita
253 2897 282 2922 et
290 2894 352 2925 eod.
366 2894 444 2924 Cant.
457 2892 495 2922 δέ.

980 2754 990 2769 ³
1005 2753 1058 2777 Gut.
1067 2751 1136 2782 Nunc
1142 2749 1254 2775 dimitte.
1268 2746 1340 2782 Vulg.
1350 2748 1420 2774 Nunc
1430 2746 1539 2772 dimittis.

982 2785 993 2799 δ
1007 2784 1061 2808 Gal.
1072 2782 1097 2806 lu
1107 2780 1179 2806 ulnis.
