5106 6520
189 398 287 454 5'57

190 607 389 654 stantes
413 597 479 651 ad

188 670 346 732 litus;
374 667 441 722 de
470 668 588 737 qui-

190 738 283 794 bus
312 739 536 807 piscato-

188 823 273 863 res
312 817 491 877 egres-

190 879 255 942 si,
281 878 527 931 lababant

192 950 209 979 ¹
239 947 398 1002 relias
420 962 564 1004 snas.
637 988 643 994 .

190 1018 244 1072 3.
268 1015 579 1073 Ascendens

191 1100 368 1142 autem
401 1088 452 1140 in
482 1103 556 1142 υς

192 1173 313 1210 nam
338 1158 489 1211 navi-

190 1227 385 1289 culam.
416 1242 549 1295 quae

190 1306 311 1351 erat
336 1296 511 1352 Simo-

192 1367 296 1431 nis,
322 1366 526 1435 rogavit

188 1450 333 1507 eum,
366 1444 424 1491 ut
448 1452 567 1507 pro-

192 1506 451 1562 ducerent

196 1585 337 1631 terra
363 1592 529 1645 quan-

192 1647 512 1701 tulumcum-

189 1731 315 1780 que.
542 1735 547 1740 ’

191 1785 396 1841 Sedens
426 1800 519 1841 au-

192 1866 327 1918 tem.
355 1856 585 1912 docebat

188 1925 260 1981 de
285 1926 499 1979 navicu-

94 1991 103 1999 ’
189 1993 245 2047 4.
287 1995 335 2050 la
364 1997 565 2054 turbas.
589 1996 747 2052 Cum-

190 2080 295 2133 que
322 2066 482 2120 desiit
508 2069 586 2122 lo-

192 2135 308 2201 qui,
337 2136 472 2189 dixit
496 2138 561 2192 ad

191 2202 466 2259 Simonem
493 2224 506 2260 :

191 2274 333 2329 Leva
356 2275 410 2329 in
434 2276 565 2342 alio,

192 2353 249 2399 et
274 2346 295 2376 ⁸
324 2347 581 2414 expandi-

194 2425 247 2469 te
276 2416 437 2469 retias
464 2431 583 2470 ves-

193 2494 304 2538 tras
330 2484 396 2539 ad
418 2487 561 2555 capi-

193 2555 413 2610 endum.

192 2628 247 2697 5.
292 2625 359 2679 Et
383 2624 712 2697 respondens

192 2695 401 2759 Simon,
432 2695 515 2750 di-

194 2767 267 2820 xit
303 2766 378 2820 illi
405 2784 418 2820 :
447 2765 556 2821 Ma-

193 2838 360 2906 gister
376 2877 391 2898 ,
420 2852 518 2907 per

194 2916 360 2961 totam
392 2922 516 2962 noc-

198 2986 305 3031 tem
330 2977 581 3034 laboran-

197 3057 300 3110 tes.
338 3048 469 3102 nihil
498 3064 590 3106 ce-

196 3118 373 3186 pimus
396 3136 409 3170 :
442 3119 536 3174 sed

188 3188 251 3242 'in
278 3190 441 3243 verbo
470 3200 565 3245 tuo

196 3274 259 3313 ex
269 3260 496 3327 pandam

197 3330 408 3384 retiam.

198 3402 251 3451 6.
296 3400 380 3464 Et,
406 3416 525 3456 cum
549 3401 651 3457 boc

196 3468 472 3535 fecissent,

196 3540 474 3593 colicluse-

196 3618 322 3662 runt
353 3608 510 3676 pisci-

199 3692 288 3730 um
324 3678 502 3731 multi-

202 3746 439 3800 tudinem

202 3832 444 3886 magnam
477 3834 491 3869 ε

197 3887 523 3957 rumpeban-

199 4081 404 4129 stantes
448 4084 615 4137 secus,
662 4080 927 4139 stagnum.
980 4069 1270 4135 piscatores
1316 4076 1495 4139 autem
1537 4066 1762 4139 descen-

201 4144 393 4199 dentes
422 4144 489 4198 de
525 4144 601 4201 eis
642 4136 886 4209 lababant
936 4140 1088 4193 retia.
1125 4136 1431 4209 Asi'endcns
1485 4144 1659 4188 autem
1712 4137 1764 4190 in

201 4231 362 4269 unam
380 4214 696 4268 naviculam.
716 4206 1213 4283 ‘qoi_erat_Simouis
1234 4206 1525 4283 jussiteum
1558 4221 1582 4254 a
1617 4214 1762 4283 terra

201 4287 461 4340 reducere
490 4274 761 4353 pusillum:
805 4281 872 4334 Et
897 4279 1090 4333 sedens
1133 4275 1359 4330 docebat
1405 4274 1472 4327 de
1522 4274 1762 4327 navicula

203 4356 409 4410 turbas.

279 4402 542 4480 titantem
571 4402 797 4493 cessavit
828 4418 965 4485 loqui
997 4415 1126 4493 dicit
1155 4413 1217 4465 ad
1251 4412 1541 4493 Simonelu.
1577 4412 1683 4465 huc
1712 4413 1761 4465 in

200 4496 391 4549 altum.
415 4507 462 4547 et
491 4496 663 4545 laxate
687 4492 818 4543 retia
850 4482 1021 4539 vestra
1048 4482 1105 4536 iii
1119 4492 1414 4552 capturam.
1455 4482 1520 4533 Et
1545 4497 1765 4549 respon-

203 4567 342 4619 dens
372 4565 554 4619 Simon
581 4563 709 4613 dixit
744 4560 836 4611 illi.
869 4558 1183 4628 Praeceptor
1225 4563 1510 4628 peratotam
1554 4563 1761 4628 noctem

206 4635 532 4689 laborantes.
564 4632 691 4685 nihil
719 4628 973 4694 Cepimus.
1009 4627 1099 4678 sed
1145 4627 1193 4676 in
1247 4622 1408 4676 verbo
1450 4622 1766 4694 tuoiluxabo

203 4715 343 4758 rete.
383 4704 441 4755 Et
465 4718 582 4755 cum
616 4702 716 4752 lioc
740 4693 984 4751 fecissent
1015 4698 1389 4748 conciuscrunt
1432 4693 1653 4759 piscium
1678 4712 1769 4745 co-

206 4774 414 4842 piosam
456 4770 906 4842 multitudinem,
958 4766 1028 4842 ita
1080 4777 1147 4842 ut.
1178 4772 1554 4842 rumperentur
1603 4766 1767 4815 retine

203 4834 415 4897 eorum.
450 4841 513 4893 Et
539 4847 841 4893 annui-runt
880 4835 1039 4889 sociis
1061 4836 1148 4904 qui
1176 4845 1323 4887 erant
1367 4834 1418 4885 in
1458 4834 1559 4885 alia
1614 4848 1763 4886 nave.

205 4922 266 4967 ut
296 4913 542 4965 venirent
569 4919 623 4965 ct
641 4909 958 4978 adjuvarent
991 4922 1106 4961 eos.
1143 4914 1197 4960 et
1242 4914 1522 4958 venerunt.
1568 4912 1623 4955 et
1671 4904 1773 4957 im-

1215 386 1660 446 EVANGELIUM
1698 388 2063 447 SECUNDUM
2104 389 2349 447 LUCAM.

554 505 787 564 CODEX
833 502 1357 564 VERCELLENSIS.

1006 607 1095 653 Illl'
1115 604 1291 650 autem

1002 667 1171 722 retiae
1197 679 1402 719 eorum.

986 737 1057 801 \7.
1101 736 1167 789 Et
1194 736 1215 766 ⁸
1242 734 1544 790 adnuebant

1003 807 1165 860 sociis
1189 804 1243 859 in
1274 805 1376 859 alia

1005 875 1442 929 navic.....t

1002 953 1317 1009 ve...nt,

1002 1025 1055 1071 et
1080 1014 1399 1081 adiuvarent

1002 1100 1117 1140 eos.
1152 1084 1215 1138 Et
1243 1098 1402 1136 vene-

1004 1163 1151 1215 runt,
1175 1165 1223 1207 et
1253 1152 1431 1222 reple.

1005 1233 1198 1279 verunt
1223 1237 1337 1276 am-

1005 1295 1100 1349 bas
1126 1307 1311 1355 naves,
1340 1291 1412 1346 ita

1005 1374 1064 1417 nt
1090 1363 1168 1433 (α)
1209 1377 1505 1433 mergeren-

1005 1433 1059 1488 8.
1100 1432 1183 1487 tur
1204 1432 1266 1501 σι’.
1302 1432 1413 1487 Hoc

1004 1504 1141 1569 viso,
1175 1505 1247 1571 (b)
1272 1502 1456 1555 Simon
1477 1502 1515 1571 -ς-

1004 1574 1234 1643 prncidil
1259 1587 1349 1640 ge-

1009 1642 1166 1697 nibus
1193 1642 1316 1697 Jesu
1345 1684 1359 1705 ,

1006 1712 1191 1768 dicens
1221 1731 1233 1764 :
1265 1712 1365 1765 Exi
1394 1726 1424 1763 a

1008 1798 1112 1841 tne.
1146 1782 1268 1851 quia
1301 1782 1385 1835 vir

1076 1861 1254 1907 ccator
1282 1865 1398 1905 Sum
1416 1891 1431 1916 ,

1054 1925 1251 1978 omine.

1006 1992 1061 2047 9.
1103 1992 1273 2046 Pavor
1296 1992 1435 2046 enim

1006 2062 1305 2133 adprehen-

1006 2132 1159 2187 derat
1179 2148 1324 2196 eum,

1007 2210 1062 2257 et
1085 2216 1272 2255 omnes

1007 2273 1094 2339 qui
1119 2288 1239 2326 cum
1271 2272 1335 2326 il-

1007 2343 1059 2396 lo
1087 2353 1261 2405 erant,
1294 2342 1345 2396 in

1008 2416 1225 2478 captura
1262 2413 1366 2479 pis—

1008 2483 1168 2549 cium,
1199 2497 1333 2548 quae

1009 2552 1095 2607 10.
1121 2560 1373 2618 ceperunt
1396 2568 1408 2603 :
1438 2551 1503 2604 si-

934 2666 940 2683 .
1010 2621 1207 2675 militer
1228 2620 1318 2674 Ja-

1007 2691 1195 2753 cobus,
1221 2699 1273 2743 et
1296 2689 1457 2744 Joan-

1009 2776 1105 2815 nes
1131 2762 1223 2814 lilii
1245 2759 1343 2815 Ze-

1010 2832 1185 2894 bedei,
1216 2832 1303 2898 qui
1334 2847 1390 2884 e-

965 2954 972 2960 ,
1011 2912 1131 2961 rant
1157 2903 1286 2955 socii

1011 2973 1265 3025 Simonis.
1306 2996 1313 3001 ε

1014 3042 1081 3096 Et
1108 3042 1239 3095 dixit
1262 3040 1326 3094 ad
1358 3040 1439 3096 Si-

1013 3128 1224 3166 monem
1248 3111 1435 3167 Jesus:

1012 3181 1034 3211 "
1063 3183 1179 3237 Noli
1204 3185 1356 3236 time-

1014 3266 1073 3306 re
1097 3270 1110 3305 :
1131 3254 1237 3321 jam
1266 3268 1413 3307 amo-

1012 3321 1082 3375 do
1107 3324 1214 3378 eris
1240 3322 1373 3377 vivi-

1016 3391 1181 3446 ﬁcans
1204 3393 1378 3447 homi-

1016 3463 1102 3515 Η.
1137 3478 1251 3515 nes.
1279 3463 1362 3527 Ει,
1395 3461 1588 3516 deduc—

1018 3533 1087 3584 tis
1112 3532 1324 3584 navicu-

1017 3601 1081 3655 lis
1107 3601 1171 3654 ad
1201 3612 1417 3665 terram,

1019 3670 1217 3725 relictis
1248 3684 1363 3722 om-

1018 3742 1173 3795 nibus
1194 3754 1346 3793 secu-

1020 3812 1057 3865 ti
1085 3819 1208 3864 sunt
1233 3826 1375 3863 eum.

1021 3882 1106 3937 l2.
1139 3881 1203 3935 Et
1234 3884 1427 3937 factum
1459 3889 1561 3945 est,

2279 502 2505 562 CODEX
2547 506 2995 565 VERONENSIS.

1852 610 2008 650 secus
2034 604 2143 651 sta—

1851 680 2007 736 gnum
2023 683 2036 731 ;
2072 667 2149 733 pi-

1852 745 2090 790 Scatores
2115 750 2215 789 au-

1853 816 1957 859 tem
1988 806 2214 860 descen-

1851 875 2072 939 debant,
2098 885 2154 930 et

1855 945 2109 1001 lavabant
2148 954 2159 961 ’

1851 1017 2007 1069 retia.
2092 1016 2095 1019 ’

1852 1084 1905 1139 5.
1941 1086 2250 1142 Ascendens

1851 1166 2030 1209 autem
2059 1159 2110 1211 in
2139 1172 2297 1214 nnam

1853 1240 2063 1291 navem,
2092 1242 2229 1295 quae

1853 1304 1969 1349 erat
1993 1296 2249 1362 Simonis,

1854 1368 2060 1432 rogavit
2086 1382 2230 1431 eum,

1853 1444 1911 1487 nt
1936 1435 2250 1492 inducerent

1852 1504 1917 1557 ad
1949 1513 2141 1558 terram

1853 1574 2257 1642 aliquantulum.

1856 1643 1924 1697 Et
1950 1645 2142 1699 sedens
2159 1688 2172 1707 ,

1859 1713 2085 1767 docebat
2113 1714 2180 1770 de

1858 1784 2101 1838 navicula

1859 1856 2060 1907 turbas.

1857 1924 1910 1977 4.
1945 1923 2009 1977 Ut
2036 1926 2266 1980 cessavit

1858 2003 2035 2048 autem
2068 1997 2232 2063 looui,

1860 2063 1993 2117 dixit
2019 2066 2083 2119 ad
2116 2066 2200 2120 Si-

1860 2149 2049 2187 moneu
2083 2154 2095 2188 :
2131 2136 2242 2192 Duc

1864 2204 1914 2257 in
1946 2206 2129 2273 altum,

1859 2282 1914 2328 et
1942 2275 2117 2329 lavate

1858 2346 2045 2399 rctiam
2077 2353 2309 2400 vestram

1858 2414 1911 2467 in
1942 2426 2235 2483 capturam.

1859 2484 1910 2537 5.
1948 2485 2011 2537 Ει
2038 2486 2365 2549 respondens

1860 2554 2067 2615 Simon,
2102 2556 2237 2609 dixit

1861 2624 1934 2677 illi
1963 2642 1973 2674 :
2007 2626 2354 2693 Praeceptor,

1862 2709 1957 2759 per
1987 2704 2146 2746 totam

1863 2773 2074 2817 noctem
2110 2764 2256 2817 labo-

1860 2844 2061 2895 rantes,
2094 2832 2221 2887 nihil

1859 2907 2130 2969 coepimus
2154 2921 2167 2957 :

1858 2973 1953 3026 sed
1983 2975 2032 3027 in
2062 2988 2186 3029 ver-

1860 3042 1930 3096 bo
1959 3052 2050 3097 tuo
2078 3044 2154 3097 la-

1860 3114 1998 3167 xabo
2028 3118 2234 3171 retiam.

1861 3184 1915 3238 6.
1952 3186 2046 3249 Et,
2077 3201 2197 3242 cum
2230 3189 2331 3243 hoc

1862 3253 2135 3321 fecissent,

1860 3326 2241 3381 concluserunt

1864 3394 2086 3460 piscium
2120 3399 2247 3451 mul-

1861 3464 2146 3523 titudinem

1861 3534 2132 3597 capiosam
2156 3553 2170 3588 :

1863 3606 2207 3667 rumpebatur

1862 3684 2038 3726 autem
2062 3675 2192 3727 retia

1863 3743 1914 3795 7.
1949 3759 2151 3797 eorum.
2188 3744 2254 3799 Et

1864 3814 2163 3867 adnuerunt

1864 3885 2046 3945 sociis,
2078 3884 2167 3955 qui

1487 3973 1713 4028 CODEX
1751 3973 2135 4033 BRIXIANUS.

1867 4070 2143 4137 plevernut
2171 4071 2353 4124 ambas
2382 4070 2674 4124 naviculas.
2706 4070 2776 4122 ita
2806 4078 2860 4122 ut
2882 4067 2957 4137 (α)
2983 4064 3424 4137 mergerentur-1u

1868 4136 2017 4202 Quod
2056 4155 2175 4192 cum
2227 4141 2430 4194 videret
2475 4142 2657 4193 Simon
2684 4138 2871 4191 Petrus
2894 4136 3137 4205 procidit
3166 4136 3228 4187 ad
3260 4140 3426 4202 genua

1866 4206 1989 4261 Jesu
2020 4211 2222 4261 dicens.
2254 4210 2399 4277 Rogo
2440 4218 2490 4262 te
2512 4212 2592 4261 eti
2617 4223 2647 4259 ει
2678 4224 2779 4259 tuo.
2814 4224 2930 4275 quin
2982 4208 3138 4257 humo
3181 4216 3429 4273 peccator

1867 4292 1981 4327 sum
2022 4279 2244 4331 Domine
2289 4278 2459 4332 Pavor
2494 4278 2633 4331 enim
2672 4277 2942 4329 detinebat
2986 4292 3105 4328 eum
3145 4286 3196 4328 et
3244 4292 3428 4329 omnes

1868 4348 1953 4412 qui
1979 4362 2096 4399 cum
2129 4348 2215 4399 illo
2262 4357 2413 4401 erant
2443 4348 2492 4399 in
2525 4358 2741 4412 captura
2789 4348 3010 4415 piscium
3057 4361 3216 4415 quam
3273 4360 3430 4409 cepe-

1869 4426 2005 4469 rant.
2040 4418 2284 4472 similiter
2326 4425 2497 4470 autem
2542 4418 2796 4470 Jucobum
2845 4426 2901 4471 et
2942 4415 3241 4469 Joltanncm
3290 4415 3428 4468 ﬁlios

2668 608 2824 655 erant
2852 601 2903 653 in

2670 669 2769 724 alia
2800 670 2945 733 navi,

2670 751 2725 793 ut
2755 740 3017 801 venirent,

2669 818 2723 864 et
2742 809 3055 878 adjuvarent

2668 894 2780 935 eos.
2818 886 2872 941 ὦ
2899 880 2965 933 Ει
2992 880 3102 933 im-

2669 952 2941 1017 pleverunt
2970 964 3082 1004 am-

2672 1020 2765 1072 bas
2793 1021 3009 1073 navicu-

2669 1089 2768 1151 las,
2800 1090 2865 1143 ita
2896 1098 2953 1143 ut
2977 1087 3051 1161 (α)

2671 1173 2975 1224 mergeren-

2673 1238 2757 1283 tur
2781 1229 2840 1298 ἐκ

2672 1300 2723 1353 8.
2753 1298 2900 1363 Quod
2931 1314 3052 1353 cum

2672 1369 2873 1422 videret
2904 1369 2973 1439 (b)
3006 1369 3092 1423 Si-

2672 1454 2793 1491 mon
2818 1440 2878 1508 -ιι,
2914 1454 3034 1504 pro-

2671 1509 2800 1563 cidit
2818 1509 2889 1578 ad
2920 1524 3012 1578 ge-

2672 1594 2771 1631 nua
2802 1577 2947 1639 Iesu,

2671 1649 2850 1701 dicens
2879 1666 2891 1700 :
2934 1649 3031 1704 Exi

2673 1734 2702 1772 a
2731 1734 2815 1772 me
2842 1718 2945 1772 Do-

2673 1790 2835 1854 mine,
2866 1792 2989 1857 quia

2674 1860 2832 1913 homo
2857 1874 2980 1927 pec-

2672 1938 2821 1983 cator
2849 1944 2986 1986 sum.

2673 2000 2727 2053 9.
2754 1998 2962 2054 Miralio
2984 2003 3125 2058 enim

2677 2068 2905 2123 habebat
2920 2112 2933 2124 .
2953 2112 2966 2126 .
2991 2114 3002 2125 .

2598 2173 2602 2176 ‹
2675 2148 2731 2193 et
2758 2153 2944 2194 onmes

2676 2210 2764 2277 qui
2796 2223 2913 2263 cum
2946 2212 3039 2267 illo

2676 2288 2847 2353 erant,
2877 2280 2930 2353 in
2959 2291 3140 2353 captu-

2676 2366 2733 2405 ra
2763 2351 3008 2419 piscium,

2676 2436 2835 2486 quam
2867 2436 2993 2476 coe-

2677 2499 2866 2559 perant
2889 2508 2902 2543 :

2677 2561 2759 2614 10.
2792 2561 3039 2617 similiter
3064 2568 3239 2615 autem

2675 2630 2926 2691 .laCobus.
2952 2643 3003 2683 et
3033 2631 3123 2687 Jo-

2678 2698 2882 2751 llannes
2910 2700 3000 2754 ﬁlii

2680 2768 2961 2833 Zebedaei,

2678 2839 2764 2902 qui
2796 2851 2945 2892 erant
2971 2839 3101 2893 socii

2681 2907 2936 2963 Simonis.

2683 2977 2747 3029 Et
2772 2980 2843 3029 ait
2870 2980 2935 3032 ad

2679 3046 2949 3101 Simonem

2680 3116 2833 3171 Jesus
2859 3137 2870 3171 :
2905 3118 3019 3172 Noli

2684 3188 2904 3243 timere:
2934 3206 3001 3244 ex

2682 3258 2783 3311 hoc
2805 3261 2911 3325 jam

2583 3341 2586 3343 λ
2681 3328 2791 3381 eris
2816 3328 2984 3382 homi:

2681 3413 2777 3451 nes
2806 3399 3095 3451 vivilicans.

2681 3468 2766 3520 ll.
2805 3469 2888 3527 lit,
2910 3466 3198 3522 subductis

2679 3536 2745 3589 ad
2776 3548 2970 3591 terram

2678 3608 2937 3659 naviculis
2958 3647 2971 3668 ,

2681 3676 2882 3729 relictis
2905 3691 3019 3727 om-

2682 3744 2835 3796 nibus
2861 3744 3027 3797 secuti

2683 3822 2809 3865 sunt
2832 3828 2975 3866 eum.

2685 3884 2772 3938 l2.
2806 3883 2873 3938 Et
2900 3884 3094 3938 factum

1868 4486 2117 4540 Zebcdei.
2140 4488 2225 4553 qui
2249 4495 2399 4540 erant
2424 4489 2554 4540 socii
2576 4485 2832 4541 Simonis.

1939 4558 2001 4612 Et
2028 4558 2099 4609 ait
2129 4552 2194 4610 ad
2225 4558 2493 4611 Simonem
2522 4559 2695 4611 Jesus.
2728 4558 2843 4611 Noli
2870 4557 3079 4609 timere.
3102 4554 3294 4623 exjioc
3314 4552 3423 4621 jam

1871 4626 2141 4681 hominum
2169 4630 2318 4683 eritis
2343 4638 2606 4696 capturos.

1947 4698 2009 4750 Et
2034 4697 2305 4751 subductis
2335 4689 2634 4753 ad'terram
2668 4698 2889 4752 navibus
2934 4695 3131 4749 relictis
3179 4689 3425 4746 omnibus

1872 4772 2038 4821 secuti
2069 4781 2187 4820 sunt
2215 4784 2357 4821 eum.

1942 4838 2006 4891 Et
2037 4837 2231 4892 factum
2252 4846 2333 4892 est

1466 5012 1693 5069 CODEX
1718 5010 2180 5067 CORBEIENSIS.
2262 5034 2271 5040 -

1947 5106 2032 5160 l0.
2074 5104 2313 5157 homines
2335 5101 2628 5155 vivificaris.
2654 5102 2847 5157 recenti
2870 5118 3045 5171 manu,
3068 5100 3302 5171 capiens.

277 5119 417 5181 Cn.
440 5116 503 5169 ν.
526 5143 595 5155 —-
615 5114 671 5169 2.
706 5127 867 5168 naves
892 5122 1033 5167 stare
1055 5124 1211 5166 secus
1232 5118 1498 5181 stagnum.

280 5191 333 5243 3.
374 5176 573 5256 rogavit
599 5200 717 5239 eum
748 5184 768 5214 ⁸
796 5193 850 5237 ut
877 5184 1096 5256 duceret
1118 5197 1146 5235 ει
1178 5189 1321 5235 terra
1354 5176 1759 5246 aliquantulum.

280 5262 333 5314 7.
373 5253 454 5312 ita'
472 5256 492 5286 ³
521 5264 577 5309 ut
598 5265 964 5325 mergerentur
987 5253 1044 5323 1-.

1945 5177 2029 5229 ll.
2068 5174 2134 5229 ad
2164 5182 2358 5229 terram
2382 5174 2656 5229 naviculis.

1430 5330 1820 5397 VARIANTES
1846 5329 2243 5390 LECTIONES.

1935 5428 1955 5505 ξ
2120 5422 2281 5505 Nolite
2305 5425 2500 5505 timere.
2531 5419 2675 5487 Vulg.
2698 5420 2803 5471 Noli
2830 5424 3020 5470 timere.

274 5452 291 5479 ¹
329 5447 431 5496 Gut.
456 5446 581 5494 retia
604 5444 651 5490 in
675 5454 825 5503 mare.
857 5439 1000 5503 Vulq.
1027 5443 1169 5491 retia.

272 5512 294 5540 ⁸
331 5509 433 5556 Gal.
462 5506 699 5555 relaxate.
734 5502 873 5565 Vulg.
900 5502 1083 5551 laXate.

269 5572 293 5603 ³
328 5570 431 5618 Gul.
454 5566 787 5617 annuebant...
811 5559 865 5615 ut
884 5569 1239 5625 mergerentur.
1264 5559 1408 5625 Vulg.
1434 5561 1771 5609 annuerunt...

210 5640 265 5691 ut
290 5644 416 5694 pene
440 5632 797 5692 mergerentur.
976 5654 979 5655 ν

284 5774 359 5879 id)
392 5805 528 5864 Ante
562 5814 920 5872 nierqrrenlur,
948 5800 1095 5864 desst
1140 5814 1281 5869 pene,
1306 5797 1461 5856 etiam
1485 5796 1536 5852 in
1562 5805 1688 5853 text.
1712 5798 1806 5855 Gr.
1827 5824 1899 5838 -—
1925 5793 1999 5865 (b)
2030 5793 2153 5848 Post
2180 5790 2376 5861 Simon,
2404 5789 2552 5845 deeSt
2582 5783 2779 5849 Petrus,
2811 5782 2861 5836 in
2894 5778 3011 5836 cod.
3043 5794 3250 5851 quoque
3275 5780 3426 5840 Cant.

1935 5491 1956 5521 ⁸
1990 5488 2093 5548 Gul.
2119 5484 2301 5548 ducere
2326 5484 2563 5548 pusillum.

1933 5553 1953 5582 °
1987 5552 2042 5600 Et
2064 5546 2130 5597 ita
2148 5546 2253 5596 ϐαι.

1516 5692 1875 5758 BLANCHINI
1913 5697 2136 5756 NOTJE.

3307 390 3357 443 δε
