5106 6482
1318 318 1421 373 3:59
1852 317 2117 376 EUSEBII
2140 317 2486 386 :VERCELL.
2526 317 2969 377 EVANGELIUM
3007 320 3147 376 CUM
3192 319 3418 378 VARUS
3445 319 3596 376 COD.
3632 320 4019 379 COLLATUM.

1700 432 1932 491 CODEX
1969 433 2504 491 VERCELLENSIS.

1315 524 1443 581 dum
1468 532 1614 581 esset

1315 596 1435 664 ipse
1464 596 1516 649 iu
1549 611 1651 651 'ina

1321 666 1635 731 civitatium,

1321 745 1376 791 et
1400 751 1525 791 ecce
1556 736 1633 791 vir

1320 806 1513 877 plenus
1541 810 1619 861 ie-

1324 891 1439 945 pra,
1468 886 1521 931 et
1550 878 1662 947 ipse

1323 957 1549 1016 prostra'
1560 964 1619 1003 us
1792 1000 1795 1003 .

1323 1018 1379 1071 in
1402 1017 1532 1071 facie
1556 1035 1609 1084 u,
1641 1035 1760 1075 ora-

1322 1087 1412 1142 bat
1437 1088 1609 1152 illum,
1636 1089 1722 1144 di-

1321 1173 1446 1213 cens
1470 1176 1483 1212 :
1514 1160 1719 1227 Quoni-

1323 1244 1429 1290 am.
1456 1231 1498 1282 si
1531 1233 1625 1293 vis,
1655 1245 1751 1299 po-

1324 1308 1405 1354 tes
1430 1314 1515 1354 me
1538 1316 1693 1356 mun-

1323 1369 1473 1425 dare.

1324 1441 1412 1494 15.
1445 1442 1508 1495 Et
1535 1440 1837 1498 extendens

1325 1526 1561 1576 manum,
1597 1520 1674 1566 te-

1327 1581 1441 1647 tigit
1469 1582 1637 1648 illum,

1326 1650 1510 1705 dicens
1534 1668 1547 1703 :
1588 1652 1713 1708 Volo

1326 1720 1603 1777 mundare.

1325 1792 1394 1846 Et
1422 1795 1663 1859 protinus

1326 1862 1473 1927 lepra
1503 1863 1707 1919 disces—

1330 1930 1418 1986 η.
1449 1933 1519 1985 sit
1547 1934 1615 1989 ab
1642 1935 1777 2001 illo;
1816 1943 1870 1990 et
1897 1936 1979 2005 ip-

1288 2046 1291 2047 γ
1326 2016 1385 2056 se
1413 2016 1633 2070 praece-

1328 2073 1405 2141 pit
1429 2076 1476 2127 ei
1502 2075 1675 2129 nemi-

1329 2144 1383 2196 ni
1409 2143 1647 2199 diceret:

1328 2213 1422 2268 sed
1449 2232 1463 2267 :
1492 2214 1657 2284 Vnde,
1681 2226 1735 2274 et

1328 2285 1554 2340 ostende
1585 2297 1636 2342 te

1330 2356 1631 2422 Sacerdnti,

1334 2436 1389 2481 et
1414 2427 1574 2482 nil'ers
1598 2443 1695 2497 pro

1334 2500 1651 2567 purgatione

1336 2578 1447 2627 tua,
1476 2572 1616 2639 sicut
1647 2583 1774 2639 prae
1789 2598 1801 2609 -

1332 2639 1477 2706 cepit
1505 2638 1734 2709 Moyses,

1338 2709 1414 2779 (a)
1446 2720 1501 2762 ut
1527 2711 1596 2764 sit
1624 2716 1673 2766 in
1704 2721 1809 2767 tes-

1335 2780 1613 2835 timnnium

1337 2854 1439 2923 huc
1462 2853 1639 2923 vobis.
1667 2852 1708 2923 ἰ·

1338 2922 1423 2975 15.
1459 2921 1829 2993 Divulgabatur

1342 2999 1519 3045 autem
1549 3009 1662 3047 nia-

1345 3063 1427 3129 gis
1457 3062 1593 3116 fama
1626 3064 1695 3118 de

1339 3146 1405 3187 80
1429 3149 1443 3195 ;
1473 3143 1527 3186 et
1548 3148 1743 3188 conve-

1342 3202 1561 3257 niebant
1587 3214 1701 3258 tur-

1338 3274 1441 3345 bae
1470 3274 1671 3345 multae

1339 3344 1545 3409 audire,
1572 3358 1625 3401 et
1652 3361 1745 3402 cu-

1273 3472 1285 3483 .
1339 3417 1445 3468 rari
1474 3431 1503 3469 a
1537 3418 1652 3470 lan-

1338 3485 1595 3553 gnoribus

1344 3554 1431 3607 16.
1464 3556 1594 3627 suis.
1626 3554 1747 3627 Ipse
1774 3572 1872 3613 au-

1342 3633 1450 3680 tem
1476 3626 1493 3654 ¹
1523 3637 1639 3681 erat
1662 3626 1750 3682 'se-

1342 3695 1536 3750 cedens
1563 3696 1617 3751 in

1343 3765 1590 3832 desertis,
1619 3777 1676 3823 et

1344 3850 1526 3891 orans.

1348 3908 1435 3960 17.
1471 3907 1540 3962 Et
1565 3908 1761 3965 factum
1787 3918 1870 3965 est

1348 3978 1402 4032 in
1432 3993 1533 4034 uua
1564 3978 1680 4036 die—

1348 4179 1471 4220 cum
1492 4176 1635 4222 esset
1662 4167 1713 4222 in
1741 4185 1845 4224 una
1879 4168 2174 4224 civitatum.
2195 4176 2248 4222 et
2278 4181 2403 4223 ecce
2426 4165 2504 4219 vir
2524 4167 2713 4236 plenus
2743 4163 2907 4233 lepra.

1292 4272 1293 4275 η
1350 4250 1471 4313 cum
1498 4238 1722 4313 vidisset
1745 4240 1929 4294 Jesnm
1953 4239 2236 4313 procidens
2262 4238 2526 4313 infacieni.
2560 4236 2764 4313 rogavit
2792 4251 2931 4289 eum

1353 4307 1555 4377 dicens.
1596 4310 1814 4365 Domine
1840 4316 1882 4364 si
1915 4312 1998 4365 vis
2027 4322 2179 4377 potes
2218 4326 2301 4365 uie
2333 4307 2608 4362 ninndare.
2646 4309 2708 4360 tit
2730 4320 2915 4361 cxreu-

1352 4375 1485 4429 dens
1514 4392 1729 4430 manuni
1775 4384 1942 4446 tetigit
1989 4375 2136 4435 illum
2190 4381 2397 4435 dicens.
2450 4380 2580 4433 Volo
2635 4380 2913 4443 inundare.

1355 4446 1420 4500 Ει
1460 4450 1736 4499 ευιιΐεειιιιι
1777 4450 1917 4514 lepra
1951 4451 2198 4502 discessit
2230 4454 2295 4501 ab
2325 4466 2408 4502 c0.
2434 4462 2485 4502 et
2517 4464 2627 4516 ipse
2651 4450 2917 4515 praecepit

1353 4517 1449 4571 illi.
1482 4528 1537 4569 ut
1582 4518 1778 4569 nemini
1826 4519 2047 4569 diceret.
2098 4520 2189 4570 Sed
2232 4518 2305 4569 Va
2329 4526 2374 4572 ie
2402 4522 2626 4569 ostende
2658 4528 2706 4568 te
2737 4516 2922 4569 Sacer-

1353 4588 1487 4649 doti,
1514 4597 1566 4639 et
1602 4585 1732 4640 utier
1768 4588 1838 4641 illi
1869 4602 1964 4654 pro
2008 4588 2351 4640 inundatione
2380 4597 2465 4639 tua
2495 4588 2630 4639 sicut
2660 4584 2926 4653 praecepit

2136 542 2276 587 rum,
2306 534 2360 580 et
2384 526 2498 591 ipse
2534 571 2545 585 ,

2139 595 2213 665 (b)
2243 604 2359 650 erat
2383 596 2423 665 σξ-
2447 596 2667 652 docens.

2139 667 2681 721 Eter.....a-

2137 739 2322 792 risae.
2368 774 2382 789 .
2426 778 2439 789 .
2486 777 2500 791 .
2544 777 2557 792 .
2598 753 2691 793 en-

2140 817 2657 864 te........

2139 877 2401 942 ductores,
2435 878 2524 949 qui

2139 959 2458 1002 convenerat

2140 1032 2208 1073 ex
2234 1020 2375 1073 omni
2407 1036 2521 1073 mu-

2140 1089 2337 1157 nicipio
2360 1088 2503 1144 Gali—

2145 1159 2279 1223 leae,
2312 1172 2363 1213 et
2392 1160 2458 1214 de
2485 1160 2605 1223 εἶα-ς

2141 1229 2294 1295 daea,
2318 1240 2370 1284 et
2390 1232 2574 1285 llieru—

2142 1303 2305 1355 saleni
2334 1318 2347 1355 :
2372 1312 2423 1355 et
2449 1302 2555 1355 vir-

2146 1379 2231 1424 tus
2260 1380 2375 1425 erat
2405 1371 2611 1427 Domini

2143 1442 2209 1495 ad
2238 1457 2431 1497 sanan-

2143 1512 2269 1565 dum
2296 1528 2408 1567 eos.

2146 1582 2232 1637 18.
2270 1582 2333 1636 Ει
2362 1598 2485 1638 ecce
2512 1584 2611 1639 viri

2144 1653 2447 1707 adferentes

2143 1739 2304 1790 super
2328 1726 2519 1779 lectum

2146 1793 2437 1856 hmninem,

2146 1865 2234 1931 qui
2265 1873 2379 1916 erat
2408 1878 2563 1933 para.

2150 1933 2340 2003 lyticus
2363 1950 2380 1986 :
2409 1946 2463 1988 et
2486 1949 2654 2003 quae-

2148 2006 2336 2058 rebant
2362 2004 2443 2057 in-

2149 2077 2290 2131 ferre
2316 2074 2486 2139 illum,

2144 2158 2198 2204 et
2228 2159 2425 2214 ponere
2448 2161 2543 2201 an-

2147 2230 2200 2274 te
2225 2232 2366 2271 eum.

2154 2289 2243 2344 19.
2276 2288 2363 2355 Ει,
2395 2303 2516 2343 cum
2546 2303 2654 2344 non

2119 2360 2681 2414 '......issent

2159 2444 2537 2483 .....er-

2154 2514 2622 2554 re.......

2158 2580 2374 2639 propter
2403 2577 2511 2624 tur-

2155 2642 2300 2702 bam,
2327 2654 2512 2694 ascen-

2157 2711 2350 2766 derunt
2374 2725 2537 2777 super

2161 2792 2382 2845 tectum,
2416 2791 2468 2835 et
2500 2796 2593 2850 per

2164 2853 2365 2921 tegulas
2388 2852 2545 2906 dimi-

2158 2933 2341 2978 serunt
2366 2938 2485 2976 eum

2158 3010 2278 3048 cum
2308 2993 2473 3047 lectu-

2159 3067 2213 3120 lo
2241 3067 2289 3117 in
2321 3077 2575 3133 Conspec-

2161 3145 2213 3189 tu
2241 3134 2385 3188 Jesu.

2160 3207 2250 3261 20.
2285 3206 2369 3268 lit,
2399 3205 2510 3257 visa
2538 3201 2643 3259 ﬁde
2670 3202 2736 3258 il—

2164 3277 2364 3337 loruni,
2396 3274 2530 3327 dixit

2164 3346 2367 3401 homini
2398 3364 2410 3397 :
2445 3343 2548 3400 Re-

2160 3418 2318 3473 missa
2350 3424 2475 3471 sunt

2162 3489 2255 3541 tibi
2286 3499 2500 3557 peccata

2158 3559 2249 3613 2L
2285 3569 2391 3612 tua.
2424 3559 2487 3612 Et
2504 3570 2694 3627 coepe-

2162 3638 2288 3683 runt
2315 3632 2518 3699 Cogita-

2163 3715 2221 3753 re
2254 3702 2495 3763 Scribae,

2166 3784 2221 3823 et
2251 3770 2541 3831 Pharisaei.

2167 3839 2407 3892 dicentes
2434 3857 2447 3891 :
2478 3839 2607 3905 Quis

2168 3922 2271 3973 est,
2297 3909 2385 3977 qui
2414 3909 2583 3978 loqui-

2172 3990 2258 4035 tur
2285 3980 2553 4051 blaSpliey

3422 433 3652 492 CODEX
3689 436 4136 494 VERONENSIS.

2984 534 3088 591 est,
3112 542 3233 580 cum

2985 605 3131 650 esset
3161 599 3211 648 in
3244 612 3348 649 una

2984 666 3301 729 civitatium,

2986 752 3111 790 ecce
3140 739 3218 791 vir

2987 808 3175 876 plenus
3208 808 3281 859 lc-

2986 892 3103 946 pra,
3133 887 3185 929 et
3213 879 3326 946 ipse

2987 947 3271 1017 procidens

2988 1020 3040 1071 in
3075 1019 3282 1082 faciem,

2989 1090 3207 1157 rogabat
3236 1104 3378 1154 eunt,

2990 1159 3171 1213 dicens
3199 1178 3210 1211 :
3246 1160 3352 1213 Do-

2989 1230 3155 1294 mine,
3186 1230 3230 1282 si
3260 1230 3364 1295 vis,

2990 1310 3144 1369 putes
3175 1316 3259 1355 ine

2992 1372 3271 1425 mundare.

2994 1440 3081 1493 15.
3119 1442 3184 1494 Et
3211 1443 3508 1498 extendens

2994 1526 3232 1571 manmn,
3267 1524 3343 1568 te-

2994 1581 3108 1649 tigit
3135 1583 3301 1645 illuni,

2995 1651 3177 1705 dici-ns
3208 1669 3221 1705 :
3258 1654 3393 1708 Volo

3000 1724 3279 1783 mundare.

3000 1792 3068 1845 Et
3095 1793 3375 1847 confestim

3001 1864 3147 1931 lepra
3171 1866 3283 1931 ejus
3313 1865 3513 1917 disces-

3001 1934 3093 1988 14.
3126 1934 3278 1986 sitan
3307 1935 3441 2000 illo;
3473 1945 3527 1989 et

3004 2006 3117 2072 ipse
3149 2005 3419 2075 praecepit

3003 2076 3077 2128 illi
3105 2076 3303 2129 nemini

3000 2146 3205 2200 dictiret
3232 2166 3244 2200 :
3274 2146 3367 2201 sed
3394 2166 3405 2199 :

3005 2217 3171 2279 Vnde,
3201 2218 3425 2273 ostende

3007 2298 3058 2341 te
3089 2289 3395 2343 Sacerdoti-

3007 2360 3129 2422 bus,
3152 2366 3206 2411 et
3234 2358 3396 2413 oil‘ers

3008 2443 3204 2483 munus
3240 2443 3336 2495 pro

3010 2499 3390 2551 eiuttndalinlie

3013 2580 3123 2632 tua,
3154 2571 3289 2622 sicut
3317 2583 3472 2638 prae—

3010 2641 3154 2707 cepit
3186 2641 3392 2708 Moyses

3012 2712 3086 2782 (η)
3121 2720 3175 2763 ut
3197 2711 3271 2763 sit
3296 2712 3346 2764 in
3379 2720 3457 2765 le-

3008 2783 3317 2835 stiuinniutn
3442 2794 3537 2835 v0-

3007 2852 3093 2906 liis

3010 2924 3097 2976 15.
3131 2921 3541 2977 Perambulabat

3008 3002 3067 3064 al
3083 3008 3182 3046 tein
3217 3010 3329 3046 ina-

3010 3063 3091 3133 gls
3117 3076 3295 3117 sermo
3323 3063 3391 3118 de
3452 3086 3455 3089 ·

3014 3136 3126 3194 illo,
3156 3145 3209 3185 et
3239 3147 3368 3187 con-

3012 3207 3301 3258 veniebant

3015 3278 3205 3328 turbae
3230 3273 3447 3338 multae,

3016 3356 3071 3399 ut
3102 3345 3371 3408 audirent,

3010 3427 3066 3471 et
3095 3426 3410 3469 curarentur

3012 3488 3079 3540 ab
3112 3488 3392 3540 inlirurita-

3014 3558 3154 3613 tibus
3183 3559 3311 3611 suis.

3016 3630 3101 3682 16.
3135 3630 3248 3697 Ipse
3278 3639 3453 3684 autem
3477 3626 3700 3685 secede-

3014 3699 3105 3753 bat
3128 3703 3177 3752 in
3211 3701 3445 3767 deserto,

3014 3780 3067 3822 et
3097 3772 3307 3823 orabat.

3018 3839 3103 3890 17.
3137 3838 3200 3891 Et
3232 3840 3425 3893 factum
3472 3880 3485 3893 .
3531 3878 3546 3892 .
3589 3877 3604 3893 .
3651 3878 3664 3891 .
3703 3880 3715 3893 .

3013 3923 3116 3961 una
3141 3910 3243 3962 diei
3260 3925 3370 3971 unt,
3399 3920 3454 3964 et

3014 3980 3126 4048 ipse
3157 3980 3231 4051 (b)
3262 3991 3375 4035 erat
3396 3981 3434 4052 ’θ

2601 4067 2857 4143 θεουεχ
2898 4040 3289 4129 eminulis.

3014 4176 3066 4220 et
3090 4178 3242 4221 erant
3273 4165 3550 4222 Pharisaei
3583 4165 3851 4222 sedentes.
3880 4174 3929 4216 et
3973 4165 4360 4231 legisdoctnres
4385 4164 4476 4231 qui
4506 4178 4596 4218 ve-

3015 4251 3207 4291 nerant
3233 4256 3298 4293 ex
3330 4240 3474 4293 Ollilll
3506 4240 3731 4292 castello
3753 4237 3991 4292 Galileae
4018 4249 4069 4290 et
4094 4237 4295 4290 .lndezic
4323 4246 4375 4290 et
4409 4235 4600 4290 llieru-

3020 4310 3184 4363 Saletn
3215 4320 3269 4363 ct
3301 4314 3468 4363 virtus
3507 4324 3621 4362 erat
3676 4309 3904 4362 lluinini.
3957 4310 4020 4359 ad
4068 4306 4359 4360 saltandum
4388 4324 4499 4358 ens.
4536 4305 4599 4357 Et

3018 4396 3144 4433 ccce
3166 4381 3261 4433 viri
3294 4391 3565 4445 [tOILIIIlt'S
3590 4382 3641 4432 in
3670 4382 3805 4433 lectu
3833 4377 4102 4431 linininetn
4138 4395 4225 4435 unt
4272 4388 4388 4428 erat
4436 4390 4593 4442 puru-

3021 4450 3238 4517 lyticus.
3269 4464 3321 4505 et
3350 4454 3681 4519 quaerebant
3706 4454 3973 4517 quomodo
4003 4466 4122 4501 enni
4171 4448 4371 4501 inferre
4412 4456 4600 4519 ρξ’.ρο-

3027 4515 3155 4572 iuvre
3184 4536 3311 4574 anie
3335 4515 3479 4574 e;.....
3513 4522 3579 4573 Et
3609 4515 4078 4572 nou'iuvt-nieutes
4120 4536 4218 4584 qua
4270 4530 4414 4581 parte
4446 4515 4599 4565 illum

3033 4590 3291 4641 inferrent
3333 4606 3456 4656 prae
3502 4589 3674 4641 llllbu.
3710 4590 4065 4641 ascenderunt
4104 4601 4260 4652 supra
4306 4594 4501 4656 tecuun
4547 4593 4602 4636 et

1353 4658 1565 4782 Migses
1589 4657 1641 4712 in
1668 4661 2027 4712 testiinonium
2053 4657 2179 4711 iiiis.

1477 4742 1494 4781 t
1520 4730 1886 4782 divulgabatur
1928 4731 2096 4782 inanis
2124 4743 2179 4782 se

1426 4724 1494 4799 Et
1520 4730 1886 4799 divulgabatur
1928 4731 2096 4797 magis
2124 4742 2304 4782 seruio
2335 4726 2401 4780 de
2423 4726 2536 4780 illo.
2564 4733 2615 4778 et
2641 4724 2926 4799 cornicine-

1354 4796 1481 4852 bant
1510 4796 1692 4856 turbae
1715 4801 1911 4856 inultae
1936 4809 1994 4854 ut
2020 4796 2265 4854 audirent
2284 4806 2662 4855 etcurarentur
2685 4796 2752 4849 ab
2781 4796 2927 4849 intir-

1354 4869 1627 4923 tnitatibus
1646 4873 1776 4926 suis.

1427 4938 1545 5004 Ipse
1569 4952 1745 4995 autem
1783 4942 2070 4997 secedebat
2116 4942 2170 4997 in
2222 4941 2457 4997 deserto.
2509 4950 2564 4996 et
2606 4939 2813 4994 orabat.
2863 4938 2926 4991 Et

1356 5007 1555 5065 factum
1582 5019 1667 5065 est
1694 5012 1748 5065 in
1777 5028 1878 5067 una
1898 5014 2130 5069 dierum.
2157 5024 2211 5069 et
2237 5014 2352 5085 ipse
2382 5014 2455 5085 (b)
2486 5020 2601 5069 erat
2637 5012 2676 5083 -ζ-
2725 5011 2926 5065 docens

1427 5198 1514 5274 12.
1554 5197 1637 5253 vir
1662 5198 1849 5270 plenus
1874 5200 2039 5270 lepra,
2065 5211 2122 5258 et
2147 5204 2262 5274 ipse
2306 5204 2592 5274 procidens
2620 5206 2677 5261 in
2707 5204 2916 5268 faciem,

1356 5270 1670 5341 rogabat....

1426 5340 1516 5398 N.
1556 5351 1615 5397 ut
1643 5342 1713 5397 sit
1734 5340 1788 5397 in
1819 5342 2121 5399 testimonia
2143 5344 2247 5400 hoc
2270 5346 2440 5401 vobis.

3807 531 4027 585 duovus.
4056 532 4120 585 Et

3808 612 3963 655 erant
3990 601 4187 657 Phari-'

3807 674 3915 725 saei
3940 673 4208 739 sedentes,

3810 751 3864 795 et
3892 743 4118 811 legisdo.

3808 820 4004 871 ctores.
4030 813 4119 881 qui

3810 893 4063 937 venerant
4092 900 4157 940 ex

3809 956 3953 1006 omni
3984 956 4204 1010 eaStello

3810 1023 4098 1090 Galilaeae,

3810 1104 3865 1149 et
3889 1094 4109 1158 .lntlcae,

3810 1176 3864 1218 et
3891 1166 4219 1221 Hier-malem
4244 1182 4259 1221 :

3811 1244 3864 1289 et
3892 1236 4059 1289 virtus
4078 1244 4193 1290 erat

3811 1301 4017 1359 DOIiIitli
4046 1307 4111 1360 nd

3815 1378 4109 1429 sanandum
4138 1393 4251 1432 cos.

3818 1448 3905 1501 18.
3932 1447 3989 1501 Et
4024 1463 4149 1501 ecce
4175 1449 4272 1502 viri

3819 1526 4092 1586 portantes
4121 1521 4171 1572 in

3821 1588 3957 1641 lecto
3984 1588 4146 1642 lmini-

3822 1673 3963 1722 nem,
3993 1659 4082 1727 qui

3822 1742 3936 1782 erat
3967 1730 4217 1798 paralyti-

3822 1813 3914 1850 cus
3940 1816 3951 1850 :
3977 1809 4029 1851 et
4054 1815 4213 1866 quae'

3824 1869 4006 1921 rebant
4038 1885 4158 1922 eum

3825 1940 4041 2002 inlerre,
4073 1948 4126 1992 et

3828 2024 4027 2076 ponere
4051 2020 4177 2064 ante

3827 2095 3969 2134 eum.

3828 2152 3913 2205 19.
3945 2150 4030 2215 Et,
4066 2168 4169 2206 non
4197 2152 4344 2208 inve-

3829 2224 4037 2276 nicntes
4066 2238 4169 2291 qua

3829 2302 3979 2373 pa_rtc
4009 2294 4153 2347 illum

3830 2365 4083 2416 inferrent
4113 2378 4240 2432 prae

3830 2433 4001 2497 turba,
4030 2450 4219 2487 ascen-

3830 2503 4025 2557 derunt
4049 2521 4205 2573 supra

3836 2584 3899 2627 le:
3924 2585 4053 2641 tum,
4090 2578 4159 2645 (ε)
4187 2586 4241 2629 et

3831 2645 4276 2713 discoiieruerunt

3836 2724 4030 2769 tecmm
4054 2717 4117 2786 ἦ,
4148 2725 4202 2769 ct

3834 2790 4216 2840 summisi-runt

3832 2857 3978 2910 illum
4008 2873 4126 2911 cum

3834 2926 3971 2979 lectu
4001 2931 4051 2981 in
4083 2942 4195 2983 me-

3831 2997 3919 3049 dio
3947 3008 4068 3051 ante

3834 3066 3923 3120 20.
3953 3068 4156 3122 .Iesnm.
4191 3067 4333 3137 Quo-

3836 3152 3953 3191 rum
3987 3151 4041 3191 ut
4070 3155 4147 3192 Vl-

3838 3208 3916 3260 dit
3948 3210 4124 3273 tidem,

3836 3278 3968 3330 dixit
3994 3278 4224 3331 homini:

3838 3346 4077 3401 Remissa
4103 3355 4228 3401 sunt

3841 3418 3932 3470 tibi
3964 3427 4174 3485 peccatu

3838 3488 3925 3541 21.
3958 3499 4065 3543 tua.
4104 3490 4169 3543 Et
4199 3498 4394 3556 coepe-

3840 3571 3955 3613 runt
3990 3564 4227 3630 cogitare

3841 3631 4084 3693 Scribae,
4113 3643 4165 3684 et

3840 3701 4108 3755 Pharisaei
4140 3702 4221 3769 (ά)
4250 3701 4301 3753 in

3841 3773 4091 3825 Cnrdibns
4120 3774 4230 3825 suis
4262 3771 4321 3841 'i‘,

3842 3843 4117 3896 dicentes:
4150 3842 4279 3907 Quis

3844 3922 3927 3966 est
3953 3914 4057 3973 hic,
4091 3915 4179 3977 uui
4212 3911 4383 3982 loqui-

3848 3993 3933 4036 tur
3962 3984 4211 4053 Ιιιίιειιῑιε-

4455 324 4520 378 5-1
4529 324 4564 375 tl

3032 4672 3124 4724 per
3170 4655 3371 4725 tegulas
3420 4658 3781 4711 Subiniscrnnt
3822 4674 3941 4710 cuni
3979 4672 4099 4708 cum
4146 4660 4279 4707 lecto
4326 4655 4375 4707 in
4423 4656 4601 4707 medio

3029 4740 3151 4779 ante
3177 4726 3379 4781 Jrsu:u.
3415 4728 3477 4781 Ει
3509 4728 3693 4779 Videtis
3728 4726 3881 4780 lldt'lll
3910 4725 4252 4797 eorunrdiml
4274 4726 4595 4797 pundytico.

3032 4797 3199 4851 Homo
3220 4798 3437 4851 dittIiSsa
3462 4806 3587 4851 sunt
3609 4799 3696 4850 tibi
3725 4808 3936 4865 chCnlu
3965 4806 4068 4848 tua.
4101 4796 4167 4849 Ει
4191 4796 4485 4866 Cut'pvrttul
4509 4810 4602 4850 (ξος

3029 4868 3199 4935 giture
3224 4870 3440 4923 Scribae
3468 4878 3524 4922 et
3549 4868 3818 4923 Pharisaei
3843 4869 4104 4924 dicentes.
4132 4867 4265 4936 Qui:
4288 4879 4373 4925 est
4396 4867 4481 4923 hic
4506 4868 4598 4938 qui

3029 4939 3263 5011 loquitur
3292 4942 3539 5012 blasphe-

2629 5102 2859 5173 CODEX
2886 5099 3347 5158 CORBEIENSIS.

3026 5224 3045 5266 ί,
3100 5198 3187 5251 17.
3227 5203 3379 5250 erant
3401 5192 3669 5248 Pharisaei
3694 5192 3965 5247 docentes.

3028 5321 3033 5325 .
3096 5268 3186 5322 20.
3228 5266 3473 5322 Remissa
3493 5275 3617 5320 sunt
3647 5266 3737 5320 tibi
3765 5272 3978 5335 peccata
4000 5272 4107 5320 tua.

2545 5433 2940 5494 VABIANTES
2977 5425 3375 5487 LECTIONES.

1416 5530 1437 5562 ⁸
1474 5486 1581 5582 (int.
1603 5530 1870 5583 secedebat
1888 5530 1939 5581 in
1956 5530 2179 5581 deserto.
2210 5527 2357 5594 Vulg.
2392 5518 2659 5583 secedebat
2681 5533 2731 5580 in
2752 5531 3021 5579 desertum.

2657 5606 3021 5670 BLANCHINI
3056 5603 3281 5660 NOTE.

1442 5708 1520 5779 (a)
1542 5710 1615 5766 Ita
1642 5720 1697 5768 et
1736 5712 1835 5767 cod
1860 5713 2033 5767 Cant-
2062 5712 2144 5766 ἵνα
2185 5712 2257 5772 εἰς
2286 5712 2451 5784 μαρτύ

1442 5729 1520 5779 ια)
1543 5729 1615 5766 lla
1642 5729 1697 5768 et
1736 5729 1835 5767 con
1860 5729 2033 5767 Lam.-
2064 5733 2144 5766 ινα
2185 5730 2257 5772 εις
2286 5731 2451 5784 μαρτυ
2492 5730 2557 5763 ιον
2594 5734 2649 5771 ην
2677 5730 2795 5783 νμιν
2842 5729 3013 5761 τουτο.
3036 5729 3110 5783 -ῖ
3138 5729 3209 5770 ψ)
3236 5729 3309 5783 ita
3348 5729 3401 5755 ut
3427 5729 3527 5753 icit-
3552 5729 3645 5753 υι.
3672 5729 3749 5758 ην.
3781 5729 3849 5739 ——
3880 5729 3947 5770 μ.)
3975 5729 4049 5753 ua
4074 5729 4127 5753 ct
4161 5729 4280 5750 um.

1383 5780 1826 5861 ἁποστεγάσαντες
1853 5788 1973 5847 τοὺς
1996 5786 2269 5863 ηράμονς.
2289 5810 2359 5823 -
2393 5729 2485 5854 (dio
2506 5782 2667 5841 Addit
2692 5783 2745 5837 in
2774 5774 3008 5834 cordibus
3034 5788 3160 5845 suis,
3180 5784 3337 5833 etiam
3364 5771 3484 5831 cod.
3507 5769 3658 5829 Cant.
3688 5773 3737 5829 ἐν
3756 5779 3869 5834 ταῖς
3897 5770 4126 5849 καρδίαις
4148 5769 4323 5831 αὐτῶν.

2492 5708 2649 5786 ιον-ἦν
2677 5711 2795 5783 ὑμῖν
2842 5710 3013 5786 τᾳῆτο.
3036 5729 3110 5783 -ῖ
3138 5702 3209 5770 (b)
3236 5700 3309 5783 ita
3348 5707 3401 5755 ct
3426 5696 3645 5786 lexAGr‘.
3672 5696 3749 5785 ἦν.
3781 5726 3849 5786 -Σ
3880 5699 3947 5770 (c)
4074 5706 4127 5753 et
4161 5695 4280 5786 cod:
4321 5694 4479 5757 Cant.
4505 5697 4608 5773 ἱκαί
