5106 6454
1488 402 1593 460 543
2012 397 2273 457 EUSEBII
2311 394 2645 454 VEDCELL.
2683 390 3124 453 EVANCELIUM
3158 390 3299 449 CUM
3336 388 3560 447 VABIIS
3594 387 3745 444 COD.
3784 386 4169 444 COLLATUM.
4246 352 4251 355 Π

1875 512 2099 570 CODEX
2134 509 2665 567 VERCELLENSIS.

1497 605 1827 688 {ediscipuli

1497 676 1756 733 Johannis
1771 676 1853 743 je-

1494 748 1685 818 juuaut
1719 745 1822 800 fre-

1500 825 1743 886 quenter,

1502 884 1557 941 et
1583 884 1893 940 Pharisaeo-

1501 970 1618 1011 rum
1651 953 1743 1025 (et)
1771 968 1890 1008 ora-

1503 1022 1673 1080 tiones
1695 1022 1823 1078 faci-

1504 1103 1598 1149 unt
1621 1112 1634 1146 :
1682 1093 1759 1147 tui
1803 1102 1980 1151 autem

1504 1161 1841 1229 manducent,

1504 1243 1557 1289 et
1592 1233 1815 1287 bibent?

1504 1304 1590 1357 54.
1630 1301 1729 1369 Qui
1752 1302 1884 1358 dixit
1903 1302 1970 1359 ad
1998 1302 2063 1357 il-

1503 1374 1611 1426 lns:
1641 1372 1900 1441 Numquid
1962 1432 1965 1433 ν

1505 1442 1578 1513 (ἕρ)
1609 1443 1623 1472 ³
1651 1453 1871 1511 possunt
1896 1441 1969 1497 ﬁli

1504 1513 1705 1579 sponsi,
1735 1527 1908 1580 quau-

1505 1581 1594 1635 diu
1623 1596 1851 1647 sponsus

1504 1664 1624 1705 Cum
1652 1650 1754 1705 illis

1506 1727 1603 1783 esi,
1632 1720 1766 1788 jeju-
2008 1764 2009 1767 η

1506 1790 1593 1845 55.
1635 1790 1800 1860 nare?
1826 1790 1866 1860 ἡ·
1890 1789 2052 1852 Veni-

1506 1868 1599 1913 ent
1623 1857 1736 1912 dies
1760 1874 1776 1921 ;
1801 1857 1857 1914 et

1510 1941 1629 1981 cum
1658 1927 1807 1981 abla-

1509 2005 1596 2049 tus
1621 1995 1780 2050 fuerit

1510 2067 1577 2119 ab
1603 2065 1706 2120 illis
1726 2080 1887 2134 spon-

1510 2148 1624 2206 sus,
1643 2146 1776 2206 tunc
1796 2135 1877 2206 je-

1506 2203 1771 2272 junabunt

1514 2274 1565 2325 iu
1596 2273 1699 2326 illis
1722 2274 1835 2328 die-

1514 2342 1601 2396 56.
1647 2342 1762 2396 bus.
1804 2343 1943 2397 Dixit

1514 2423 1689 2467 autem
1719 2422 1774 2466 et
1799 2427 1892 2482 pa-

1516 2482 1750 2535 rabolam
1776 2483 1844 2536 ad

1516 2565 1610 2605 eos
1634 2571 1647 2606 :
1679 2552 1813 2619 Quia
1848 2565 1939 2607 ne-

1515 2634 1603 2674 mo
1632 2622 1899 2677 ittsutueno

1517 2700 1625 2744 tnnt
1660 2693 1801 2745 tuni-

1514 2775 1609 2814 cae.
1635 2762 1780 2814 rudis

1515 2830 1685 2883 adsuit
1716 2846 1841 2897 pan-

1516 2915 1585 2952 no
1618 2900 1787 2954 veteri
1808 2918 1824 2954 :

1517 2969 1753 3035 alioquin
1774 2978 1830 3023 et

1515 3052 1708 3090 novum
1756 3039 1902 3092 scin-

1517 3105 1627 3169 det,
1657 3116 1709 3160 et
1739 3115 1883 3161 vete-

1520 3177 1564 3228 ri
1597 3191 1701 3229 nou
1730 3191 1861 3230 con-

1515 3246 1694 3299 veniet
1726 3247 1805 3299 in-

1515 3323 1819 3369 suinentum

1517 3398 1547 3435 8
1580 3398 1735 3438 ηονο.

1517 3453 1605 3508 57,
1650 3453 1713 3507 Et
1742 3468 1900 3510 nemo
1937 3453 2058 3509 mit-

1518 3524 1580 3576 tit
1606 3524 1781 3578 viuum

1515 3607 1706 3646 novum
1740 3596 1790 3647 in

1515 3671 1658 3717 utres
1688 3671 1834 3718 vete-

1515 3746 1602 3786 res
1628 3750 1641 3787 :
1668 3733 1902 3803 alioquin

1515 3968 1572 4007 re
1599 3953 1844 4023 discipuli
1883 3954 2140 4009 Johannis
2168 3952 2403 4023 ieiunam
2442 3950 2767 4023 frequenter.
2830 3956 2883 4002 et
2920 3949 3074 4023 obse-

1514 4019 1779 4078 crationes
1823 4024 2025 4077 faciunt
2067 4019 2308 4076 similiter
2355 4030 2407 4073 et
2442 4019 2842 4073 Pharisaeorum
2886 4019 2956 4070 tui
2982 4033 3076 4069 au-

1518 4100 1623 4144 tetu
1656 4092 1730 4162 (α)
1754 4093 1990 4162 discipuli
2039 4092 2079 4161 ’ξ’
2121 4092 2439 4162 manducaui
2468 4096 2523 4141 et
2551 4088 2749 4162 bibunt.
2781 4086 2933 4141 Jesus
2978 4102 3073 4162 ait-

1496 4168 1622 4213 -tem
1659 4156 1791 4214 dixit
1833 4156 1930 4215 eis.
1984 4156 2095 4214 Nn'n
2142 4162 2361 4228 potestis
2392 4158 2528 4211 lilios
2576 4159 2773 4228 sponsi.
2826 4156 3073 4223 quamdiu

1518 4242 1743 4295 sponsus
1791 4246 1909 4285 cum
1954 4232 2054 4285 illis
2101 4240 2183 4283 est
2224 4230 2397 4283 facere
2436 4230 2693 4297 jejunare.

1520 4308 1625 4350 tem
1676 4301 1811 4352 dies.
1864 4317 1984 4353 cum
2027 4300 2315 4357 auferetur
2345 4299 2412 4350 ab
2458 4301 2537 4351 eis
2587 4310 2835 4362 sponsus.
2861 4306 2917 4347 et
2954 4307 3075 4349 tunc

1514 4368 1829 4434 jejunnbuut
1855 4369 1905 4418 in
1933 4370 2039 4422 illis
2069 4370 2275 4421 diebus.
2306 4367 2450 4420 Dixit
2480 4378 2655 4418 autem
2685 4374 2739 4417 et
2768 4365 3067 4431 paraliolaut

1518 4436 1583 4489 ad
1637 4436 1774 4489 illos.
1805 4436 1937 4502 Quia
1991 4450 2146 4488 ucuto
2175 4440 2577 4488 commissuram
2614 4434 2911 4485 vestitui-uti
2953 4434 3071 4484 novi

1520 4505 1826 4558 innuittitin
1873 4507 2240 4557 vestimentum
2286 4516 2455 4556 vetus.
2511 4503 2743 4570 alioquin
2787 4514 2838 4553 et
2881 4516 3071 4554 novum

1518 4578 1733 4642 rumpit.
1775 4586 1827 4627 et
1868 4576 2033 4628 veteri
2068 4590 2169 4627 non
2214 4576 2461 4627 convenit
2486 4570 2832 4625 conuuissura
2863 4585 2890 4622 a
2918 4585 3072 4642 nuvn.

1519 4645 1584 4697 Et
1607 4639 1762 4703 nemo
1790 4644 1947 4697 mittit
1976 4645 2150 4696 vinum
2185 4658 2381 4696 nuvum
2422 4643 2473 4694 in
2504 4652 2649 4695 utres
2695 4650 2917 4693 veteres.
2952 4639 3082 4691 alio-

1518 4716 1645 4783 quin
1674 4717 1870 4784 rumpit
1909 4715 2089 4768 viuum
2139 4728 2331 4768 novum
2374 4722 2537 4766 utres.
2587 4722 2640 4766 et
2680 4710 2861 4763 vinum
2913 4709 3082 4763 effun-

1587 4917 1673 4991 ξς).
1719 4917 2001 4991 aniuitur,
2032 4921 2119 4973 sed
2145 4920 2392 4991 supplevit
2420 4919 2667 4974 recentior
2696 4932 2894 4971 manus.

2305 610 2520 672 rumpet
2548 601 2630 655 vi-

2306 688 2432 726 num
2460 688 2491 725 11
2514 710 2529 724 .
2574 710 2588 723 .
2612 684 2732 724 vum

2306 751 2476 805 utres,
2506 748 2561 795 et
2595 740 2708 810 ipse

2304 810 2610 891 etl‘unditur,
2660 879 2672 891 .

2307 890 2362 935 et
2392 892 2535 934 utres
2565 890 2702 946 pert-

2308 951 2397 1004 38.
2435 950 2586 1003 bunt.
2612 949 2717 1004 Sed
2746 947 2822 1002 vi-

2308 1035 2434 1074 num
2477 1020 2529 1073 in
2561 1028 2705 1073 utres

2310 1104 2479 1159 novus
2516 1091 2586 1159 (c)
2616 1089 2737 1142 mit-

2312 1169 2429 1212 tunt
2454 1157 2600 1227 ᾔτει
2623 1172 2735 1212 am-

2311 1227 2381 1284 bo
2410 1241 2631 1283 servan-
2690 1290 2699 1303 θ

2502 1336 2729 1394 CAPUT
2770 1337 2853 1392 VI.

2288 1428 2363 1483 -1.
2396 1437 2498 1484 tur.
2528 1430 2603 1501 (ἀ)
2636 1429 2702 1486 Et
2726 1430 2833 1487 fac-

2312 1509 2422 1553 tum
2452 1512 2532 1555 est
2557 1501 2611 1555 in

2313 1568 2533 1624 sabbato
2557 1584 2643 1624 se-

2313 1638 2487 1693 cundo
2515 1640 2624 1708 pri-

2313 1722 2401 1762 mo
2418 1749 2433 1770 ,
2455 1724 2576 1763 cum
2602 1717 2737 1765 tran-

2312 1779 2442 1831 siret
2465 1794 2558 1846 per
2586 1794 2671 1833 sa-

2313 1856 2366 1901 ta
2392 1856 2447 1900 et
2469 1848 2636 1902 velle-

2315 1924 2435 1970 rent
2459 1917 2513 1969 di
2547 1958 2561 1969 .
2606 1956 2620 1971 .
2642 1918 2718 1973 ci-

2214 2022 2222 2027 .
2315 1985 2424 2054 puli
2447 1986 2587 2039 illius

2316 2055 2513 2123 spicas,
2540 2056 2714 2110 mani-

2320 2122 2420 2176 bus
2445 2136 2724 2179 conteren-

2322 2202 2424 2255 tes,
2450 2206 2505 2247 et
2534 2195 2780 2251 edebant.

2229 2263 2235 2268 ’
2320 2263 2376 2317 2.
2415 2263 2638 2330 Quidam
2665 2280 2759 2319 au-

2324 2341 2429 2386 tem
2461 2332 2645 2387 Phari-

2326 2440 2340 2453 .
2384 2439 2400 2455 .
2444 2442 2458 2456 .
2492 2419 2643 2458 orum

2326 2484 2733 2529 .....ant:

2326 2531 2988 2607 Quid.......‘..

2327 2612 2577 2675 sabbatis,
2607 2612 2749 2679 quod

2326 2696 2429 2733 non
2460 2683 2583 2738 licet
2602 2683 2626 2735 ?

2324 2751 2377 2804 5.
2414 2752 2477 2805 Et
2502 2752 2849 2821 respondens,

2324 2820 2456 2874 dixit
2484 2824 2589 2876 illis

2324 2889 2478 2944 Jesus
2506 2910 2519 2944 :
2552 2891 2658 2946 Nec
2686 2891 2788 2946 hoc

2327 2959 2549 3028 legistis,
2577 2962 2717 3031 quod

2328 3033 2451 3085 fecit
2479 3033 2642 3085 David
2660 3072 2675 3096 ,

2326 3115 2446 3154 cum
2472 3102 2659 3155 esuriit

2330 3170 2463 3239 ipse,
2494 3179 2552 3224 et
2588 3170 2675 3239 qui
2701 3182 2820 3222 cum

2326 3238 2379 3292 4.
2421 3254 2485 3293 eo
2510 3238 2701 3294 erant?
2732 3240 2874 3303 Quo-

2328 3309 2484 3363 modo
2511 3311 2675 3364 intra-

2328 3382 2401 3433 vit
2430 3379 2481 3432 iu
2504 3381 2717 3434 domum

2326 3450 2455 3513 Dei,
2483 3459 2536 3505 et
2558 3463 2721 3517 panes

2324 3522 2644 3589 propositio-

2324 3590 2407 3644 nis
2426 3590 2655 3659 accepit,

2322 3670 2377 3715 et
2400 3661 2620 3713 mandu-

2323 3730 2484 3791 cavit,
2514 3738 2569 3783 et
2593 3727 2689 3783 de-

3562 498 3791 559 CODEX
3828 501 4265 560 VERONENSIS.

3063 594 3070 599 ’
3146 593 3321 661 Quare
3346 591 3595 662 discipuli

3146 663 3416 717 Joltannes
3436 665 3522 732 je-

3141 732 3335 802 junant
3358 734 3463 787 fre-

3147 800 3391 883 quenter,
3423 800 3557 857 Pha-

3148 886 3439 925 rtsaeorutn

3149 942 3545 996 obsecrationes

3149 1010 3381 1064 faciunt:

3153 1080 3227 1133 tui
3256 1090 3428 1135 autem

3155 1149 3231 1273 (ei?
3259 1148 3503 1219 discipuli
3537 1150 3579 1219 ’Ξ-

3224 1230 3333 1273 unt.
3355 1232 3409 1273 et

3224 1230 3333 1284 unt,
3355 1232 3409 1275 et

3153 1288 3378 1343 bibunt?

3152 1359 3239 1412 54.
3278 1360 3480 1425 Quibus
3512 1360 3626 1426 ipse

3151 1430 3225 1481 ait
3249 1444 3262 1481 :
3289 1419 3603 1497 V'Numqui'd’

3152 1497 3228 1566 (ὸ)
3258 1510 3475 1565 possunt
3499 1497 3597 1553 (iiii

3152 1570 3330 1635 sponsi
3353 1569 3484 1637 jeju—

3155 1652 3298 1702 nare,
3328 1636 3558 1704 quandiu'
3586 1636 3626 1707 -ι-

3153 1719 3272 1759 cnm
3313 1706 3418 1760 illis
3460 1712 3545 1760 est

3156 1775 3245 1829 55.
3284 1775 3558 1843 sponsus?
3584 1773 3687 1830 Ve-

3158 1846 3305 1897 nient
3326 1854 3503 1898 autem

3158 1913 3292 1977 dies,
3320 1928 3441 1967 cum

3160 1982 3428 2035 auferetur
3454 1983 3524 2035 ab

3162 2051 3267 2105 illis
3292 2065 3551 2120 sponsus,

3161 2129 3215 2175 et
3242 2131 3365 2174 tunc
3388 2122 3525 2190 jeju-

3161 2191 3360 2244 nabunt
3384 2192 3437 2245 iu
3469 2189 3574 2244 illis

3161 2259 3368 2314 diebus.

3162 2330 3249 2385 56.
3291 2330 3439 2384 Dixit
3463 2337 3639 2386 autem

3162 2411 3214 2456 et
3250 2399 3552 2455 similitudi-

3163 2486 3284 2525 nem
3316 2471 3382 2524 ad
3407 2471 3527 2524 illos

3163 2541 3319 2595 talem
3340 2559 3354 2595 :
3387 2540 3520 2607 Quia

3162 2627 3319 2665 nemo
3358 2608 3676 2671 commissu-

3162 2696 3273 2735 ram
3302 2697 3331 2733 a
3358 2680 3522 2735 vesti-

3164 2761 3344 2805 mento
3365 2763 3505 2804 110νο

3162 2822 3214 2873 itt
3243 2823 3563 2875 vestimento

3162 2892 3330 2944 veteri
3363 2908 3375 2943 :
3408 2890 3539 2943 alio-

3164 2964 3288 3031 quin
3315 2971 3371 3016 et
3401 2973 3497 3038 n0:

3164 3048 3285 3085 vum
3314 3036 3533 3097 rumpit,

3165 3112 3219 3155 et
3247 3101 3418 3156 veteri

3165 3186 3272 3225 non
3299 3166 3552 3223 convenit

3166 3242 3518 3294 commissura

3165 3309 3252 3363 57.
3293 3325 3323 3363 a
3356 3321 3511 3361 novo.
3546 3304 3613 3359 Et

3167 3394 3327 3433 nemo
3356 3379 3517 3433 mittit

3166 3452 3346 3503 vinum
3374 3462 3567 3502 novum

3166 3520 3219 3573 in
3251 3529 3397 3573 utres
3428 3534 3516 3573 ve-

3167 3599 3309 3643 teres
3339 3606 3351 3641 :
3382 3588 3512 3642 alio-
3544 3614 3555 3623 ν

3164 3660 3291 3727 quin
3322 3660 3520 3726 rumpit

3168 3731 3348 3781 vinum
3371 3740 3564 3781 novum

2781 3837 3009 3893 CODEX
3047 3836 3434 3892 BBIXIANUS.

2727 4226 2952 4279 Venient
2979 4240 3071 4278 au-

3178 3947 3353 4001 detur.
3400 3958 3453 4002 et
3500 3958 3646 4003 utres
3686 3949 3948 4017 peribunt.
4000 3950 4104 4005 Sed
4154 3950 4331 4002 vinum
4394 3962 4618 4002 novum.
4677 3948 4729 3998 in

3954 603 4096 647 utres
4112 634 4127 659 ,
4156 602 4207 645 et
4234 593 4315 659 ip-

3954 676 4072 716 sum
4095 662 4329 718 etl'unde-

3955 741 4040 785 tur
4061 772 4075 795 ,
4103 743 4157 785 et
4186 740 4331 788 utres

3955 802 4042 856 38.
4084 803 4348 868 peribunt.
4378 802 4485 858 Sed

3953 886 4131 925 νιηυιη
4153 885 4346 927 navum

3957 940 4011 995 iu
4039 948 4185 994 utres
4208 956 4371 997 novos

3958 1008 4030 1081 (ο)
4047 1014 4303 1081 mittunt,
4330 1022 4386 1067 et

3956 1080 4166 1149 utrique
4192 1101 4227 1149 ἰ-
4253 1095 4383 1135 con-

3954 1160 4252 1205 servantur.
4281 1152 4361 1222 (ὀ)

4158 1267 4383 1325 CAPUT
4411 1268 4499 1325 Vl.

3960 1359 4010 1413 1.
4052 1358 4266 1415 Factum
4296 1367 4382 1413 est

3957 1438 4133 1481 autem
4163 1430 4214 1481 iu
4241 1429 4363 1485 sab-

3958 1498 4113 1559 bato,
4140 1513 4262 1553 cum

3960 1569 4209 1621 transiret
4236 1584 4329 1635 per

3958 1648 4186 1705 segetes,
4214 1639 4284 1704 (e)
4306 1650 4361 1693 et

3960 1708 4265 1772 coepissent

3962 1774 4226 1841 discipuli.
4271 1814 4285 1828 .
4333 1816 4345 1829 .
4392 1814 4407 1829 .

3963 1845 4161 1899 vellere
4188 1845 4233 1913 ’ζὴ
4253 1845 4361 1911 spi-

3966 1928 4056 1967 cas
4075 1954 4090 1978 ,
4118 1924 4171 1967 et
4202 1929 4351 1967 man-

3968 1983 4224 2037 ducareut
4238 2025 4253 2049 ,
4285 1998 4416 2041 con-

3966 2053 4219 2107 l'ricantes
4245 2067 4306 2108 ea

3971 2123 4213 2176 manibus
4242 2123 4354 2179 suis
4378 2142 4392 2178 :

3971 2191 4024 2244 2.
4066 2192 4229 2260 aliqui
4255 2205 4431 2251 autem

3971 2276 4036 2315 ex
4054 2260 4367 2318 Pharisaeo-

3972 2346 4087 2384 rum
4113 2331 4360 2387 dicebant

3969 2400 4035 2454 ad
4058 2415 4150 2455 vos
4181 2422 4193 2456 :
4226 2402 4366 2470 Quid.

3971 2472 4144 2526 facitis
4175 2474 4367 2528 sabba-

3972 2542 4039 2594 tis
4056 2583 4070 2603 ,
4102 2542 4243 2610 quod
4270 2558 4376 2599 non

3971 2612 4135 2666 licet?

3974 2682 4024 2753 5.
4070 2680 4135 2735 Et
4150 2682 4497 2753 respondens

3974 2752 4108 2805 dixit
4128 2752 4231 2807 illis

3975 2820 4133 2875 Jesus
4162 2841 4175 2875 :
4209 2822 4318 2878 Nec

3912 2904 3917 2909 '
3978 2892 4079 2944 hoc
4103 2891 4304 2955 legistis
4320 2934 4335 2958 ,
4406 2898 4411 2901 ’

3977 2958 4099 3029 quid
4130 2959 4316 3015 fecerit

3982 3030 4151 3084 David
4176 3070 4191 3093 ,
4220 3044 4342 3084 cum

3980 3101 4207 3155 esuriret
4231 3099 4346 3167 ipse
4365 3140 4381 3164 ,

3981 3177 4037 3224 et
4062 3171 4146 3236 qui
4170 3183 4311 3222 cum-
4346 3184 4352 3190 ·

3962 3252 4045 3293 ’eo
4068 3239 4261 3292 erant?

3979 3308 4031 3389 4.
4074 3308 4352 3389 Quomodo
4380 3308 4463 3362 in—

3980 3388 4137 3431 travn
4158 3388 4209 3432 in

3979 3448 4194 3503 domum
4223 3448 4319 3503 Dei
4340 3490 4354 3510 ,
4440 3478 4448 3484 -

3981 3527 4036 3573 et
4062 3532 4226 3586 panes
4250 3534 4373 3586 pro-

3983 3588 4275 3656 positiones
4300 3602 4449 3641 sum-

3984 3659 4121 3726 psit,
4152 3667 4208 3712 et
4232 3656 4457 3711 mandu—

3980 3727 4151 3793 cavit,
4176 3738 4231 3782 et
4258 3726 4405 3781 dedit
4429 3725 4509 3779 eis
4537 3764 4551 3788 ,

3181 4027 3326 4071 utres
3379 4033 3544 4071 novos
3592 4018 3661 4088 (ο)
3722 4022 3953 4072 mittunt.
4026 4027 4080 4070 et
4126 4028 4345 4084 utraque
4410 4017 4448 4085 ’ξ-

3179 4156 3310 4211 dicit
3337 4160 3475 4211 enim
3512 4157 3672 4211 Vetus
3700 4157 3886 4210 melius
3910 4168 4008 4211 est.
4046 4179 4063 4187 λ

3252 4227 3586 4304 Factum‘est
3635 4236 3808 4281 autem
3843 4230 3891 4278 in
3927 4235 3952 4264 ι
3981 4226 4200 4304 sabbati)
4231 4223 4465 4304 secundo
4492 4239 4518 4274 a
4548 4226 4732 4304 primo

3178 4311 3299 4350 cum
3332 4300 3579 4350 transiret
3610 4313 3703 4365 per
3733 4307 3981 4367 segetem.
4034 4296 4295 4349 velli-bant
4336 4292 4731 4367 iliscipuliejus

3176 4371 3347 4433 spicas
3368 4378 3417 4419 et
3438 4363 4053 4421 cnnl'ri‘cantes’mauibus
4076 4367 4479 4419 manuni-aliam.
4504 4363 4730 4429 Quidam

3148 4494 3149 4497 η
3178 4446 3353 4487 autem
3384 4434 3806 4499 pliarisaeorum.
3830 4436 4075 4490 dicebant
4102 4438 4223 4489 illis.
4248 4435 4382 4491 Quid
4408 4434 4583 4486 facitis
4610 4433 4731 4484 Sab-

3182 4504 3477 4575 iistiiSQIliid
3510 4520 3610 4557 non
3641 4508 3779 4557 licet.
3814 4505 3871 4558 Et
3902 4506 4227 4575 respondens
4258 4504 4412 4558 Jesus
4434 4502 4570 4575 dixit
4603 4503 4727 4553 illis.

3183 4572 3289 4625 Nec
3313 4572 3410 4626 huc
3431 4574 3633 4641 legistis
3658 4576 3779 4641 quid
3804 4576 3925 4628 let-it
3952 4572 4109 4626 David
4134 4589 4252 4625 cum
4284 4573 4731 4636 esurissetipsect

3186 4641 3271 4709 qui
3301 4656 3418 4695 cum
3436 4656 3501 4695 eo
3523 4654 3673 4694 erant
3691 4645 3963 4706 Quomodo
3992 4644 4201 4697 intravit
4224 4645 4274 4695 in
4297 4642 4512 4693 domum
4542 4641 4654 4693 Dei.
4676 4650 4732 4691 et

3186 4725 3347 4778 panes
3392 4712 3765 4779 prepositionts
3789 4710 3815 4749 δ
3845 4716 4066 4782 sumpsit
4100 4722 4154 4767 et
4194 4711 4528 4766 manducavit
4555 4719 4612 4764 et
4632 4710 4728 4761 de-

2779 4820 3009 4876 CODEX
3042 4818 3503 4878 COBBEIENSIS.

3245 4916 3298 4970 2.
3339 4916 3475 4983 Quid
3498 4916 3714 4972 facitis?
3741 4918 3969 5007 sabbatis
3994 4934 4097 4973 non
4123 4919 4266 4973 licet.

1587 4986 1715 5040 CAP.
1742 4986 1825 5041 Vl.
1851 5017 1919 5027 ——
1950 4993 1996 5042 t.
2029 5004 2121 5057 per
2144 4986 2345 5044 semina
2370 4998 2505 5044 sata.

1585 5173 1600 5202 ι
1638 5169 1742 5220 Gal.
1776 5183 1982 5233 possunt.
2018 5172 2194 5224 recenti
2223 5186 2385 5236 manu,
2428 5176 2629 5236 potestis
2648 5175 2888 5237 jejunare.
2930 5174 3067 5235 Vulg.

1597 5374 1621 5401 ⁸
1644 5356 1813 5419 Verba
1856 5366 1954 5419 ista
1980 5367 2031 5419 in
2058 5367 2259 5419 sabbato
2297 5368 2511 5420 secundo
2538 5385 2569 5420 a
2596 5368 2757 5435 primo
2794 5382 2911 5421 rasa
2942 5376 3064 5421 sum

2698 5083 3082 5140 VAItlANTES
3116 5078 3514 5136 LECTIONES.

3477 5167 3641 5218 facere
3658 5168 3891 5230 jejunare.
3922 5133 3929 5138 ἡ

2780 5273 3138 5333 BLANCHINI
3174 5270 3401 5328 ΝΟΤᾹΣ.
3423 5273 3431 5277 ’

1529 5434 1578 5487 iu
1610 5437 1791 5489 codice
1813 5476 1828 5501 ,
1853 5436 2024 5490 adhuc
2055 5447 2227 5490 tamen
2250 5434 2625 5504 apparentibus
2652 5438 2861 5491 litteris.

1608 5555 1679 5629 ςη)
1710 5555 1869 5629 Attdn
1897 5556 2151 5629 discipuli,
2184 5556 2341 5629 etiam
2381 5557 2685 5629 cod._Caut.
2717 5556 2947 5629 μαθηταί.
2976 5549 3146 5629 -_-_(b_)
3173 5550 3243 5605 Ita
3282 5560 3335 5605 et
3367 5550 3489 5629 ροά-
3517 5549 3671 5629 Eant;
3712 5551 3945 5629 δύνανςαι
3969 5552 4013 5607 οε
4049 5539 4147 5629 viai
4192 5556 4283 5629 τριῖ
4312 5558 4731 5629 ννμτῶέέοςέησο

1540 5627 1693 5698 ῖς-ἂειν
1725 5626 1791 5697 ἐφ’
1818 5623 1946 5679 ὅσον.
1978 5620 2045 5665 -ἒ
2080 5627 2155 5698 (cl
2186 5625 2256 5677 lta
2284 5637 2335 5679 et
2356 5626 2473 5678 rod.
2506 5625 2656 5679 Cant.
2691 5620 2975 5698 βάλλουσιν.
3023 5621 3240 5698 ibidem,
3274 5624 3488 5698 utrique.
3516 5620 3809 5698 Nescio__an
3858 5621 4337 5698 litterrretis‘vitio,
4367 5620 4448 5673 vel
4478 5622 4729 5698 Scribazj

1545 5682 1915 5763 Grmcus'cmm
1946 5682 2117 5749 tm";
2148 5697 2323 5759 habet,
2358 5698 2641 5763 ἀμᾴιὸτέροι,
2672 5682 2907 5763 tiempeé
2936 5696 3077 5752 οἰνος.
3109 5690 3317 5763 ὁζάσῑεὸξ
3343 5682 3498 5744 ambo
3525 5693 3793 5745 masculini
3816 5692 4046 5763 geni-ris.
4070 5718 4140 5731 -
4163 5682 4241 5758 (d)
4261 5687 4423 5743 Totus
4450 5705 4637 5746 versus
4658 5688 4730 5743 '59

3243 5363 3281 5435 ιδί
3300 5363 3499 5435 Vocula
3518 5364 3644 5435 ista,
3667 5364 3877 5430 sumpsit
3916 5364 3991 5419 sic
4021 5378 4078 5420 se
4107 5363 4266 5419 habet
4290 5365 4342 5419 in
4373 5366 4612 5435 margine
4635 5380 4730 5420 co-

3181 5432 3336 5498 dicis,
3370 5434 3444 5485 uti
3475 5433 3562 5487 hic
3583 5433 3915 5490 describitur.

1548 5761 1691 5817 Ilecst
1734 5776 1891 5818 cltum
1922 5782 1972 5817 tti
1996 5768 2113 5818 (τυιΙ.
2143 5764 2295 5819 Catil.
2324 5763 2484 5834 --,(«)
2514 5760 2669 5819 Jitxla
2697 5760 2815 5818 C(itl.
2846 5762 3023 5827 Cant,
3066 5763 3109 5814 οἱ
3142 5760 3190 5814 δὲ
3223 5765 3436 5828 μαθηταὶ
3462 5764 3611 5814 αὐτοῦ
3632 5763 3836 5835 ἤρξαντο
3866 5762 4056 5816 ein-av».

4513 4030 4731 4069 (εοιιςρτ-

3183 4098 3393 4141 vaulur.
3444 4089 3509 4141 Et
3554 4104 3711 4141 nemo
3757 4088 3943 4140 bibens
3978 4098 4145 4140 vetus.
4175 4089 4352 4141 statim
4376 4087 4488 4138 vult
4510 4090 4726 4137 novum:
