3920 6404
201 310 308 367 535
1211 312 1660 376 EVANGELIUM
1696 315 2063 378 SECUNDUM
2092 317 2344 378 LUCAM.

574 423 804 481 CODEX
854 424 1386 487 VERCELLENSIS.

200 520 279 574 dit
308 520 407 578 eis,
439 517 528 587 qui
1019 519 1253 574 sabbatis
1284 522 1381 577 be-

198 605 382 646 secum
412 594 602 652 erant;
1022 630 1035 643 .
1078 627 1092 643 .
1136 628 1150 656 .
1179 605 1364 658 acere,

197 675 337 728 quos
361 660 377 689 ¹
408 674 514 712 non
550 658 611 711 li-
1020 699 1033 714 .
1077 699 1090 715 .
1133 701 1148 714 .
1195 702 1206 714 .
1237 662 1322 717 ale

197 728 698 784 cetede....-

195 800 240 852 si
267 799 338 870 (b)
363 813 442 852 so.
489 837 503 851 .
530 797 625 870 7.1-
656 838 669 851 .
717 837 730 851 .
763 811 910 854 acer-

195 871 250 923 5.
277 867 547 924 dotibus?
579 867 647 922 Et

193 939 374 993 diceb.
419 977 434 992 .
474 937 620 992 illis:

191 1009 458 1074 Quoniam

1015 1009 1099 1065 10.
1139 1011 1463 1081 Circumspi-

191 1081 452 1134 Dominus
474 1086 559 1133 est
583 1076 712 1134 Fili-
1012 1083 1158 1138 ciens
1186 1096 1374 1135 omnes

190 1164 259 1223 us_
285 1149 517 1223 hominis
1013 1151 1090 1223 (g)
1122 1151 1309 1223 illost
1332 1165 1453 1223 esse
1486 1152 1562 1223 (Ii)
1598 1152 1649 1206 in

188 1221 353 1292 etiam
381 1220 502 1273 sab-
1012 1220 1181 1292 ira,~j-
1206 1221 1338 1275 dixit
1368 1221 1464 1275 ho-

189 1290 324 1344 hati.
1011 1291 1136 1345 mini
1162 1290 1176 1343 ὲ
1213 1292 1408 1345 Exten-

189 1361 244 1414 6.
287 1360 506 1414 Factum
533 1369 614 1414 est
917 1363 920 1367 ’
1009 1359 1076 1414 de
1100 1376 1314 1414 manum

187 1440 367 1486 autem
400 1430 452 1484 in
483 1431 580 1482 ali-
1011 1436 1172 1484 tuam.
1206 1432 1271 1485 Et
1297 1445 1396 1486 ex-

187 1515 220 1552 o
251 1502 474 1554 sabbato
499 1501 576 1554 in-
1010 1500 1174 1553 tendit
1201 1518 1214 1552 :
1244 1511 1292 1556 et
1328 1516 1439 1555 res-

188 1581 333 1624 trare
362 1571 511 1623 illum
1009 1569 1160 1624 tituta
1188 1581 1270 1626 est
1297 1586 1408 1625 ma-

187 1642 238 1694 in
263 1639 503 1709 Synago-
1008 1654 1106 1709 nus
1137 1642 1294 1694 illius.

185 1726 248 1778 ga
265 1751 280 1775 ,
305 1708 369 1781 et
391 1712 552 1764 doce—
1009 1708 1114 1781 _ll._
1138 1709 1242 1781 Ipsi
1273 1719 1451 1766 autem

1007 1778 1187 1847 inplet‘i
1220 1789 1344 1834 sunt

1006 1859 1253 1917 stupore.
1279 1859 1334 1905 et

1006 1920 1292 1990 conloque-

1005 1988 1198 2043 bantur
1222 1990 1288 2044 ad

186 1794 266 1833 re.
301 1779 368 1832 Et
385 1790 500 1833 erat

187 1849 260 1903 ibi
286 1849 445 1903 homo
461 1892 474 1910 .
505 1861 559 1907 et

185 1935 376 1973 manus
407 1920 479 1973 illi

185 2005 246 2042 us
272 1990 464 2043 dextra

183 2070 303 2112 erat
328 2058 494 2112 arida.
1007 2059 1232 2113 invicem

180 2129 232 2182 7.
276 2128 644 2185 Observabam
1004 2129 1253 2198 quidnam

178 2208 362 2252 autem
390 2198 538 2254 Scri-
1005 2199 1247 2254 facerent

181 2267 312 2331 bae,
337 2276 391 2322 et
416 2269 601 2321 Pliari-
1002 2267 1052 2321 J.
1087 2306 1103 2321 .
1132 2285 1188 2322 u.

180 2353 259 2392 sa.
312 2378 325 2390 .
351 2375 386 2407 ν.
432 2376 446 2390 .
479 2339 548 2407 (c)
583 2338 707 2392 sab-
1005 2337 1090 2392 12.
1124 2338 1365 2394 Factum.
1403 2381 1415 2393 .
1454 2380 1466 2394 .
1503 2381 1515 2395 .
1554 2380 1566 2395 .

177 2406 645 2476 hatorj'..ur..
1008 2445 1020 2458 .
1101 2450 1114 2460 .
1192 2446 1205 2459 .
1285 2447 1298 2462 .
1381 2450 1394 2462 .
1473 2451 1486 2464 .
1569 2449 1674 2463 ..

178 2489 581 2533 rct......
1007 2515 1676 2533 ........

179 2550 602 2603 nir....tet

177 2619 196 2648 ²
237 2634 319 2672 ac.
366 2656 379 2668 .
425 2626 614 2687 .aretit

175 2691 227 2742 8.
274 2687 594 2767 illumalpse

177 2767 357 2812 autem
386 2772 523 2812 sete-

1004 2691 1085 2738 rat
1112 2698 1336 2752 pernoc-

1003 2763 1117 2808 tans
1151 2756 1200 2807 in
1231 2770 1355 2806 ora—

175 2828 269 2880 hat
298 2829 500 2897 Cogita-
1003 2824 1088 2878 15.
1124 2826 1266 2897 tione
1293 2825 1408 2880 Dei.
1439 2825 1505 2880 Et

176 2897 353 2953 tiones
373 2895 498 2952 illo-
1001 2909 1120 2948 cum
1150 2895 1265 2949 dies
1297 2897 1421 2949 hor~

175 2983 317 3022 rum.
1003 2975 1050 3018 ta
1077 2973 1155 3018 est
1173 3009 1186 3030 ,
1222 2979 1376 3020 voca-

177 3039 325 3093 Dixit
348 3047 526 3094 autem
563 3095 565 3098 ,
1000 3035 1073 3088 νίι
1098 3034 1338 3103 dimittu-

174 3107 418 3179 homini,
447 3109 537 3179 qui
999 3105 1079 3159 los
1104 3119 1261 3169 suos,
1290 3116 1342 3179 et
1375 3107 1473 3161 eli-

174 3177 412 3234 habehat
439 3177 544 3232 ma-
998 3189 1126 3242 gens
1158 3191 1221 3230 ex
1254 3177 1336 3231 eis

176 3265 304 3301 num
334 3250 538 3303 aridam
565 3266 576 3300 :
998 3245 1278 3300 duodecim
1300 3288 1316 3311 ,

174 3318 378 3388 Surge,
413 3329 468 3374 et
491 3328 570 3372 sta
648 3387 657 3388 ί
696 3387 725 3388 ἡ
997 3329 1131 3388 quos
1157 3325 1210 3368 et
1243 3318 1418 3388 Apos-

173 3390 242 3457 (ί)
273 3384 324 3440 iii
354 3384 531 3442 medio
554 3389 609 3457 ἦ.
642 3387 662 3418 ³
691 3387 755 3440 Et
1000 3384 1136 3463 tolos
1165 3385 1337 3438 numi-

175 3473 407 3524 surgens
424 3499 437 3519 ,
468 3467 574 3510 ste-
997 3464 1159 3524 nam.

173 3526 230 3580 9.
275 3521 355 3578 iit.
394 3526 530 3579 Dixit
997 3522 1083 3575 14.
1127 3521 1399 3577 Simonem
1425 3563 1441 3588 ,
1481 3537 1640 3593 quem

172 3604 353 3649 autem
376 3594 530 3649 Jesus
997 3601 1051 3644 et
1076 3595 1346 3659 cognomi-

171 3665 240 3717 ad
267 3665 388 3717 illos
413 3681 427 3718 :
461 3664 540 3718 ln-
996 3664 1140 3714 navit
1166 3661 1382 3717 Petrum
1408 3705 1423 3730 ,

173 3735 461 3803 terrogabo
902 3797 909 3801 ⁴
995 3741 1050 3803 et
1080 3734 1343 3786 Andream

171 3819 269 3858 vos
286 3845 302 3870 ,
330 3801 375 3858 isi
399 3804 523 3858 licet
996 3801 1209 3856 fratrem
1232 3804 1371 3872 ejus,

2289 431 2512 487 CODEX
2552 430 2992 487 VERONENSIS.

1865 525 1952 592 qui
1975 539 2154 580 secum
2182 531 2364 589 erant;

1863 609 1997 662 quos
2028 610 2132 646 non
2167 594 2240 664 (α)
2269 596 2332 648 li-

1863 664 2014 718 cebat
2041 664 2082 733 1'
2109 680 2258 717 man-

1862 734 2056 787 ducare
2074 774 2089 797 ,
2124 735 2206 787 ni-
2263 757 2268 762 -

1861 803 1906 856 si
1930 802 2001 873 (b)
2032 803 2158 857 solis
2185 802 2227 872 τι

1862 873 2236 927 Sacerdotibus
2256 873 2280 926 ’ἒ

1861 943 1914 996 5.
1959 945 2021 996 Et
2048 942 2257 996 dicebat

1861 1011 1967 1065 illis
1998 1029 2009 1064 :
2034 1013 2167 1078 Quia

1861 1081 2117 1136 DOininus

1860 1161 1942 1205 est
1968 1151 2133 1206 Filius

1859 1222 2088 1275 hominis
2117 1221 2277 1276 etiam

1860 1290 2084 1343 sabbati.

1860 1363 1913 1413 6.
1949 1361 2164 1414 Factum
2193 1369 2276 1416 est

1857 1438 2032 1484 autem
2062 1430 2167 1483 alio

1858 1500 2078 1553 sabbato
2107 1510 2163 1554 ut

1858 1569 2079 1623 intraret
2104 1570 2156 1622 in

1857 1640 2187 1710 Synagogam
2209 1679 2224 1703 ,

1861 1719 1914 1762 et
1939 1711 2175 1763 doceret.

1861 1779 1925 1832 Et
1951 1788 2065 1833 erat
2092 1778 2187 1831 h0-

1859 1863 1948 1903 1110
1974 1863 2186 1902 manum

1858 1918 2064 1974 habens
2090 1917 2295 1971 aridam

1859 1989 2153 2044 dexteram.

1859 2060 1911 2113 7.
1943 2058 2310 2114 Observabam

1857 2141 2033 2186 autem
2064 2128 2207 2186 Scri-

1855 2199 1956 2253 bae
1972 2241 1984 2260 .
2019 2210 2071 2254 et
2101 2200 2237 2253 Pha-

1855 2270 2013 2323 risaei
2029 2311 2046 2334 ,
2081 2274 2124 2323 si

1855 2338 1928 2408 (c)
1960 2339 2181 2393 sabbato
2201 2338 2242 2407 -ι-

1853 2417 2072 2463 curaret
2093 2448 2106 2470 ,
2137 2416 2198 2462 ιιι

1854 2478 2157 2532 invenirent

1891 2547 2196 2601 ueinadmo-

1893 2633 1978 2670 um
2007 2631 2224 2672 accosa-

1851 2696 1971 2739 rent
2002 2687 2170 2740 illum.

1851 2755 1904 2809 8.
1938 2755 2055 2820 ipse
2083 2767 2263 2810 autem

1854 2825 1933 2895 (ά)
1955 2828 2138 2906 sciens
2165 2828 2204 2897 -ξ-

1850 2899 2206 2963 cogitationes

1851 2981 2034 3040 _eoru_m
2065 2968 2135 3040 (ρ)
2167 2970 2241 3023 ait
2265 2969 2304 3040 -ζ-

1851 3034 2052 3090 homini
2087 3034 2196 3103 illi,

1849 3113 1937 3174 qui
1972 3107 2204 3162 habebat

1851 3191 2066 3231 manum
2091 3179 2315 3234 aridam.

1853 3246 2022 3316 Surge
2045 3289 2058 3310 ,
2086 3258 2138 3302 et
2168 3261 2248 3303 sta

1903 3321 1919 3383 )
1953 3319 2004 3370 in
2036 3318 2294 3388 medica-jx

1902 3396 1919 3437 t
1945 3400 2169 3456 surgens
2190 3429 2205 3453 ,

1848 3459 2016 3510 stetit.

1849 3524 1900 3578 9.
1931 3527 2015 3578 Ait
2047 3535 2224 3580 autem

1848 3594 1913 3648 ad
1941 3595 2058 3648 illus
2088 3594 2241 3650 Jesus
2275 3613 2286 3647 :

1845 3664 2142 3734 Interroga.
2181 3707 2192 3719 .
2230 3708 2240 3718 .

1850 3735 1973 3790 licet
2001 3751 2077 3790 sa.
2117 3775 2133 3790 .
2169 3777 2181 3789 .
2221 3778 2233 3790 .
2273 3778 2330 3790 ..

1848 3805 2166 3863 benefacere
2183 3849 2197 3872 ,

1473 3897 1703 3953 CODEX
1731 3897 2120 3955 BRIXIANUS.

170 3979 264 4052 dit.
293 3997 376 4050 his
407 3996 496 4064 qui
537 4009 654 4050 cum
697 3994 811 4063 ipso
838 4002 1009 4048 erant.
1039 4008 1170 4064 quos
1224 4007 1328 4046 non
1376 3993 1451 4064 (α)
1498 3996 1746 4063 licebat?

173 4063 518 4121 manducare.
572 4066 669 4118 nisi
703 4067 774 4133 (b)
806 4065 934 4117 solis
962 4065 998 4133 ἦ·
1038 4063 1436 4133 Sacerdotibus.
1491 4064 1553 4116 Et
1603 4065 1744 4116 dice-

173 4139 264 4191 liat
311 4139 416 4191 illis
461 4137 591 4202 Quia
649 4131 904 4188 Ddtitiuus
951 4131 1033 4186 est
1077 4131 1241 4202 Filius
1286 4133 1521 4202 hominis
1576 4134 1737 4202 etiam

171 4209 402 4262 Szibbati.
438 4199 656 4260 Factum
686 4214 767 4258 est
809 4210 983 4255 autem
1011 4201 1064 4252 iti
1093 4201 1193 4249 alio
1221 4199 1442 4250 sabbato
1491 4210 1543 4250 Iit
1573 4200 1734 4251 intra-

172 4290 256 4332 ret
305 4278 358 4331 in
403 4277 731 4346 Synagogam
777 4282 829 4323 et
875 4271 1108 4346 dot-eiet.
1259 4275 1376 4319 erat
1415 4268 1535 4346 .illic
1581 4268 1738 4321 homo

172 4347 379 4400 habens
404 4335 679 4398 dexte'rain
708 4353 916 4392 manum
944 4337 1144 4390 aridam
1173 4335 1539 4389 Ubservnba'nt
1559 4349 1734 4391 autem

170 4419 394 4472 Scribae
421 4424 474 4467 ct
504 4413 790 4467 Pharisaei.
821 4407 864 4460 si
895 4409 944 4459 in
979 4406 1196 4458 sabbato
1226 4417 1457 4459 curaret.
1505 4419 1556 4459 ut
1588 4407 1736 4460 inve-

170 4488 354 4540 nirent
371 4483 703 4539 occasionem
726 4475 1001 4548 accusandi
1027 4475 1173 4548 illum
1193 4473 1310 4548 Ipse
1327 4491 1448 4548 vere
1467 4477 1543 4548 (ιι)
1559 4479 1734 4532 sciens

170 4555 525 4620 cogitationes
561 4564 743 4605 eorum
774 4545 842 4616 (ε)
869 4547 941 4598 ait
966 4545 1232 4620 jj‘h‘omini
1256 4547 1351 4620 qui
1372 4545 1602 4620 habebat
1626 4565 1737 4602 ina-

171 4614 300 4677 nuin
333 4624 561 4676 aridam.
596 4620 766 4688 Surge
785 4614 845 4688 et
865 4615 1037 4688 st:t_({)
1065 4616 1118 4669 in
1151 4614 1327 4688 medio
1356 4619 1392 4686 ᾗ-
1417 4618 1485 4672 Ει
1515 4633 1737 4688 surgens

169 4694 341 4747 stetit.
376 4691 466 4744 Ait
489 4702 666 4744 autem
697 4683 763 4741 ad
794 4685 912 4740 illos
937 4683 1110 4740 Jesus.
1155 4683 1431 4758 Interrogo
1457 4704 1572 4744 vos.
1602 4683 1644 4744 si
1670 4689 1735 4743 li-

2682 538 2748 577 an
2773 525 2911 577 male
2940 541 2952 575 :
2983 523 3096 577 ani-
3124 571 3127 574 .

2684 610 2820 647 mam
2841 594 3040 647 salvam

2680 664 2854 717 lacere
2868 705 2881 728 ,
2914 679 2982 717 an

2682 733 2906 802 perdere
2926 733 2949 784 ?

2681 806 2768 858 10.
2804 803 2866 855 Et
2892 803 3218 871 circumspe-

2678 874 2780 928 ctis
2812 872 2887 942 (ρ)
2910 873 3017 942 illis
3040 872 3075 941 -τ

2679 941 2922 997 omnibus
2949 941 3030 1011 (li)
3059 944 3115 996 in

2681 1015 2756 1067 ira
2779 1013 2816 1082 ’ἴ
2837 1054 2850 1076 ,
2871 1012 3004 1065 dixit

2683 1082 2882 1136 homini
2911 1099 2924 1133 :
2956 1082 3059 1135 Ex-

2683 1153 2839 1207 tende
2865 1166 3077 1205 manum

2681 1230 2846 1276 tuam.
2883 1221 2946 1274 Et

2680 1291 2917 1347 extendit
2940 1309 2952 1344 :
2985 1299 3040 1346 et

2682 1362 2920 1417 restituta
2943 1369 3027 1416 est

2681 1447 2869 1486 manus
2890 1432 3023 1502 ejus,

2682 1503 2744 1571 (ί)
2777 1504 2912 1556 sicut

2681 1573 2783 1626 alia
2812 1572 2868 1642 1-.

2685 1642 2770 1696 11.
2805 1641 2908 1711 lpsi
2934 1648 3108 1722 autem

2687 1724 2974 1766 ..,..ιι

2682 1791 3073 1836 Slllll......

2682 1853 2842 1915 itate,
2872 1861 2927 1907 et

2681 1922 3142 1992 conloquebantur

2680 1993 2746 2046 ad
2772 1995 2998 2046 invicem

2678 2061 2927 2130 quidnam
2954 2063 3031 2116 fa-

2678 2142 2863 2187 cerent
2883 2133 2951 2188 de

2678 2200 2883 2259 Iesum.

2681 2273 2767 2326 12.
2801 2273 3020 2328 Factum
3048 2279 3132 2328 est

2678 2351 2854 2398 autem
2878 2346 2929 2398 in
2955 2343 3058 2398 illis

2678 2413 2864 2468 diebus
2889 2415 3020 2469 exiit

2659 2520 2662 2522 ν
2678 2482 2729 2534 in
2761 2493 2943 2536 monte
2967 2497 3088 2536 ora-

2677 2565 2735 2605 re
2748 2592 2762 2614 ,
2791 2561 2846 2606 et
2873 2559 2990 2606 erat

2675 2631 2993 2701 pernoctans

2675 2699 2728 2742 in
2755 2699 2998 2745 oratiOIIe

2676 2759 2789 2814 Dei.

2676 2830 2765 2884 l3.
2807 2830 2869 2884 Et
2892 2844 3018 2885 cum
3049 2828 3166 2886 dies

2675 2898 2845 2954 factus
2869 2910 3046 2964 esset,

2675 2972 2887 3024 vocavit
2911 2973 2977 3025 ad

2676 3055 2734 3094 se
2761 3041 3053 3111 discipulos
3109 3071 3118 3090 .

2675 3125 2803 3166 suos
2817 3153 2832 3177 ,
2863 3124 2913 3166 et
2940 3114 3056 3166 ele-

2676 3181 2751 3250 git
2780 3197 2874 3236 xu.
2901 3196 2968 3237 ex

2676 3251 2806 3320 ipsis
2828 3291 2843 3316 ,
2873 3266 3006 3322 quos

2675 3329 2728 3375 et
2750 3321 3037 3386 Apostolus

2677 3392 2988 3445 nominavit.

2679 3460 2766 3514 14.
2810 3462 3078 3517 Simonem
3102 3499 3118 3525 ,

2674 3545 2832 3599 quem
2859 3545 3053 3599 cogno-

2675 3602 2901 3652 ininavit
2929 3602 3026 3652 Pe-

2675 3678 2842 3732 trum,
2868 3679 2920 3723 et
2943 3671 3050 3722 An-

2673 3742 2854 3794 dream
2888 3739 2985 3792 l'ra-

2674 3819 2806 3865 trem
2845 3809 2957 3878 ejus
2982 3850 2996 3875 ,

3348 319 3454 375 546

1852 4007 1935 4048 cct
1978 3996 2212 4048 Salibatis
2264 3995 2598 4049 benefacere.
2630 4008 2695 4046 an
2739 3993 2892 4046 male.
2941 3992 3170 4046 animam
3219 3991 3420 4046 salvam

1851 4066 2026 4115 facere
2053 4080 2117 4116 an
2149 4066 2394 4131 perdere.
2427 4065 2490 4115 Et
2517 4061 2956 4128 circumspiciens
2996 4077 3092 4115 eos
3119 4077 3305 4114 omnes
3335 4063 3416 4115 di-

1852 4135 1929 4183 xit
1979 4132 2202 4184 homini.
2252 4132 2487 4184 Extende
2535 4148 2746 4184 manum
2793 4141 2934 4184 tuam
2973 4131 3036 4184 Et
3069 4132 3330 4185 extendit.
3369 4145 3424 4187 ot

1847 4203 2089 4252 restituta
2123 4211 2205 4253 est
2247 4215 2435 4253 manus
2468 4200 2586 4268 ejus
2612 4201 2672 4268 (ἱ)
2704 4201 2842 4254 sicut
2889 4202 3056 4254 altera
3089 4201 3149 4270 δι’.
3185 4201 3287 4268 ipsi
3329 4218 3422 4254 au-

1848 4281 1954 4340 tem
2004 4269 2347 4340 repletirsunt
2389 4270 2717 4340 iniquitatem
2769 4280 2822 4323 et
2850 4269 3309 4340 conloquehautnr
3356 4274 3421 4326 ad

1840 4337 2063 4391 iliVlCt'lil
2098 4339 2219 4406 quid
2261 4353 2382 4392 nam
2424 4337 2659 4394 facerent
2698 4339 2842 4394 Jesu.
2895 4337 3111 4396 Factum
3140 4351 3223 4397 est
3245 4351 3420 4397 autem

1840 4408 1890 4461 iu
1927 4410 2030 4462 illis
2061 4409 2269 4464 diebus.
2299 4409 2428 4463 exiit
2451 4409 2608 4464 Jesus
2631 4411 2680 4463 in
2713 4420 2945 4465 montem
2990 4428 3163 4466 orare.
3209 4422 3262 4465 ct
3308 4418 3423 4465 crat

1841 4487 2160 4547 pernoctaus
2197 4481 2251 4535 in
2289 4481 2533 4535 oratione
2575 4482 2686 4535 Dei.
2728 4482 2793 4534 Et
2837 4497 2957 4535 cum
2999 4484 3112 4536 dies
3137 4481 3305 4534 factus
3335 4497 3420 4532 cs-

1838 4559 1922 4603 set
1949 4552 2265 4605 convocavit
2291 4549 2587 4617 discipulos
2632 4566 2778 4606 suos.
2813 4562 2864 4606 et
2889 4552 3050 4617 elegit
3077 4566 3140 4604 ex
3186 4552 3262 4604 eis
3287 4548 3420 4600 duo-

1837 4620 2011 4675 decim
2042 4635 2173 4688 quos
2203 4631 2257 4674 et
2293 4621 2576 4688 Apostolus
2598 4620 3225 4688 nominavit.Simonem.
3257 4632 3416 4687 quem

1837 4687 2238 4760 cognominavit
2273 4687 2487 4744 Petrum
2532 4699 2589 4744 et
2615 4688 2878 4743 Andream
2909 4687 3127 4741 fratrem
3155 4687 3270 4755 ejus

1443 4800 1668 4856 CODEX
1711 4799 2169 4856 CORBEIENSIS.

241 4900 297 4952 9.
342 4897 686 4965 lnterrogabo
712 4909 825 4950 vos.

244 4968 331 5022 10.
377 4968 439 5021 Et
467 4966 868 5034 circumspectis
891 4967 994 5023 illis
1022 4967 1270 5024 omnibus
1301 4969 1350 5024 in
1377 4969 1476 5023 ira.

1842 4963 1868 5017 J
1916 4895 2000 4947 11.
2042 4893 2236 4960 repleti
2281 4899 2406 4946 sunt
2456 4891 2858 4962 iniquitate.....
2906 4892 3029 4962 quid
3077 4891 3315 4952 lacerent
3351 4897 3416 4954 de

1876 4979 1989 5017 esu.

1876 4979 1989 5022 esu.

1382 5052 1769 5111 VARIANTES
1805 5053 2201 5109 LECTIONES.

237 5157 255 5187 ι
293 5153 400 5203 Gal.
425 5165 520 5200 non
558 5150 740 5215 licebat
764 5153 837 5202 eis
859 5153 1141 5215 manducare
1159 5192 1172 5215 ,
1202 5155 1291 5202 nisi
1330 5151 1443 5215 solis
1465 5148 1742 5215 Sacerdoti-

171 5217 301 5267 bus?
326 5216 423 5264 Aut
446 5226 538 5277 non
565 5214 752 5276 legistis
785 5215 834 5263 in
873 5214 1012 5275 lege,
1037 5211 1477 5277 quia'Sacgrdotcs
1494 5213 1539 5257 in
1565 5211 1743 5277 templo

171 5281 428 5329 sabbatum
449 5271 647 5334 violant',
682 5283 732 5325 et
754 5278 859 5325 sine
883 5271 1080 5325 criiiiiue
1104 5275 1248 5324 sum?
1273 5274 1330 5322 Et
1352 5273 1565 5321 dicebat.
1597 5271 1740 5334 Vulg.

1847 5159 1940 5195 non
1961 5146 2074 5195 licet
2097 5147 2406 5206 manducare,
2432 5149 2524 5199 nisi
2548 5153 2732 5200 tantum
2748 5153 3113 5204 sacerdotibus?
3131 5153 3415 5205 Etdicebat.
3483 5160 3488 5165 ’

1910 5211 1931 5275 ξ
1965 5209 2071 5275 (ξω.
2099 5220 2327 5275 accusare
2348 5209 2496 5258 illum.
2533 5210 2674 5275 Vulg.
2701 5223 2986 5275 accusarent
3007 5229 3136 5264 eum.

1913 5270 1933 5300 ³
1972 5269 2074 5318 Gal.
2095 5271 2249 5331 stetit,
2278 5276 2330 5319 et
2353 5285 2582 5335 surgens.
2618 5269 2758 5336 iulg.
2784 5283 2837 5324 et
2859 5288 3084 5338 surgens,
3106 5277 3259 5327 stetit.

1471 5374 1832 5432 BLANCIIINI
1868 5373 2094 5430 ΝΟΤίΕ.

253 5477 330 5548 (α)
361 5476 435 5530 Ita
462 5484 517 5548 et
545 5475 664 5531 cod.
694 5475 845 5531 Cani.
892 5479 992 5542 ιξὸν
1029 5475 1105 5536 ἧν.
1145 5503 1212 5515 -
1243 5474 1316 5541 (b)
1343 5473 1415 5526 lta
1456 5480 1680 5548 _et_tex.
1709 5469 2033 5548 Grapofyoug.
2054 5499 2132 5548 ςτ-
2165 5469 2235 5540 (c)
2271 5471 2409 5548 Ante
2437 5473 2661 5548 sabbato,
2694 5473 2843 5548 deest
2888 5473 2960 5548 in,
2989 5474 3151 5528 etiam
3198 5475 3248 5548 in
3291 5476 3411 5533 cnd.

178 5540 331 5606 cumq
357 5577 430 5589 __
460 5547 538 5619 (d)
571 5548 640 5600 ha
661 5559 714 5604 et
739 5548 856 5601 end.
881 5540 1032 5600 (χηη⁸
1061 5540 1330 5619 νιν-ᾡσκὼύ.
1354 5570 1428 5619 -τ
1448 5541 1518 5611 (ε)
1538 5540 1612 5619 lia
1640 5552 1693 5595 et
1722 5540 1846 5619 90d.
1875 5542 2029 5619 galli.
2054 5540 2366 5619 λέγειττςσ)⁸
2385 5543 2453 5619 Ita
2480 5554 2536 5619 et
2556 5543 2676 5619 cod.
2695 5544 2852 5619 tiam.
2878 5544 3185 5619 iv_pieqi.—
3201 5547 3278 5619 (g)
3301 5549 3414 5603 Ad-

178 5619 407 5695 dit_i_llis,
427 5610 748 5695 etiamntext.
773 5610 1099 5695 ριῦτοιζξ.
1131 5613 1332 5695 ﬂavent
1360 5611 1518 5695 etiam
1543 5610 1778 5695 ycrcell.
1803 5622 1855 5666 et
1885 5610 2524 5695 Bl'lliait.;—-(h)'.\d'di.l‘fﬂ
2549 5614 2628 5664 ira
2657 5614 2814 5666 etiam
2841 5610 2962 5667 cod.
2984 5610 3140 5670 Cant.
3169 5610 3376 5695 3'6F7f;
3395 5659 3412 5690 ,

178 5709 243 5752 ex
269 5678 469 5744 Marco.
496 5687 641 5758 —(i)
672 5687 830 5742 Addit
851 5687 976 5739 sicut
1002 5685 1103 5738 alia
1124 5681 1316 5753 (Brix.,
1348 5683 1480 5755 sicut
1503 5682 1712 5753 altera),
1738 5693 1844 5738 tex.
1874 5696 2082 5752 quoque
2111 5678 2229 5747 Gr.',
2251 5678 2322 5742 ὥς
2352 5685 2382 5740 ἠ
2409 5679 2548 5740 ἄλλη.
3281 5678 3290 5695 ⁵
3323 5678 3360 5696 ”
