3920 6416
187 359 287 419 διε)

189 571 379 625 tionem
408 574 530 623 ves;

188 641 272 695 9.5.
315 653 470 694 iram.
500 639 612 695 Vae
633 654 727 694 vo.

182 711 266 764 'bis
289 711 516 775 saturis;

188 782 303 850 quia
331 781 536 835 esurie-

191 854 271 906 tis.
299 851 410 905 Vae
437 850 606 916 vobis,

189 922 275 990 qui
307 921 490 975 ridetis

193 1007 330 1046 nunc
351 1009 364 1054 ;
392 992 512 1061 quia

190 1062 558 1133 lugebitiget!

189 1130 276 1187 26⁷.
317 1132 530 1186 flebitis.
559 1130 692 1200 Vae,

193 1217 308 1257 cum
339 1205 475 1255 bene

191 1273 342 1327 vobis
371 1272 525 1328 dixe-

193 1344 299 1398 rint
331 1357 518 1398 omnes

194 1414 437 1467 homines
466 1430 478 1464 :
513 1413 584 1466 si-
615 1419 625 1426 '

195 1484 394 1538 militer
424 1485 498 1551 (a)
529 1482 655 1536 laci-

190 1555 350 1609 ebant
376 1553 511 1606 Pseu
526 1581 542 1591 -

190 1622 537 1689 doproiihetis

190 1695 379 1749 Patres
406 1707 614 1747 eorum.

188 1765 276 1818 27.
321 1763 430 1818 Sed
459 1764 608 1817 vobis
629 1761 750 1816 dico

193 1834 533 1888 audientibus
559 1852 571 1886 :

189 1905 406 1973 Diligite
434 1903 531 1958 ini-

190 1989 358 2029 mICOS
381 1989 500 2028 ves-

191 2055 326 2107 tros,
357 2044 566 2098 benefa-

186 2116 294 2170 cite
318 2114 418 2172 eis.
449 2115 537 2183 qui

187 2186 418 2240 oderunt
445 2199 560 2239 vos.

185 2257 276 2310 28.
322 2253 628 2310 Beucdicile

187 2325 262 2396 (ὁ)
293 2323 617 2396 malediceb-

189 2393 332 2473 tes_-i'
363 2393 581 2473 vos...(r)
608 2409 757 2473 orer
829 2417 841 2428 ο

190 2475 244 2520 te
260 2465 300 2534 ·ί-
329 2478 422 2532 pro
451 2465 567 2529 bis,
581 2466 673 2534 qui

188 2535 521 2590 calumnian-

187 2606 280 2660 29.
323 2614 405 2658 tur
435 2615 548 2658 vos.
581 2607 599 2637 ¹
631 2603 761 2660 Per-

189 2676 411 2731 cutienti
446 2683 495 2728 te

189 2747 246 2800 in
278 2745 516 2808 maxilla,

192 2831 355 2886 preve
381 2815 459 2883 (d)
491 2815 538 2870 ei
557 2815 598 2886 ’ξ’
619 2815 697 2869 al-

192 2896 384 2941 teram.
421 2886 486 2938 Et

190 2957 262 3011 ab
289 2971 377 3019 eo,
399 2956 486 3024 qui
516 2970 612 3010 au-

191 3028 332 3082 feret
363 3026 524 3081 vesti—

192 3107 437 3152 mentum

193 3176 372 3230 tuum,
395 3177 450 3222 et
481 3167 595 3234 pal-

193 3239 341 3292 leum
371 3247 518 3292 veta-

193 3308 284 3388 39.
332 3322 392 3361 re
413 3307 545 3361 noli.
577 3307 702 3361 Om-

196 3394 252 3432 ΠΙ
281 3389 461 3430 autem

1231 356 1674 416 EVANGELIUM
1715 355 2077 416 SECUNDUM
2119 356 2370 417 LUCAM.

569 473 800 531 CODEX
838 472 1372 532 VERCELLENSIS.

1002 569 1082 622 sit:
1116 568 1270 622 facile
1294 569 1394 621 eis.

1003 640 1092 694 52.
1140 640 1224 703 Et,
1253 639 1296 692 si
1327 638 1506 708 diligi-

1005 717 1085 765 tes
1112 723 1225 770 eos,
1257 709 1347 778 qui

1007 795 1102 834 vos
1130 779 1376 844 diligunt,

1007 865 1126 919 quae
1156 850 1312 902 vobis

1007 921 1172 988 gratia
1202 920 1327 974 est?

1010 1005 1130 1044 nam
1163 1001 1217 1044 et
1247 1003 1370 1056 pec-

1010 1070 1242 1120 calores,
1271 1074 1385 1122 eos,

1009 1131 1178 1199 quise
1199 1130 1321 1183 dili-

1009 1208 1156 1268 gent,
1186 1201 1433 1266 diligunt.

1011 1270 1098 1325 55.
1143 1271 1228 1330 Ει,
1254 1273 1296 1323 si
1325 1267 1538 1324 benefe-

1010 1341 1214 1402 cet-itis,
1237 1340 1325 1408 qui

1009 1409 1144 1463 bene
1176 1409 1304 1464 faci-

1011 1489 1107 1533 unt
1127 1480 1300 1544 vobis,

1010 1563 1146 1618 quae
1173 1551 1343 1620 gratia

1009 1629 1091 1674 est
1123 1621 1310 1674 vobis?
1339 1628 1417 1675 el-

1009 1691 1151 1744 enim
1186 1707 1307 1759 pec-

1011 1773 1222 1816 catores
1250 1761 1352 1816 hoc

1012 1830 1098 1884 54.
1144 1830 1361 1886 faciunt.
1388 1831 1475 1895 Et,

1011 1902 1054 1955 si
1079 1900 1286 1956 fenere-

1013 1974 1080 2025 tis
1104 1974 1204 2036 eis,
1228 1989 1258 2026 a
1286 1973 1480 2040 quibus

1010 2043 1237 2109 speratis
1265 2059 1350 2096 re-

1011 2112 1215 2180 cipere,
1238 2127 1374 2182 quae

1012 2183 1180 2251 gratia
1211 2193 1294 2237 est

1013 2253 1198 2305 vobis?
1225 2254 1424 2308 etenim

1013 2336 1324 2390 peccatores

1051 2394 1386 2447 cccatorihus

1035 2474 1276 2526 onerant,
1309 2474 1366 2516 ut

1013 2532 1078 2597 (Ι)
1103 2534 1362 2602 recipiant
1380 2533 1437 2602 -ξκ

1012 2603 1100 2656 55.
1142 2601 1524 2656 Verumtamen

1013 2671 1216 2736 diligite
1243 2673 1343 2725 itii-

1015 2757 1181 2795 mlCOS
1203 2757 1320 2796 γρεα-

1017 2821 1146 2875 lrus,
1179 2820 1231 2864 et
1262 2813 1425 2866 bene-

1016 2881 1198 2947 facite,
1226 2893 1281 2937 et
1311 2883 1385 2935 fe-

1018 2963 1225 3018 nerate,
1255 2952 1387 3006 nihil

1018 3022 1097 3092 (ς)
1126 3025 1416 3092 deSperan-

1019 3102 1099 3148 tes
1118 3093 1158 3162 ἢ
1186 3111 1198 3146 :
1226 3105 1280 3147 et
1298 3093 1399 3148 erit
1423 3108 1564 3147 mer«

1018 3178 1110 3216 COS
1137 3176 1312 3218 vestra

1020 3236 1182 3286 multa
1209 3236 1260 3287 in
1289 3249 1410 3289 cac—

1023 3303 1097 3368 lo,
1118 3315 1170 3356 et
1200 3306 1350 3358 eritis

1024 3373 1097 3425 fili
1123 3374 1365 3439 Exceisi;

2287 471 2516 530 CODEX
2545 473 2990 532 VERONENSIS.

1861 568 2059 621 tionem
2091 583 2180 622 ve-

1861 650 2046 691 stram.

1861 707 1949 760 95.
1993 708 2104 762 Vae
2131 708 2300 774 vobis,

1861 780 1950 846 qui
1984 780 2205 832 Saturali

1861 850 2021 912 estis;
2054 849 2178 913 quia

1789 930 1794 936 '
1863 921 2130 972 esurietis.

1869 988 1974 1043 Vae
1997 990 2169 1052 vobis,

1863 1062 1950 1126 qui
1982 1059 2192 1114 deride-

1865 1129 1966 1200 lis;
1999 1130 2120 1200 quia

1867 1199 2137 1265 lugebitis,
2177 1209 2229 1255 et

1867 1269 2059 1323 flebitis
2084 1285 2096 1323 :

1864 1339 1952 1392 “26.
1999 1339 2106 1392 Vae
2133 1340 2306 1404 vobis,

1867 1425 1986 1461 cum
2021 1408 2183 1464 bene-

1867 1478 2099 1534 dixerint

1867 1564 2584 1604 omn..........

1868 1635 1963 1674 nes
1995 1639 2006 1670 2
2040 1633 2164 1673 δεου
2174 1636 2232 1673 η-

1868 1691 1991 1742 dum
2023 1690 2152 1744 haec
2179 1691 2254 1760 (a)

1868 1760 2131 1814 faciebant
2152 1771 2206 1815 et

1868 1830 2356 1899 Psendoprophetis

1868 1900 2051 1955 Patres
2073 1917 2284 1956 eorum.

1865 1971 1956 2024 27.
1998 1970 2100 2026 Sed
2129 1972 2280 2026 vobis

1867 2041 2008 2098 dico.
2034 2041 2124 2111 qui

1868 2112 2065 2165 auditis
2091 2130 2103 2164 :
2134 2111 2264 2165 Dili-

1868 2184 1976 2250 gite
2004 2182 2252 2236 inimicos

1869 2263 2099 2315 vestros,
2130 2253 2267 2307 bene

1869 2322 2027 2376 facile
2057 2325 2159 2386 bis,

1865 2393 1954 2459 qui
1981 2393 2170 2446 odiunt

1868 2463 1960 2516 '28.
2004 2477 2118 2515 vos.
2156 2461 2383 2518 Benedi—

1868 2534 1973 2586 cite
2000 2533 2076 2602 (b)
2103 2535 2268 2586 male-

1868 2601 2111 2692 έίῗῗῗέίῗῗ
2135 2602 2172 2692 i
2199 2616 2318 2692 ἶίῖῗν

1868 2670 1942 2741 (c)
1966 2681 2114 2725 orate
2137 2670 2178 2741 '1'
2208 2687 2306 2741 pro

1867 2742 2203 2795 calumnian-

1866 2811 2008 2865 tibus
2040 2827 2155 2867 vos.

1866 2881 1954 2934 29.
2001 2883 2067 2934 Et
2091 2883 2178 2950 qui
2213 2887 2268 2936 te
2299 2894 2417 2949 per-

1868 2953 2099 3006 cusserit
2129 2955 2180 3005 in
2209 2966 2323 3006 ma-

1871 3023 2076 3093 xillam,
2098 3024 2300 3093 praebe

1874 3093 1948 3159 (ά)
1976 3093 2025 3147 ei
2045 3092 2085 3162 ’ξ-
2109 3092 2162 3146 et
2188 3095 2326 3147 alte-

1874 3178 2007 3216 ram.
2037 3163 2103 3217 Et
2128 3179 2274 3229 eum,

1876 3234 1962 3299 qui
1993 3234 2201 3290 auferet

1876 3303 1972 3356 tibi
2001 3307 2257 3368 tunicam,

1878 3383 1930 3423 et
1962 3377 2192 3440 pallentn
2219 3372 2326 3426 noli

2685 567 2844 623 facile
2873 568 2977 621 illis

2684 647 2737 691 et
2763 654 2855 692 vos
2886 639 3033 692 simi-
3082 644 3088 652 '

2687 709 2825 762 liter.

2686 779 2772 832 52.
2816 779 2882 833 Εῑ
2906 779 2954 853 si
2977 779 3196 853 diligitis

2685 864 2799 911 eos,
2830 852 2914 918 qui
2945 865 3039 904 vos

2687 919 2942 989 diligntit;
2976 936 3095 989 qua}

2685 989 2753 1060 (e)
2782 991 2932 1044 vobis
2953 991 2988 1060 οἳ
3009 1009 3161 1060 gra-.

2684 1061 2796 1112 tia?
2827 1076 2944 1112 nam
2969 1073 3021 1115 et

2689 1141 2996 1195 peccatores
3025 1133 3110 1187 di-

2688 1200 2912 1259 ligentes
2941 1217 3020 1266 se,

2688 1272 2774 1345 55.
2816 1272 3059 1345 diligunt.
3087 1276 3170 1345 Ει,
3195 1280 3241 1335 si

2689 1341 3058 1396 benefeceritis

2691 1411 2793 1474 his,
2824 1415 2910 1479 qui
2943 1413 3093 1470 vobis

2692 1483 3053 1550 benefaciunt,

2691 1567 2825 1620 quae
2855 1555 3005 1606 vobis

2690 1623 2792 1676 erit
2824 1625 3028 1690 gratia?

2690 1708 2811 1746 nam
2846 1701 2900 1747 et
2926 1710 3053 1762 pec-

2688 1771 2900 1818 catores
2932 1766 3064 1821 haec
3109 1790 3111 1792 ·

2689 1835 2778 1890 54.
2823 1835 3040 1889 faciunt.
3072 1838 3137 1893 Et

2689 1903 2735 1956 sl
2768 1915 3008 1960 mutuum

2689 1972 2945 2029 dederitis
2969 1977 3052 2031 his
3077 2019 3091 2040 ,

2689 2056 2718 2092 8
2749 2048 2941 2113 quibus
2958 2062 3087 2116 spe-

2691 2126 2822 2169 ratis
2848 2131 2944 2170 VOS
2965 2133 3049 2172 re-

2692 2185 2890 2256 cipere,
2921 2201 3057 2256 quae

2693 2255 2862 2323 gratia
2891 2255 2972 2311 est
3001 2273 3098 2313 vo-

2695 2326 2777 2379 bis
2803 2326 2826 2378 ?
2855 2342 3033 2383 nonne

2695 2406 2749 2448 et
2777 2407 3026 2464 peccato-

2695 2480 2782 2518 res
2815 2478 3058 2532 peccato-

2695 2534 2845 2589 ribus
2876 2537 3058 2592 faene-

2695 2615 2811 2678 rant
2837 2645 2855 2669 ,
2888 2621 2942 2678 ut
3066 2622 3151 2663 re.

2693 2675 2891 2745 cipiant

2694 2744 2782 2798 55.
2831 2744 3187 2805 Ver'untamen

2695 2825 2871 2869 amate
2901 2818 3002 2870 ini-

2695 2886 2864 2940 micos
2884 2902 3097 2946 vestros
3123 2933 3140 2958 ,

2697 2965 2750 3010 et
2781 2960 3074 3015 benefacile
3099 3003 3115 3029 ,

2696 3035 2753 3080 et
2778 3043 3020 3085 mutuum

2697 3096 2852 3157 date.
2887 3101 3016 3154 nihil

2701 3167 2783 3239 (gi
2805 3170 3098 3239 desperan-

2703 3248 2781 3291 tes
2808 3241 2864 3310 ἧς
2893 3251 2945 3295 et
2972 3244 3075 3296 erit

2703 3323 2910 3364 merces
2935 3325 3114 3366 vestra

2707 3381 2892 3446 multa,
2925 3393 2978 3434 et
3001 3385 3111 3436 eri-

3344 365 3452 421 550

1025 3440 1275 3522 quoniam
1305 3512 1316 3523 ο

1026 3526 1143 3579 Ipse
1169 3526 1350 3564 suavis

1027 3588 1110 3634 est.
1130 3597 1291 3648 super
1317 3582 1395 3632 itt—

197 3447 442 3512 poscenti
467 3455 540 3512 te,

194 3515 265 3569 da
300 3532 313 3567 :
347 3528 399 3568 et
427 3517 493 3569 ab
533 3529 597 3568 eo

194 3588 289 3643 oni
322 3583 465 3637 tollit
490 3592 604 3645 tua,

197 3668 448 3716 reperere
1024 3660 1228 3718 gratos,
1257 3662 1312 3705 ct
1341 3666 1432 3705 ne-

197 3725 289 3779 51.
333 3722 465 3775 noli.
489 3721 578 3787 Et,
611 3735 798 3791 quem-
1024 3734 1177 3791 quas.

198 3793 490 3862 admodum
632 3790 635 3791 ⁷
1027 3790 1116 3843 56.
1160 3790 1240 3862 (Ii)
1268 3791 1451 3846 Eslole
1477 3791 1518 3861 -ξο
1549 3791 1708 3846 misc-

198 3863 362 3917 vultis
390 3872 448 3916 ut
468 3860 546 3915 fa-

199 3935 348 3987 ciant
385 3933 537 3986 vobis

203 4005 478 4084 homines,

1028 3863 1291 3925 ricordes,
1323 3863 1399 3915 si-
1495 3899 1498 3902 .

1028 3941 1120 3985 cut
1144 3942 1198 3986 et
1215 3932 1373 4014 Pater

1029 4013 1206 4058 vester
1231 4013 1394 4058 mise-

1878 3441 1966 3494 50.
2009 3444 2316 3511 prohibere.
2345 3439 2506 3494 Omni

1882 3513 2082 3578 petenti
2115 3521 2182 3575 te,
2213 3513 2306 3566 tri-

1881 3582 2028 3652 huc;
2057 3592 2110 3636 ct
2132 3587 2218 3652 qui
2243 3597 2342 3636 au-

1881 3650 2026 3705 feret
2045 3669 2073 3703 a
2104 3650 2175 3715 te,
2201 3667 2337 3721 quae

1883 3730 1972 3774 tua
1995 3734 2143 3785 sunt,
2176 3722 2285 3776 noli

1884 3793 2191 3859 prohibere.

1884 3863 1974 3916 51.
2015 3863 2104 3926 Et,
2137 3869 2293 3932 prout
2319 3861 2439 3915 vul-

1888 3933 1957 3986 tis
1987 3944 2044 3987 ut
2077 3933 2275 3986 faciant

1886 4004 2040 4056 vobis
2063 4003 2326 4068 homines,

2709 3449 2774 3502 tis
2802 3451 2874 3504 lili
2907 3453 3104 3507 altissi-

2709 3521 2819 3588 mi;
2851 3523 2972 3588 quia

2709 3587 2822 3656 ipse
2852 3587 3113 3656 benignus

2707 3671 2789 3709 cst
2817 3674 2977 3727 super
3014 3677 3133 3730 gra-

2709 3733 2788 3779 tos
2809 3768 2822 3790 ,
2879 3742 2929 3784 et
2960 3733 3148 3783 malos.

2707 3795 2794 3877 55.
2839 3798 2918 3877 (lt)
2952 3799 3133 3877 Estote

2611 3899 2614 3902 ~
2707 3871 3099 3934 misericordes,

2713 3936 2851 3989 sicut
2879 3948 2931 3990 et
2952 3937 3110 3993 Pater

2713 4017 2892 4059 veSter
2914 4008 3074 4061 misc-

1505 4092 1736 4148 CODEX
1773 4092 2166 4148 BRIXlANUS.

204 4193 410 4247 tionem
458 4197 718 4244 vestram.
774 4186 882 4242 Vae
927 4187 1078 4242 vobis
1102 4187 1192 4254 qui
1214 4187 1439 4240 saturati
1472 4186 1604 4238 estis
1627 4197 1773 4254 nunc

200 4263 331 4333 quia
352 4260 622 4333 esurietis.
657 4258 763 4333 Vae
788 4258 939 4312 vobis
959 4258 1056 4333 ‘qui
1085 4253 1272 4333 ridetis
1303 4269 1446 4333 nunc
1465 4257 1592 4333 quia
1626 4253 1776 4321 luge-

204 4325 333 4388 liitis
354 4343 410 4386 et
430 4331 646 4385 ﬂebitis.
674 4328 784 4382 Vae
813 4343 932 4379 cuiu
958 4327 1091 4380 bene
1119 4326 1266 4378 vobis
1309 4325 1544 4379 dixerint
1586 4337 1775 4375 Otttttcs

204 4403 458 4459 homines
505 4398 798 4454 secundum
846 4398 975 4449 haec
1001 4396 1078 4464 (a)
1111 4396 1374 4450 iaciebant
1399 4406 1452 4449 et
1485 4394 1775 4464 I’ropbetis

204 4473 399 4529 Patres
429 4486 633 4523 eorum.
661 4467 763 4523 Sed
790 4467 936 4520 vobis
960 4465 1082 4518 dico
1113 4469 1199 4535 qui
1224 4466 1418 4520 auditis
1441 4464 1653 4532 liiligite
1676 4463 1776 4515 ini-

204 4546 383 4598 miCOS
420 4553 626 4596 vestros
653 4537 943 4591 benefacite
975 4539 1054 4589 bis
1079 4538 1167 4605 qui
1198 4552 1296 4590 vos
1327 4541 1574 4590 oderunt.
1610 4536 1778 4586 Bene-

205 4615 374 4666 dicite
417 4609 857 4664 maledicimtibns
901 4607 1531 4677 γ‹)1)ἰς.(ε)01·3[ρ“ξ·νι·0
1578 4605 1780 4677 calum-

207 4683 483 4737 niantibus
517 4680 688 4731 Vobis.
721 4687 774 4730 et
813 4679 899 4745 qui
956 4684 1007 4730 te
1051 4675 1452 4744 percusseritin
1484 4675 1778 4738 maxillam,

210 4752 411 4822 praebe
434 4749 511 4817 id)
537 4751 607 4800 illi
640 4749 759 4822 fet
785 4749 1034 4822 alteram.
1063 4748 1272 4822 Etcum
1302 4746 1634 4822 qiii‘auferet
1684 4746 1779 4822 tibi

207 4815 594 4875 vestimentum
627 4815 785 4871 etiam
814 4821 1044 4871 tttniCam
1088 4819 1196 4871 noli
1248 4815 1552 4885 prohibere.
1594 4815 1782 4869 Omnia

209 4902 395 4948 autem
430 4888 628 4958 petenti
649 4903 697 4941 te
722 4889 915 4958 tribue,
938 4888 1077 4940 etab
1101 4892 1274 4956 eoqni
1297 4889 1507 4958 auferet
1532 4902 1670 4958 quae
1696 4895 1784 4958 tua

209 4973 341 5018 sunt
373 4955 441 5014 ne
467 4972 694 5026 repetas.
748 4957 813 5011 Et
840 4961 978 5010 sicut
1004 4959 1164 5011 vultis
1195 4968 1251 5009 ut
1276 4957 1472 5010 faciant
1511 4957 1662 5026 Vobis
1693 4955 1789 5026 lio-

211 5035 414 5089 mines.
448 5039 502 5084 et
532 5025 625 5082 vos
667 5028 829 5083 facile
860 5028 963 5081 illis
987 5027 1251 5081 similiter.
1292 5027 1346 5082 Si
1375 5029 1517 5080 enim
1564 5025 1787 5094 diligitis

1879 4199 1974 4238 eos
2015 4183 2104 4251 qui
2137 4195 2230 4235 vos
2286 4181 2532 4250 diligunt.
2564 4196 2701 4251 quae
2727 4184 2879 4237 vobis
2906 4188 3188 4244 retributio
3214 4203 3315 4248 est.
3349 4206 3462 4253 etc-

1881 4253 1990 4306 niin
2019 4263 2325 4316 peccatores
2348 4253 2629 4322 diligentes
2655 4267 2713 4306 se
2740 4253 2986 4323 diligunt.
3021 4258 3088 4313 Et
3113 4263 3156 4315 si
3186 4265 3465 4323 beneltgcc-

1883 4325 2000 4376 ritis
2023 4323 2103 4375 his
2132 4323 2219 4390 qni
2250 4324 2400 4376 vobis
2448 4323 2808 4378 benefaciunt.
2841 4343 2978 4394 quae
3002 4333 3154 4386 vobis
3185 4337 3466 4392 retributio

1881 4401 1983 4448 est.
2036 4409 2154 4445 nam
2191 4403 2243 4446 et
2289 4403 2600 4462 peccatores
2644 4396 2776 4448 haec
2814 4395 3031 4453 faciunt.
3059 4401 3196 4456 Etsi
3227 4417 3463 4460 mutuum

1881 4465 2138 4538 dederitis
2167 4463 2268 4516 his.
2313 4478 2342 4516 a
2372 4464 2565 4532 quibus
2595 4467 2820 4531 speratis
2865 4471 3103 4537 recipere
3143 4490 3277 4538 quae
3317 4477 3466 4531 vobis

1883 4535 2163 4588 retributio
2188 4544 2268 4587 cst
2314 4552 2432 4586 nam
2463 4546 2515 4588 et
2543 4545 2870 4607 peccatores.
2919 4535 3287 4607 peccatoribus
3321 4547 3467 4599 fene-

1884 4617 2071 4680 rantttr
2110 4617 2163 4658 ut
2211 4605 2766 4680 recipiant_aequ_ali_a.
2807 4605 3208 4671 Verumtamen.
3263 4614 3468 4680 diligite

1884 4676 2128 4729 inimicos
2152 4687 2374 4729 vestros.
2404 4684 2458 4727 et
2481 4674 2776 4729 benefacite
2805 4687 2860 4730 et
2906 4691 3144 4733 mutuum
3190 4683 3332 4737 date.
3362 4674 3467 4738 "ni-

1887 4746 1960 4798 hil
2007 4753 2084 4815 (g)
2131 4746 2496 4815 deSpt-rantes.
2529 4743 2569 4812 -ι-
2599 4754 2653 4796 et
2680 4747 2782 4799 erit
2811 4749 3015 4803 merces
3063 4761 3238 4805 vestra
3280 4756 3466 4808 multa.

1885 4824 1940 4893 et
1983 4814 2135 4870 eritis
2183 4817 2274 4867 lilii
2313 4814 2593 4893 Altissiun.
2627 4815 2749 4880 quia
2781 4818 2894 4893 ipse
2925 4821 3184 4893 benignus
3205 4837 3286 4876 est
3308 4841 3472 4893 super

1888 4887 2130 4956 ingratos
2151 4897 2200 4937 et
2237 4887 2408 4955 nialos
2446 4883 2630 4939 Estote
2657 4900 2782 4953 ergo
2798 4883 3207 4948 iniserico'rdes.
3252 4883 3392 4950 sicui
3417 4903 3472 4950 et

1888 4957 2049 5011 Pater
2089 4965 2270 5017 vester
2296 4957 2459 5008 mise-
2709 5003 2720 5014 ,
3386 4989 3388 4991 ,

1515 5114 1742 5172 ΟΟΒΕΧ
1777 5105 2242 5169 CORBEIENSIS.

291 5217 382 5274 55.
426 5223 666 5269 mutuum
693 5213 833 5278 date,
877 5210 1010 5266 nihil
1034 5212 1399 5282 desperantes.

1985 5201 2073 5255 56.
2116 5199 2300 5253 Estote
2321 5196 2718 5270 misericordes,
2740 5203 2926 5260 omin
2945 5219 3095 5277 ergo.

1427 5322 1817 5384 VARIANTES
1851 5315 2251 5376 LECTIONES.

284 5406 302 5437 ι
339 5403 446 5453 Gal.
472 5402 727 5464 percussit.
752 5396 932 5450 recenti
953 5401 1115 5460 inanti,
1151 5400 1471 5461 percusserit.
1501 5398 1648 5462 Vulg.
1679 5393 1904 5459 percutit.

1524 5473 1885 5534 BLANCHINI
1925 5469 2149 5528 NOTAE.

296 5584 370 5655 (a)
396 5581 562 5655 Deest
585 5579 739 5655 enim,
765 5574 1006 5655 etiamin
1036 5575 1156 5655 cod.
1177 5575 1433 5655 .Cant._—
1456 5573 1533 5645 (ὁ)
1563 5570 1735 5655 [tonet
1757 5579 1871 5655 lex.
1901 5566 2438 5655 ξςῖιγατσξρτςμένοιέςε
2464 5593 2537 5655 :-
2666 5569 3006 5655 spte‘orate,
3036 5570 3185 5655 deest
3215 5574 3476 5651 et,_etiatn

225 5659 279 5710 ξι,
300 5637 432 5710 ‘céd.
458 5652 612 5706 Cant.
634 5679 703 5691 —
721 5637 801 5720 (ά)
834 5645 1058 5720 Additur
1085 5648 1150 5720 ei.
1177 5648 1227 5701 in
1256 5645 1387 5703 (30(1-
1413 5637 1795 5720 αὲξθῖιυϐβωις.
1826 5647 1879 5694 et
1904 5637 2062 5720 90th.
2104 5637 2244 5720 ᾳύίτῷ
2268 5667 2340 5720 ;-_
2366 5637 2436 5720 (ξ)
2463 5637 2590 5693 Post
2614 5637 2948 5720 vobiszndeest
2976 5651 3071 5720 εει,
3101 5643 3344 5720 etiamin
3365 5655 3473 5701 lex.

224 5706 532 5794 δήῶδε,
551 5721 620 5794 (ί)
645 5706 1070 5794 ροξίτςεξρξαηι,
1103 5706 1256 5794 deest
1283 5706 1737 5794 (ιριιιςιιίιὶιι,ἰοξξιλιιηΔ
1763 5710 1813 5765 in
1829 5709 2143 5794 _co‘d._‘Cant.
2169 5706 2233 5746 -ι
2261 5707 2340 5777 (9)
2371 5706 2724 5778 Πειρενσηιεε.
2749 5707 2947 5764 Textus
2973 5706 3064 5765 Gr.
3095 5712 3476 5780 ἀπιλπίζοντει.
3542 5754 3550 5758 -

433 5777 784 5858 Ροθῖἓειοιε,
815 5777 965 5845 deest
991 5777 1131 5858 ergo,
1167 5790 1326 5843 ctiam
1354 5777 1428 5842 'in
1460 5783 1578 5839 cod.
1607 5781 1764 5837 (lant.
1792 5777 2027 5838 etGotb.
