5106 6452
1444 342 1541 397 531
1966 338 2228 398 EUSEBII
2267 338 2601 399 V'ERCELL.
2634 331 3077 396 EVANGELIUM
3115 331 3253 390 CUM
3294 331 3517 391 VARIIS
3542 332 3698 390 COD.
3736 330 4125 390 COLLATUM.

1822 452 2052 510 CODEX
2074 455 2599 512 VERCELLENSIS.

1441 548 1532 603 37.
1573 556 1737 600 retur.
1760 545 1905 601 Noli-

1445 627 1496 671 te
1520 616 1779 684 judicare,

1444 702 1511 742 ne
1536 686 1815 755 indicemi-

1446 758 1498 811 ni
1531 773 1544 809 :
1578 756 1738 810 nolite
1757 770 1884 811 con-

1446 826 1719 887 demutare,

1449 906 1504 948 ιιι
1532 911 1632 949 non
1656 911 1782 950 0011-

1446 964 1741 1019 demnemi-

1449 1035 1521 1088 ni.
1546 1036 1776 1089 Dimitti-

1449 1112 1520 1165 te,
1545 1115 1597 1159 et
1614 1105 1845 1157 dimitte-

1447 1173 1534 1228 38.
1576 1175 1725 1228 mini.
1757 1174 1907 1238 Date,
1937 1182 1991 1228 ct

1446 1243 1658 1297 dabitur
1692 1260 1787 1298 vo-

1446 1312 1528 1367 bis
1552 1331 1565 1375 ;
1590 1328 1801 1367 mensu-

1447 1397 1560 1435 ram
1586 1384 1799 1445 bonam,

1447 1449 1820 1551 iaifff‘ilfil'fi'll’

1495 1523 1834 1587 Cumuiatam,

1447 1591 1777 1660 superﬂuen-

1449 1661 1620 1741 tein_-j-
1644 1661 1844 1715 dabunt

1448 1746 1499 1784 ιη
1530 1746 1648 1785 διιιυ
1671 1745 1787 1784 VES-

1451 1809 1556 1853 tro.
1586 1799 1782 1853 Eadem

1454 1883 1782 1931 mensuram,

1454 1954 1556 2007 qua
1583 1939 1800 2002 nietitis,

1456 2011 1765 2062 remetietur

1453 2079 1620 2132 vobis.

1449 2148 1539 2203 59.
1584 2147 1798 2202 Dicebat
1828 2161 1923 2200 au-

1450 2227 1553 2272 tem
1576 2228 1629 2272 et
1652 2232 1795 2281 para-

1448 2286 1621 2340 bolam
1644 2288 1746 2341 illis
1777 2303 1791 2339 :

1445 2355 1709 2424 Numquid

1447 2434 1620 2494 potest
1648 2439 1773 2479 cae-

1447 2511 1541 2549 CIIS
1564 2508 1780 2549 caecum

1447 2565 1684 2619 ducere?
1712 2578 1847 2617 non-

1447 2650 1515 2689 ne
1543 2636 1749 2701 utrique

1447 2704 1500 2758 in
1533 2704 1734 2759 foveam

1446 2775 1533 2828 40.
1579 2772 1851 2827 incident?
1879 2771 1993 2844 Non

1448 2855 1530 2898 est
1551 2844 1761 2897 discens

1447 2927 1609 2982 super
1635 2928 1746 2966 ma-

1446 2985 1669 3051 gistrum
1693 3000 1705 3034 :

1448 3067 1729 3106 υυιιδυιιιίι-

1452 3131 1534 3176 [US
1561 3132 1738 3175 autent

1448 3192 1621 3245 omnis
1651 3191 1771 3255 erit,

1449 3265 1492 3316 si
1520 3261 1589 3315 sit
1612 3262 1749 3316 sicut

1451 3335 1702 3400 magister

1452 3401 1612 3453 illius.

1450 3468 1537 3524 41.
1580 3466 1715 3534 Quid
1746 3473 1920 3520 autem

1452 3538 1603 3592 vides
1634 3537 1795 3590 festu-

1451 3624 1566 3665 cam
1596 3608 1651 3663 in
1678 3621 1800 3662 ocu-

2256 546 2309 600 lo
2337 547 2511 601 fratris

2257 618 2350 679 tui,
2382 616 2578 670 trabem

2255 698 2427 741 autem
2453 728 2466 748 ,
2497 699 2629 755 quae

2258 758 2311 810 in
2338 762 2491 814 oculo
2524 770 2609 808 tuo

2259 836 2361 892 est,
2395 842 2498 883 non
2518 840 2649 879 con-

2255 896 2344 949 42.
2386 900 2585 951 sideras
2610 893 2632 946 ?
2659 892 2761 947 Aut

2257 968 2521 1033 quomodo
2562 977 2653 1031 po-

2261 1044 2341 1089 tes
2378 1037 2553 1091 dicere

2260 1104 2409 1159 fratri
2444 1117 2567 1159 tuo:
2599 1101 2669 1171 (ο)
2700 1100 2773 1155 si-

2261 1190 2328 1228 ne
2348 1175 2386 1244 ‘j‘
2413 1176 2597 1244 eiciam

2261 1242 2517 1299 festucam
2545 1242 2613 1295 de

2259 1315 2412 1369 oculo
2441 1324 2559 1368 tuo:
2595 1310 2670 1380 (ά)
2696 1316 2750 1365 et
2776 1324 2869 1366 ec-

2264 1398 2325 1437 ce
2354 1386 2403 1437 in
2429 1382 2580 1438 oculo
2609 1390 2697 1433 tuo
2726 1389 2835 1433 tra-

2263 1454 2354 1507 bes
2385 1454 2624 1507 subiacet
2650 1449 2728 1518 1‘?

2265 1523 2545 1593 llypocrita
2572 1561 2586 1583 ,

2266 1594 2377 1647 eice
2408 1594 2635 1660 primum

2267 1663 2466 1715 trabem
2496 1661 2563 1714 de

2266 1732 2419 1783 oculo
2443 1742 2532 1782 tuo
2552 1745 2566 1792 ;
2600 1736 2652 1783 et

2265 1808 2387 1853 tunc
2414 1801 2433 1831 ¹
2456 1798 2661 1866 perspi-

2265 1868 2375 1923 cies
2400 1868 2575 1922 eicere

2265 1937 2520 1993 festucam

2267 2007 2333 2061 de
2360 2008 2515 2063 oculo
2538 2006 2643 2060 fra-

2265 2076 2353 2131 45.
2400 2079 2491 2131 tris
2523 2075 2617 2130 tui.
2643 2074 2756 2131 Non

2267 2157 2347 2201 est
2371 2150 2530 2201 arbor

2264 2216 2422 2283 bona,
2453 2217 2649 2270 iaciens

2265 2286 2460 2339 fruetus
2491 2302 2601 2339 ma-

2262 2353 2340 2408 los
2367 2372 2381 2408 :
2412 2369 2507 2409 nec
2531 2368 2619 2407 ar-

2260 2422 2357 2479 bor
2382 2426 2536 2488 mala,
2572 2424 2647 2476 fa-

2258 2494 2403 2547 ciens
2426 2493 2565 2547 fruc-

2257 2562 2347 2617 44.
2391 2572 2473 2616 tus
2499 2565 2687 2617 bonos.
2728 2558 2769 2615 U
2782 2590 2803 2602 -

2260 2647 2566 2701 naquaeque

2258 2703 2420 2756 arbor
2437 2717 2497 2755 ex
2526 2702 2668 2757 fruco

2261 2780 2313 2825 tu
2347 2787 2443 2826 suo
2466 2771 2643 2826 diuos-

2260 2842 2413 2911 citur.
2444 2841 2624 2911 Neque

2265 2911 2335 2981 (ε)
2366 2910 2545 2981 legunt
2574 2911 2640 2965 de

2262 2980 2430 3047 spinis
2459 2986 2497 3048 ’ξ’
2524 2980 2653 3034 ficus
2676 2997 2692 3044 ;

2263 3049 2356 3103 sed
2389 3065 2483 3102 nec
2512 3048 2582 3103 de

2264 3119 2398 3172 rubo
2428 3118 2608 3171 vinde-

2262 3190 2426 3241 miant
2447 3202 2622 3241 uvam.

2260 3258 2346 3311 45.
2390 3258 2565 3311 Bonus
2596 3258 2737 3312 enim

2263 3327 2438 3389 homo,
2461 3329 2527 3381 de
2555 3328 2653 3380 bo-

2262 3411 2331 3449 no
2361 3397 2380 3424 ³
2417 3398 2666 3451 thensau-

2269 3481 2331 3517 ro
2360 3468 2534 3520 cordis
2564 3470 2657 3521 sui?

2263 3538 2462 3604 profert
2491 3540 2582 3589 bo-

2264 3618 2422 3671 num;
2463 3618 2513 3659 et
2546 3606 2610 3675 (ι’)
2633 3620 2723 3659 ue-

3519 445 3747 501 CODEX
3776 443 4217 501 VERONENSIS.

3100 542 3192 596 57.
3239 534 3405 595 retur.
3444 539 3617 595 Nolite

3097 610 3355 678 judicare,
3385 619 3440 663 et

3102 680 3168 733 de
3192 680 3341 733 Vobis
3370 696 3474 732 non

3099 750 3452 816 judicabitur:

3103 820 3269 872 nolite
3296 832 3427 871 eun-

3104 888 3358 941 deninare
3377 930 3391 951 ,
3415 897 3467 942 et

3104 973 3209 1011 nou
3239 958 3490 1011 condent-

3106 1028 3325 1080 namini.
3363 1028 3448 1081 Di-

3104 1097 3295 1150 miuite
3321 1106 3374 1150 et

3106 1166 3464 1220 dimittemini.

3107 1238 3193 1297 38.
3240 1238 3388 1299 Date,
3419 1246 3473 1290 et
3502 1235 3595 1289 da-

3108 1305 3248 1359 bitur
3273 1306 3423 1361 vobis
3450 1324 3461 1358 :

3107 1391 3409 1430 mensuram

3106 1446 3319 1515 b0nam.
3356 1446 3428 1515 (a)
3456 1458 3584 1498 con-

3109 1514 3322 1580 fersam,
3354 1514 3482 1569 eon-

3109 1596 3337 1648 motam,
3367 1601 3455 1638 su—

3110 1655 3509 1723 pereffluentem
3536 1654 3574 1720 -ί-

3113 1726 3314 1778 daliuut
3343 1725 3392 1776 in

3109 1796 3283 1847 sinum
3311 1804 3563 1848 vestrum.

3112 1864 3310 1918 Eadem
3338 1881 3482 1918 men-

3112 1949 3309 1997 suram,
3341 1949 3439 2001 qua

3112 2006 3311 2057 metitis
3332 2046 3346 2066 ,
3380 2006 3453 2073 (b)
3483 2018 3591 2057 mc-

3114 2074 3273 2126 tietur
3364 2076 3533 2126 vobis.

3113 2144 3201 2197 39.
3244 2144 3458 2197 Dicebat
3488 2153 3660 2197 autem

3114 2213 3221 2265 illis
3248 2225 3301 2265 et
3329 2214 3477 2265 simi-

3114 2282 3388 2335 litudinem

3115 2354 3266 2403 istum
3294 2370 3305 2403 :
3340 2352 3504 2404 Num-

3110 2422 3235 2489 quid
3271 2431 3440 2488 potest
3466 2434 3589 2473 cac-

3110 2504 3204 2543 CUS
3232 2506 3391 2543 CﬂCCO

3112 2559 3355 2614 ducatum
3385 2577 3541 2630 prae-

3110 2630 3278 2685 bere?
3310 2649 3485 2687 nonne

3075 2718 3085 2723 ~
3116 2703 3271 2753 ambo
3305 2702 3353 2755 in
3384 2704 3466 2756 fo-

3110 2786 3258 2824 veant
3285 2773 3475 2827 cadent
3498 2774 3520 2824 ?

3109 2838 3198 2893 49.
3238 2842 3353 2896 Non
3384 2842 3483 2898 est'
3500 2842 3580 2895 di—

3110 2913 3343 2977 scipulus
3373 2928 3534 2981 super

3112 2984 3475 3047 magistratum
3504 2998 3517 3034 :

3112 3051 3374 3117 perfectus
3394 3069 3486 3104 au-

3113 3130 3218 3173 tem
3242 3119 3363 3182 erit,
3399 3131 3458 3174 ut

3110 3190 3182 3241 sit
3208 3191 3343 3243 sicut
3370 3206 3485 3243 ma-

3114 3259 3279 3325 gister
3308 3259 3443 3327 ejus.

3112 3329 3201 3381 41.
3242 3328 3378 3395 Quid
3410 3337 3585 3383 autem

3113 3399 3263 3451 vides
3289 3397 3454 3453 festu-

3110 3482 3226 3522 cam
3263 3470 3311 3521 in
3343 3469 3497 3525 oculo

3112 3537 3290 3591 fratirs
3317 3540 3411 3603 tui,

3112 3609 3316 3661 trabem
3348 3624 3438 3663 au-

2753 3715 2977 3768 CUDEX
3018 3712 3400 3771 BRIXIANUS.

3922 547 4025 593 tem
4054 553 4189 605 quae

3920 609 3973 662 in
4004 610 4160 663 oculo

3919 686 4011 732 tuo
4043 689 4145 743 est,
4178 692 4283 733 non

3918 748 4228 803 consideras
4250 749 4273 800 ?

3917 819 4006 872 42.
4047 821 4150 873 Aut
4187 831 4407 888 quomo-

3921 888 3990 941 do
4024 897 4174 955 potes

3922 957 4098 1011 dieere
4130 958 4277 1012 fratri

3926 1035 4015 1079 tuo
4046 1027 4117 1097 (ε)
4141 1030 4256 1082 sine
4277 1028 4317 1095 ’ἲ

3922 1098 4107 1151 eiciam
4139 1100 4305 1151 festu-

3921 1180 4036 1219 cam
4069 1168 4134 1220 de
4155 1170 4309 1221 oculo

3922 1247 4041 1299 tuo;
4076 1238 4155 1307 (ά)
4181 1247 4233 1291 et
4255 1252 4379 1292 ecce

3923 1308 3975 1358 in
4006 1308 4159 1360 oculo
4190 1317 4280 1362 tuo

3924 1376 4090 1429 trabis
4120 1378 4298 1446 subja-

3921 1455 4005 1526 cet
4032 1447 4070 1515 ’ξ’
4098 1447 4121 1499 ?
4151 1449 4327 1526 l_lypo-

3923 1519 4055 1569 crita
4085 1558 4099 1580 ,
4130 1519 4244 1573 eice

3924 1590 4151 1655 primum
4186 1599 4294 1643 tra-

3924 1660 4044 1710 bem
4076 1656 4141 1711 de
4169 1673 4295 1713 ocu-

3927 1726 3978 1779 lo
4005 1735 4095 1780 tuo
4118 1744 4131 1789 ;
4161 1737 4215 1783 et

3926 1799 4355 1867 tuucrespicies,

3925 1875 3982 1919 ut
4006 1866 4199 1921 educas
4227 1873 4387 1921 testu-

3927 1950 4041 1989 cam
4074 1937 4140 1991 de
4170 1952 4298 1992 ocu—

3931 2006 3984 2058 lo
4019 2007 4197 2061 fralris
4226 2008 4320 2061 tui.
4386 2014 4389 2017 ’

3927 2074 4013 2130 45.
4055 2076 4168 2131 Non
4196 2088 4313 2132 est.
4360 2116 4373 2129 .
4419 2116 4429 2127 .
4476 2111 4489 2125 .

3924 2146 4083 2198 arbor
4113 2149 4269 2210 bona,

3925 2230 4060 2281 quae
4084 2218 4204 2270 fecit

3926 2286 4128 2339 fructus
4156 2286 4321 2339 malos
4344 2302 4359 2347 ς

3928 2368 4099 2419 neque
4126 2358 4319 2411 iterum

3926 2424 4083 2478 arbor
4111 2426 4271 2489 mala,

3927 2494 4123 2549 faciens
4151 2497 4349 2550 fructos

3922 2562 4014 2617 Η.
4059 2567 4244 2620 bonos.
4282 2565 4419 2620 Una-

3927 2649 4164 2705 guaeqne
4186 2652 4273 2689 ar-

3926 2703 4022 2758 bor
4046 2703 4113 2760 ex
4136 2707 4307 2760 fructu

3929 2787 4026 2844 suo
4050 2782 4422 2844 cognoscetur.

3926 2843 4107 2913 Neque
4125 2843 4197 2905 le)
4222 2846 4296 2901 le-

3930 2924 4058 2985 gunt
4084 2916 4152 2970 de
4174 2915 4278 2985 spi-

3930 2988 4013 3037 nis
4034 2984 4074 3054 -ξ-
4102 3001 4263 3049 uvas;

3931 3070 4101 3123 neque
4130 3055 4199 3110 de

3930 3125 4063 3204 rubo
4078 3124 4269 3204 vinde—

3928 3202 4091 3245 miant
4124 3207 4299 3245 uvam.

3927 3261 4019 3313 45.
4062 3261 4237 3314 Buuus
4263 3259 4403 3315 enim

3929 3330 4109 3391 homo,
4135 3331 4203 3386 de
4228 3330 4367 3385 bono

3934 3401 4224 3455 thensauro

3930 3471 4106 3524 cordis
4131 3472 4212 3523 sui

3933 3541 4355 3631 $952922“?
4382 3556 4398 3607 δ

3931 3621 3983 3666 et
4012 3610 4078 3681 (D
4109 3611 4277 3665 malus
4297 3610 4360 3680 ἦε,

4562 335 4671 389 559.

1452 3816 1619 3870 ricors
1648 3820 1746 3867 est.
1774 3808 1949 3864 Nolite
1964 3807 2225 3878 judicare.
2243 3820 2326 3878 ne
2343 3804 2673 3878 judicemini.
2701 3805 2862 3878 nolite
2882 3820 3009 3878 con-

1453 3885 1889 3939 dcuinarectnon
1908 3874 2409 3933 cn'ndemnabimini.
2439 3876 2691 3928 Dimititte
2708 3888 2760 3928 et
2792 3874 3008 3927 dimitti-

1457 3957 1655 4008 tennni.
1682 3954 1806 4005 Date
1825 3962 1879 4004 et
1897 3951 2107 4004 davitur
2127 3946 2273 3999 vobis
2298 3960 2596 3998 mensuram
2622 3947 2809 3997 boiiam
2827 3961 3007 3997 minu-

1457 4024 1613 4075 latam
1637 4034 1690 4075 et
1714 4022 2133 4091 cmigitatam._et
2169 4032 2327 4083 super
2355 4015 2710 4069 effundentem
2733 4015 2934 4069 dabunt
2954 4018 3003 4091 in

1457 4094 1627 4144 sinum
1676 4086 1906 4143 vestrum
1964 4088 2156 4141 Eadem
2212 4101 2353 4140 cntm
2398 4100 2644 4140 mensura
2689 4102 2788 4155 qua
2832 4086 3001 4140 mensi

1459 4160 1661 4213 fueritis
1694 4160 2004 4214 remetietur
2032 4158 2198 4211 Vobis.

1533 4231 1745 4281 Dicebat
1772 4243 1945 4281 autem
1977 4230 2153 4281 illiset
2183 4225 2601 4279 similitudinem.
2637 4224 2878 4292 Nunquid
2910 4240 3005 4293 po-

1462 4308 1559 4353 test
1591 4311 1781 4349 tacens
1806 4313 2018 4349 Caecum
2060 4297 2272 4348 ducere.
2301 4295 2487 4348 'noulte
2530 4296 2685 4346 ambo
2720 4298 2768 4347 in
2803 4299 3005 4347 foveam

1458 4373 1669 4422 Cadent.
1693 4364 1805 4418 Non
1846 4376 1925 4416 est
1956 4365 2243 4429 discipulus
2274 4380 2433 4426 super
2462 4364 2771 4429 magistrum
2800 4372 3003 4428 pz-rtec-

1461 4448 1543 4491 tus
1568 4448 1743 4489 autem
1767 4435 1939 4486 omnis
1960 4434 2076 4483 erit.
2109 4436 2149 4481 si
2180 4433 2247 4481 sit
2275 4435 2413 4482 sicut
2444 4434 2694 4497 magister
2717 4436 2847 4497 ejus.
2870 4432 3005 4495 Quid

1460 4520 1634 4563 autem
1681 4506 1827 4559 vides
1869 4505 2122 4558 chtucatn
2165 4501 2214 4551 in
2261 4500 2417 4551 oculo
2449 4499 2627 4550 fratris
2660 4501 2753 4551 tui.
2804 4504 3007 4551 trahent

3115 3809 3377 3882 autemiu
3410 3811 3683 3882 tquoculo
3730 3825 3861 3882 noa_
3880 3815 4208 3869 consideras.
4259 3815 4364 3870 Aut
4406 3817 4673 3882 quomodo

3116 3887 3265 3941 potes
3292 3876 3467 3930 diecre
3502 3878 3646 3931 fratri
3682 3890 3793 3933 luo.
3825 3880 4012 3935 Frater
4047 3887 4161 3937 sine
4188 3885 4377 3938 eietaiu
4411 3876 4672 3940 fe~tucam

3112 3960 3247 4012 quae
3276 3956 3357 3998 est
3384 3950 3436 3999 in
3466 3950 3620 4001 oculo
3653 3961 3761 4001 tuo.
3796 3952 3908 4013 ipsc
3932 3952 3980 4002 iit
4010 3956 4165 4006 uCulo
4203 3964 4291 4005 tuo
4322 3958 4527 4007 trabem
4569 3973 4674 4010 linit

3112 4016 3296 4069 videns
3326 4016 3589 4085 Ypocrita.
3623 4023 3736 4072 eice
3775 4021 4003 4087 piimum
4037 4023 4240 4073 trabem
4269 4022 4336 4073 de
4366 4026 4520 4075 neuio
4561 4034 4673 4085 tuo,

3110 4098 3161 4139 et
3210 4096 3333 4141 tunc
3382 4089 3665 4154 perspicies
3709 4094 3882 4142 eitei'e
3928 4090 4181 4142 festucam
4211 4090 4277 4141 de
4303 4092 4457 4143 oculo
4501 4094 4677 4145 fratris

3113 4159 3203 4229 tui.
3238 4158 3351 4210 Non
3377 4167 3459 4212 est
3489 4163 3628 4212 enim
3653 4159 3810 4213 arbor
3836 4162 3971 4212 bona
4008 4175 4143 4229 quae
4184 4158 4303 4212 facit
4335 4159 4543 4229 fluctus,
4568 4177 4703 4213 ma-.

3110 4227 3190 4280 los
3234 4244 3405 4290 neque
3445 4233 3602 4282 arbor
3648 4234 3781 4282 mala
3823 4227 4035 4283 faciens
4069 4232 4273 4283 fructus
4304 4229 4494 4281 bonos.
4530 4228 4674 4283 Una-

3108 4312 3349 4365 quaeque
3378 4300 3517 4352 enini
3548 4303 3703 4351 arbor
3732 4317 3793 4351 ex
3829 4300 4001 4352 fructu
4033 4316 4129 4354 suo
4159 4304 4524 4367 CltgttttsCl'llr.
4559 4299 4675 4352 Non

3108 4368 3249 4418 enim
3289 4368 3353 4419 de
3394 4372 3562 4432 siliuis
3588 4372 3842 4437 colligunt
3873 4370 3999 4423 Πιιιιη
4029 4386 4200 4439 nequc
4222 4373 4289 4423 de
4330 4371 4461 4422 rubo
4490 4371 4675 4422 vinde-

3111 4438 3272 4486 miant
3304 4454 3479 4489 uvam.
3516 4439 3693 4489 Bonus
3742 4444 3886 4492 onim
3934 4438 4194 4494 homo’tlc
4237 4440 4378 4494 bono
4425 4440 4677 4494 thensoro

3107 4505 3283 4555 cordis
3329 4508 3407 4557 sui
3458 4507 3657 4573 profert
3703 4508 3899 4561 bonum
3938 4519 3993 4563 et
4033 4526 4144 4561 ma-

2744 4608 2973 4661 CODEX
3015 4608 3475 4669 COIKBEIENSIS.

1532 4718 1619 4770 '51.
1659 4715 1830 4769 Nolite
1872 4711 2129 4783 judicare,
2160 4717 2213 4763 et
2238 4706 2301 4761 de
2338 4702 2488 4783 vobis
2517 4699 3014 4781 lmll'jll-dlcabllur:

1462 4786 1627 4839 nolite
1654 4771 2029 4844 condemimre,
2064 4771 2124 4834 ut
2152 4796 2254 4832 non
2282 4771 2736 4831 condeinnemiui.

1534 4854 1621 4907 38.
1664 4868 1961 4905 mensuram
1992 4840 2207 4914 bonam,
2258 4844 2672 4907 connnodatani,
2695 4840 3013 4905 confestam,

1463 4920 1873 4989 superfluentem
1892 4922 2088 4973 dabtmt
2118 4922 2167 4972 iu
2200 4920 2372 4973 sinuin
2402 4924 2666 4990 vestrum.

1530 4991 1619 5045 4t).
1662 5000 1719 5044 ut
1746 4994 1814 5043 sit
1839 4992 1975 5043 sicut
2013 4990 2279 5057 magister.

3188 4700 3273 4752 42.
3316 4704 3519 4770 ejiciam
3568 4702 3818 4758 festucam
3866 4708 3931 4762 de
3975 4708 4129 4761 oculo
4184 4717 4275 4761 tuo
4306 4724 4319 4758 :
4350 4716 4405 4762 et
4445 4722 4574 4765 ecce
4621 4709 4673 4763 iu

3119 4773 3270 4825 oculo
3302 4781 3389 4824 tuo
3423 4775 3598 4827 trabes
3626 4778 3883 4841 subiacet.

3155 4912 3165 4922 _
3200 4844 3274 4922 lt.
3316 4842 3493 4922 Seque
3536 4846 3714 4911 legunt
3742 4846 3808 4900 de
3831 4848 3995 4917 spinis
4035 4847 4193 4913 ficus;
4220 4862 4392 4918 neque
4430 4845 4499 4903 de
4540 4848 4671 4903 rubo

3119 4914 3446 4969 vindemiant
3477 4930 3648 4969 uvam.

2652 5080 3040 5139 VARIANTES
3076 5080 3469 5137 LECTIONES.

1527 5188 1542 5217 ³
1582 5184 1684 5233 Gut.
1710 5176 1990 5233 confestam,
2017 5180 2069 5224 et
2090 5174 2530 5237 superetiluentem.
2564 5174 2706 5237 Vulg.
2732 5174 3011 5235 confertam,

1467 5256 1518 5298 et
1537 5245 1838 5306 coagitatam,
1859 5248 1914 5306 et
1934 5236 2379 5306 supereﬂluentein.

1529 5310 1549 5338 ³
1582 5296 1687 5357 Gut.
1708 5296 1975 5369 perspicies
1996 5296 2194 5361 ejecere
2218 5296 2445 5344 listucam.
2480 5296 2619 5360 Vulg.
2648 5296 2941 5358 perspicies,
2964 5302 3019 5343 ut

3126 5170 3299 5218 educas
3323 5171 3567 5219 festucam.

3186 5232 3344 5305 “natu.
3373 5233 3597 5305 ttiesauro
3627 5236 3781 5284 cordis
3816 5238 3886 5285 sui
3912 5238 4093 5299 profert
4114 5240 4253 5291 mala.
4284 5240 4429 5305 Vulg.
4454 5240 4681 5293 thesauro

3125 5292 3307 5355 profert
3328 5292 3519 5340 malum.

2788 5376 3142 5431 BLANCIIINI
3182 5373 3405 5430 ROTZE.

1538 5482 1612 5553 (a)
1640 5481 1799 5553 Deest
1848 5476 2039 5553 triplex
2085 5468 2390 5553 conjunctio
2413 5478 2489 5553 et,
2513 5468 2683 5553 etiam
2734 5468 2785 5553 in
2814 5465 2945 5553 cod;
2964 5465 3113 5553 Cant.
3139 5497 3207 5553 -τ-
3237 5468 3325 5548 (ὁ).
3344 5470 3414 5521 Ita
3446 5467 3618 5553 versit)
3644 5467 3863 5553 Gothica
3879 5483 3975 5553 ,_et
4014 5475 4069 5529 S.
4113 5474 4359 5553 Clemens
4387 5478 4579 5553 (Epist,
4610 5477 4679 5553 ad,

1470 5534 1792 5623 ςοῐέιὶιιιιωε)
1826 5534 2203 5623 eaeam?
2232 5570 2307 5623 .—-
2326 5540 2395 5607 (ε)
2430 5542 2563 5623 Am?
2588 5539 2713 5623 9"."-
2744 5538 2902 5623 «ξεεξξ
2921 5534 3095 5623 frater.»
3125 5534 3297 5623 83‘5""
3315 5539 3365 5591 ίιι
3394 5538 3512 5623 eid.-
3544 5536 3773 5623 δεξιξισ-
3793 5539 3971 5623 (alia
3993 5553 4046 5597 οι
4071 5548 4193 5623 end:
4214 5534 4494 5623 Cant-Sauli
4516 5548 4625 5623 ise-2
4654 5552 4678 5604 r2

1472 5603 1686 5681 36:59.2.)
1707 5603 1878 5693 ἐῷ
2149 5603 2425 5693 detineret.
2443 5638 2510 5649 --
2540 5606 2612 5678 (e)
2638 5608 2708 5661 Ita
2730 5617 2784 5663 et
2806 5605 2925 5661 cod.
2957 5603 3135 5673 Cum...
3153 5610 3368 5674 λέγονται
3394 5611 3443 5674 ἐξ
3471 5609 3711 5665 ἀκανθῶν.
3738 5603 3808 5650 --’
3836 5603 3903 5680 (θ’)
3936 5611 4057 5669 Post
4090 5618 4286 5684 malus,
4315 5603 4466 5673 deest
4506 5603 4677 5682 homo,

1474 5693 1557 5747 vel
1584 5684 1765 5759 nequa,
1788 5684 1945 5745 etiam
1978 5690 2028 5741 iu
2049 5684 2185 5741 chd.
2215 5684 2369 5739 Cant.
