1960 3196
130 205 181 237 557

131 320 173 346 us,
189 317 216 340 ct
229 314 319 346 coepit

130 348 215 383 loqui.
231 349 264 376 Et
276 348 351 377 dedit

131 390 192 411 eutn
208 384 289 411 matri

131 425 207 447 suae.

132 453 175 481 16.
197 452 382 487 Adprehendit

130 492 220 516 autem
232 489 311 516 timor

130 528 276 555 omnes.-et
288 523 337 552 ho-

131 558 256 586 norillca-

130 592 196 621 bant
209 594 303 625 Deum,
319 593 360 621 di-

130 634 223 656 centes
239 637 246 655 :
260 629 332 663 Quo-

130 664 203 691 niam
217 664 338 699 Prophe-

132 703 157 725 ta
169 706 281 735 magnus

131 735 247 761 surrexit
260 735 286 761 tu

130 768 224 802 nobis;
240 772 269 797 et
282 768 344 803 quia

129 803 249 831 visitarit
263 803 334 831 Dens

131 839 258 874 populum
268 846 313 866 su-

130 882 175 901 um
190 874 217 901 iu
229 874 311 901 bono.

131 909 175 936 l7.
196 909 231 936 Et
242 908 326 936 exibit
338 915 398 935 ver-

129 944 193 972 bum
206 944 257 971 hoc
271 944 299 971 in

130 983 185 1006 tota
197 979 310 1013 Iudaea,

129 1014 164 1042 de
178 1014 236 1047 illo,
251 1018 279 1041 et
292 1015 318 1041 in

129 1050 204 1077 omni
217 1049 286 1090 ﬁniti
293 1065 299 1070 -

129 1092 174 1147 ῗὲἰ
187 1092 382 1147 Ἑξῗὲιῗιὶηιίη-

129 1159 227 1182 verunt
241 1155 288 1182 Io-

130 1190 211 1217 hanni
230 1189 311 1217 disci—

131 1224 175 1251 l9.
195 1224 251 1259 puli
265 1225 316 1252 sui.
333 1223 379 1257 Et,
392 1229 460 1250 cou-

129 1260 231 1286 vocatis
244 1259 313 1286 duo-

97 1314 99 1316 .
130 1294 180 1321 bus
193 1293 304 1328 quihus—

129 1328 191 1356 dam
205 1336 237 1356 ex
253 1328 332 1356 disci-

131 1364 202 1397 pulis
215 1364 282 1396 suis,
296 1363 342 1391 Io-

130 1398 235 1426 hannes
245 1399 297 1426 mi-

129 1435 166 1461 sit
178 1434 212 1461 ad
229 1434 380 1466 Dominum,

129 1469 224 1497 dicens
236 1478 244 1497 :
423 1471 425 1473 ’

130 1504 170 1531 Tu
181 1512 222 1538 es,
234 1504 278 1540 qui
292 1511 356 1532 vcn-

130 1544 205 1566 turns
219 1547 260 1574 es,
273 1547 306 1567 an
321 1547 349 1566 a-

130 1575 196 1611 lium
208 1582 305 1611 expect

129 1609 176 1637 20.
197 1609 305 1638 lanius?
318 1609 351 1637 Et
361 1615 407 1636 ve-

130 1650 227 1672 nerunt
241 1645 281 1672 vi—

129 1681 152 1707 ri
169 1681 201 1707 ad
213 1687 285 1713 eum,
296 1685 325 1708 et

128 1715 256 1750 dixerunt
268 1724 274 1742 :

128 1749 267 1778 Iohannes

127 1785 249 1819 Baptista
262 1785 311 1812 mi-

128 1819 165 1846 sit
180 1827 240 1852 nos,
253 1819 346 1846 dicens
358 1826 366 1844 :

127 1854 168 1882 Tu
184 1862 223 1887 es,
239 1854 284 1889 qui
297 1861 361 1881 ven-

126 1894 204 1916 turus
217 1896 258 1922 es,
274 1896 306 1915 au

125 1924 208 1951 alium
222 1931 320 1957 expec-

124 1959 170 1986 21.
193 1958 301 1986 tamus?
316 1957 416 1986 Eadem

343 247 348 251 ἦ
642 206 644 209 ·
668 202 889 242 Evtsosumt
907 211 1091 243 SECUNDUM
1109 211 1236 243 LUCAM.

322 264 436 295 CODEX
450 263 713 296 VERCELLENSIS.

538 320 554 340 a
568 313 705 349 languori-

538 351 597 383 bus.
612 355 640 379 et
654 357 714 378 vcr-

538 386 656 418 beribus.
673 389 701 413 et

538 420 677 456 spiritibus

538 455 677 490 malignis;

538 495 566 518 et
580 488 666 518 caecis
682 488 751 516 mtil-

486 556 488 558 ν
539 526 573 552 tis
587 525 697 553 donavit

537 559 583 587 εἰ.
604 561 701 587 visum.
717 558 749 586 Et
760 565 820 585 res-

520 609 522 611 -
538 595 670 630 pendens,
683 595 727 630 tli-

539 629 581 657 xit
594 630 646 657 illis
658 638 666 657 :
680 629 755 657 Eun-

539 669 579 692 tes
589 672 691 692 renun-

540 700 604 727 tiate
617 699 718 727 Iohan-

538 735 577 768 ni,
593 742 660 769 quae
673 734 754 761 vidis-

539 769 581 802 tis,
596 773 622 797 et
637 769 727 796 audis-

537 804 572 831 tis
588 813 595 831 2
609 804 687 832 Caeci
702 805 740 831 vi-

537 838 612 873 dent,
626 839 696 867 clodi

537 874 685 907 ambulant,
726 877 731 882 ‘

538 909 639 944 leprosi
653 916 716 944 pur-

538 950 644 978 gantur,
659 951 719 972 sur-

539 979 565 1006 di
579 980 700 1012 audiunt,

539 1015 637 1042 mortui
650 1022 693 1042 re-

539 1055 658 1084 surgent,
676 1057 739 1083 pau—

538 1092 615 1118 peres
630 1093 710 1112 evan-

537 1121 684 1153 gelizuutur
700 1129 705 1146 :

538 1155 582 1181 23.
604 1160 640 1187 et,
655 1155 748 1182 beatus

539 1190 599 1222 erit,
615 1190 736 1225 quicum-

559 1233 591 1251 ne
607 1233 657 1251 non
673 1232 751 1252 scan—

557 1260 697 1286 alizabitur

539 1294 565 1320 in
581 1302 632 1321 me.

538 1329 581 1355 24.
602 1330 723 1363 Cumque
738 1329 790 1356 dis-

539 1365 684 1390 cessissent

541 1400 623 1425 nuntii
638 1399 737 1425 Johan-

542 1435 593 1466 nis,
605 1434 695 1466 rocpit

542 1469 632 1496 dicere
646 1469 680 1496 de

537 1504 678 1532 Iohannen

538 1539 570 1566 ad
587 1540 677 1566 turbas
693 1548 699 1565 :

537 1574 605 1608 Quid
620 1575 713 1602 existis

538 1609 565 1636 in
580 1610 687 1637 deserto

539 1644 650 1672 videre?
662 1645 710 1671 ha-

538 1680 679 1707 rundinem

538 1723 552 1741 ει
568 1720 647 1743 vento
657 1722 713 1742 mo-

537 1750 582 1778 25.
606 1750 660 1778 veri
675 1750 686 1776 ?
699 1750 706 1765 ¹
723 1749 775 1777 Sed
790 1749 853 1784 quid

538 1785 632 1812 existis
647 1784 716 1812 vide-

537 1820 588 1846 re?
601 1819 736 1846 hominem

538 1853 663 1880 mollibus
672 1861 731 1881 ves-

539 1888 657 1915 timentis
666 1888 706 1915 iu-

536 1922 629 1950 dutum
641 1924 652 1949 ‘t
664 1923 714 1951 Ec-

535 1965 575 1991 ce,
592 1959 637 1992 qui
650 1958 677 1985 in
694 1966 753 1987 ves-

1701 218 1754 248 558

1175 267 1292 298 CODEX
1306 267 1528 307 VERQNENSIS.

963 320 1034 349 tuus,
1050 320 1078 345 et
1090 323 1153 344 coe-
1368 317 1507 351 guoribus,

962 352 1002 387 pit
1015 352 1098 386 loqui.
1114 351 1146 379 Et
1369 356 1396 378 et
1408 352 1502 387 plagis,

961 386 1040 429 dedit.
1050 387 1125 428 illum
1369 390 1397 427 et
1411 386 1548 429 Spiritibus

962 423 1042 449 matri
1056 423 1123 457 ejus.
1369 423 1527 456 immundis;
1583 442 1585 444 -

963 455 1005 497 t6.
1027 456 1137 491 Accepit
1149 459 1239 484 autem
1369 461 1397 497 et
1409 458 1578 497 caecisniul-

961 492 1045 519 timor
1058 498 1171 526 magnus
1213 504 1215 508 ι
1371 492 1405 519 tis
1414 492 1523 520 donavit

961 532 1063 557 omnes,
1080 531 1109 553 et

961 560 1168 596 magniﬁcabant

962 595 1045 623 Deum
1057 595 1177 623 dicentes
1191 605 1198 622 :

960 629 1038 664 Quod
1053 630 1186 666 Propheta

961 673 1074 705 magnus
1087 673 1147 693 ευτ-

961 705 1033 727 rextt
1046 708 1071 727 ΙΙΙ
1087 708 1133 727 no-

993 708 1033 727 Xll
1046 708 1071 727 ιη
1087 708 1133 728 no-

961 734 1017 770 bis;
1032 739 1059 762 et
1071 736 1134 770 quia
1184 752 1187 756 ι

960 769 1079 797 visitavit

961 804 1032 832 Deus
1046 805 1150 838 plebem

959 846 1035 866 suam
1051 839 1078 867 in
1091 839 1171 867 bono.

960 873 1004 900 t7.
1026 874 1059 901 Et
1073 873 1143 902 exiit
1156 874 1200 902 hic

962 916 1051 949 sermo
1059 908 1102 944 '(a)
1115 909 1142 937 in

963 951 1088 972 universa

963 979 1074 1009 Iudaea.

963 1013 998 1041 Et
1007 1013 1080 1042 omni
1095 1021 1146 1041 con

964 1049 1027 1084 tlnio
1039 1049 1155 1084 regionis

961 1083 1032 1120 illius
1040 1083 1061 1120 1-
1070 1083 1104 1111 de
1116 1091 1159 1120 eo.

963 1118 1006 1146 18.
1028 1118 1060 1147 Et
1074 1119 1179 1146 nuntia-

962 1159 1058 1182 verunt
1066 1153 1180 1182 Iohanni

961 1188 1085 1217 discipuli
1098 1189 1157 1217 eius

981 1197 1085 1223 tscipun
1098 1197 1141 1223 eiu

963 1197 1085 1251 adiumnti
1098 1197 1185 1238 eius"

981 1231 996 1251 e
1006 1224 1131 1251 omnibus
1145 1224 1196 1251 lus.

964 1258 1008 1286 19.
1023 1258 1057 1286 Ει
1070 1259 1226 1287 convocavit

962 1292 1030 1321 duos
1044 1293 1146 1321 Iohan-

963 1334 1010 1356 nes
1022 1327 1056 1356 de
1065 1328 1155 1356 disci-’

981 1363 1030 1390 ulis
1043 1362 1109 1390 suis.
1131 1381 1138 1390 .
1162 1382 1168 1388 .
1192 1382 1198 1389 .
1218 1363 1251 1390 ad

977 1405 1064 1425 esum.
1087 1417 1093 1424 .
1117 1418 1124 1426 .
1146 1417 1153 1424 .

964 1433 1004 1460 'l'u
1017 1440 1057 1466 es,
1070 1433 1115 1468 qui

966 1472 1093 1496 venturus
1108 1475 1138 1495 es
1152 1488 1160 1501 ,

963 1510 996 1530 an
1011 1503 1091 1530 alium
1108 1510 1156 1530 ex~

963 1542 1099 1572 pectamus
1106 1538 1118 1564 τ

963 1573 1007 1601 20.
1029 1573 1219 1601 Advenientes.

963 1613 1051 1637 autem
1066 1608 1099 1636 ad

963 1651 1023 1671 eum
1039 1644 1100 1678 viri,

963 1679 1088 1707 dixerunt
1101 1687 1108 1705 :
1124 1678 1170 1706 Io-

964 1713 1065 1742 hannes
1075 1714 1146 1741 misit

964 1756 1012 1777 nos
1023 1749 1139 1784 Baptista

963 1784 995 1810 ad
1010 1789 1046 1816 te,
1057 1784 1167 1811 dicens:

962 1818 1001 1844 Tu
1013 1825 1054 1850 es,
1068 1818 1114 1853 qui
1133 1849 1136 1851 _

964 1858 1092 1880 venturus
1102 1859 1142 1883 es.

963 1895 995 1914 an
1009 1888 1089 1915 alium
1100 1894 1144 1915 exi

963 1928 1099 1958 peetamus
1112 1923 1124 1948 ἲ

962 1958 1014 1985 2L,
1029 1958 1057 1986 In
1068 1958 1124 1992 ipsa
1139 1957 1201 1986 hora

1370 527 1466 555 visum.

1369 560 1639 598 22.7Etrrespondens
1649 585 1656 598 ,

1370 596 1437 623 dixit
1451 597 1502 624 illis
1518 596 1525 623 Ξ

1370 630 1418 664 lte,
1433 633 1552 660 nuntiate

1370 665 1496 700 Iohanni,

1370 708 1440 736 quae
1453 702 1566 735 vidistis,

1371 741 1398 763 et
1408 736 1520 766 audistis
1535 747 1543 765 :

1370 770 1450 807 Caeci
1469 772 1570 807 vident,

1371 806 1441 834 clodi
1452 807 1547 835 ambu-

1372 840 1437 873 lant,
1446 842 1550 877 rlepmsi
1583 861 1585 865 ι

1371 876 1545 909 mundantur,

1332 935 1334 937 ,
1372 911 1470 938 mortui
1484 919 1526 940 re-

1372 951 1494 981 surgunt,
1507 954 1572 981 pau-

1372 987 1451 1015 peres
1463 989 1544 1009 evan-

1391 1016 1522 1044 elizantur
1538 1026 1544 1043 :

1392 1051 1419 1078 5.
1439 1055 1476 1084 et,
1490 1052 1584 1080 beatus

1374 1090 1425 1119 est,
1437 1087 1482 1121 qui
1493 1087 1519 1114 in

1374 1128 1417 1148 me
1431 1126 1489 1149 non'
1499 1121 1557 1150 fue-

1374 1156 1409 1182 rit
1423 1157 1536 1184 scanda—

1373 1190 1418 1217 24.
1439 1191 1543 1220 lizatus.
1558 1193 1601 1225 Et,

1373 1232 1434 1253 cum
1447 1226 1548 1255 disces-

1372 1261 1472 1288 sissent
1486 1270 1555 1290 nuu-

1373 1296 1402 1321 tii
1415 1296 1453 1323 illi
1467 1296 1513 1324 Io-

1373 1330 1480 1363 hannis,

1371 1366 1460 1399 coepit
1474 1365 1515 1392 di-

1372 1406 1435 1427 cere
1442 1400 1477 1427 atl

1372 1435 1463 1462 turbas
1473 1435 1507 1463 de

1371 1467 1494 1498 Iohanne
1508 1479 1514 1496 :

1372 1503 1440 1537 Quid
1451 1505 1543 1533 existis

1374 1539 1400 1566 in
1414 1540 1550 1568 desertum

1374 1574 1483 1603 videre?
1497 1583 1579 1603 arun-

1373 1609 1463 1638 dinem
1474 1618 1490 1638 a

1373 1652 1453 1673 vento
1464 1653 1523 1673 m0-

1373 1678 1418 1706 25.
1440 1681 1516 1708 veri?
1529 1680 1580 1708 Sed

1372 1715 1435 1749 quid
1446 1715 1537 1743 existis

1373 1749 1484 1777 videre?
1497 1751 1546 1777 ho-

1373 1785 1472 1812 minem
1486 1786 1554 1813 mol-

1373 1819 1442 1851 libus
1453 1821 1534 1847 vesti-

1372 1855 1470 1882 mentis
1485 1855 1562 1883 indu-

1373 1890 1447 1916 tum?
1456 1890 1525 1917 Ecce
1538 1911 1546 1923 ,

1373 1924 1453 1959 quiin
1465 1929 1538 1952 veste

1373 1966 1444 1993 praet
1449 1959 1505 1986 iosa

123 1993 201 2029 liora,
206 1993 245 2029 (ὁ)
260 2000 342 2029 cura-

535 1997 561 2034 te
575 1995 708 2034 praet'i‘osa

123 2029 170 2056 bat
183 2028 203 2063 ἦ·
212 2028 316 2056 inultos

535 2033 562 2056 et
576 2028 602 2056 in
612 2028 706 2056 delici-

1372 2000 1444 2024 sunt.
1457 1999 1483 2021 et
1497 1995 1524 2021 in

964 1993 1002 2030 (ὁ)
1015 1993 1126 2020 curabat
1140 1993 1161 2028 -ι-
1372 2000 1444 2024 sunt.
1457 1999 1483 2021 et
1497 1995 1518 2021 in

964 2029 1061 2056 multos
1074 2035 1090 2055 ι
1102 2028 1161 2056 lan-
1371 2028 1480 2062 delitiis,
1491 2029 1518 2055 in

964 2028 1061 2056 inultos
1074 2035 1090 2055 ι
1102 2028 1161 2056 lan-

772 2085 887 2114 CODEX
905 2085 1100 2114 BRIXIANUS.

123 2138 185 2160 tuus
206 2137 234 2159 ct
258 2132 340 2167 carpit
356 2132 439 2167 loqui.
464 2132 497 2159 Et
512 2131 627 2167 reddidit
641 2132 714 2159 illum
737 2119 906 2167 matri‘sunc.

95 2183 97 2186 τ
121 2166 308 2203 ᾼιΙρι-εὶιεηᾱίί
326 2166 415 2203 autem
437 2174 535 2203 omnes
552 2166 643 2193 timor.
657 2171 681 2193 ct
704 2166 909 2203 magniticahant

120 2201 206 2230 Deum
220 2203 349 2231 dicentes.
368 2202 434 2235 Quin
458 2201 590 2235 Propheta
611 2208 722 2234 magnus
744 2202 859 2227 surrexit
883 2202 907 2226 in

121 2238 211 2265 nobis.
226 2242 253 2265 et
267 2238 328 2272 quia
343 2236 461 2263 visitarit
478 2236 547 2272 D_cu_s
570 2236 674 2272 plebem
691 2243 777 2272 suam.
792 2235 823 2261 Et
844 2235 908 2262 exiit

122 2272 167 2300 hic
179 2269 309 2300 sermo'in
326 2272 475 2298 universam
488 2269 616 2297 Iudaeam
627 2270 660 2297 de
673 2278 715 2298 eo.
728 2276 754 2297 et
765 2271 791 2297 in
801 2276 909 2297 munem

121 2316 271 2335 temonem.

153 2317 397 2369 Iiii,lilictiiiijaverunt
411 2340 524 2368 Iohanni
543 2340 663 2374 discipuli
679 2340 738 2374 ejus
750 2340 783 2368 de
799 2339 839 2367 his
850 2345 907 2368 0m-

121 2378 201 2405 nihus
215 2383 242 2404 et
254 2377 411 2404 convocavit
422 2375 490 2403 duos
500 2375 532 2401 de
543 2375 681 2409 discipulis
690 2377 747 2403 suis
755 2375 905 2404 Iohannes.

120 2417 148 2439 et
157 2412 230 2439 misit
243 2412 276 2438 ad
291 2411 382 2439 Iesum
397 2411 499 2446 dicens.
512 2409 552 2437 'l‘u
565 2418 595 2437 es
610 2411 656 2446 qui
677 2415 805 2438 venturus
816 2418 856 2446 es.
872 2417 905 2437 an

120 2447 204 2473 alium
224 2450 406 2481 expectamus.
429 2444 503 2481 Cuui
519 2450 607 2473 autem
620 2444 767 2473 'venissent
789 2445 823 2472 ad
845 2453 905 2473 etim

121 2482 172 2510 viri
187 2480 323 2516 dixerunt.
337 2480 473 2508 Iohannes
488 2480 606 2516 Baptista
622 2482 695 2516 misit
709 2488 758 2508 nos
771 2481 803 2508 ad
819 2485 844 2509 te
862 2480 904 2507 di-

120 2523 197 2544 cens.
209 2515 250 2543 Tu
261 2523 293 2543 es
305 2516 349 2551 qui
364 2520 492 2543 venturus
510 2523 549 2543 es.
569 2523 603 2543 an
621 2515 701 2543 alium
722 2519 903 2550 expectamus.

960 2132 1058 2157 Eadem
1082 2136 1169 2156 autem
1191 2130 1253 2156 liora
1270 2131 1372 2156 curavit
1395 2131 1491 2157 multos
1506 2138 1519 2157 τι
1535 2131 1707 2165 languoribus
1719 2142 1747 2164 et

961 2166 1052 2199 plngis.
1067 2171 1093 2191 et
1108 2165 1246 2198 spiritibus
1260 2165 1346 2190 malis.
1368 2170 1394 2191 et
1412 2166 1499 2192 caecis
1524 2168 1615 2194 multis
1636 2169 1746 2199 donavit

961 2202 1057 2225 \‘isuttt.
1073 2200 1104 2225 Et
1120 2200 1284 2234 respondens
1295 2200 1375 2259 fusus
1390 2200 1456 2226 dixit
1472 2201 1534 2228 illis.
1557 2202 1656 2230 Euntes
1675 2213 1745 2232 nun-

962 2236 1023 2259 tiute
1038 2234 1153 2259 Iohanni
1176 2242 1244 2259 nunc
1269 2235 1292 2259 vi
1305 2235 1382 2259 listis.
1400 2241 1424 2259 et
1441 2236 1562 2259 audistis.
1586 2239 1644 2259 {tuin
1672 2241 1744 2259 ι--ιηρῖ

962 2236 1023 2272 tiutu
1038 2234 1153 2272 Iohanni
1176 2242 1246 2272 quae
1269 2234 1382 2272 villistis.
1400 2241 1424 2272 et
1441 2236 1562 2263 nudiSIis.
1586 2239 1645 2272 quia
1672 2241 1744 2268 Caeci

962 2271 1062 2296 \‘idenl.
1079 2270 1148 2296 clodi
1160 2270 1305 2296 :tnibnlunt.
1318 2270 1415 2304 leprosi
1428 2270 1601 2298 niundantur:
1613 2275 1685 2301 surdi
1697 2283 1745 2302 au-

961 2305 1038 2331 dittnt
1064 2305 1159 2331 mortui
1177 2310 1326 2339 resurgunt.
1345 2313 1474 2338 pauperes
1489 2308 1703 2341 evnngelizautur
1718 2315 1746 2337 et

961 2341 1054 2367 beatus
1066 2344 1108 2367 est
1120 2340 1269 2374 quicunque
1285 2348 1335 2366 non
1350 2341 1429 2368 fuerit
1443 2340 1637 2370 scandalizatus
1649 2344 1674 2369 in
1690 2352 1742 2371 me.

959 2375 1026 2412 Cum
1041 2382 1129 2412 autem
1153 2376 1264 2412 discessi
1282 2381 1373 2412 essent
1395 2377 1483 2412 nuncii
1507 2377 1635 2412 Iohannis
1656 2379 1745 2412 coepit

960 2411 1049 2437 dicere
1066 2410 1143 2437 Iesus
1159 2411 1191 2436 de
1206 2410 1329 2436 Iohanne
1344 2411 1374 2436 nd
1390 2411 1490 2436 turhns.
1507 2411 1574 2443 Quid
1597 2413 1691 2439 existis
1707 2410 1743 2440 ’ἰὴ

959 2446 1096 2472 desertum
1122 2446 1212 2471 videre
1234 2445 1409 2471 harundinem
1426 2452 1439 2470 a
1456 2451 1533 2471 vento
1554 2448 1664 2472 moveri.
1691 2448 1743 2475 Sed

960 2481 1021 2514 quid
1047 2481 1140 2507 existis
1163 2479 1252 2505 videre
1279 2480 1412 2505 hominem
1437 2480 1561 2507 mollibus
1581 2482 1746 2510 vestimentis

961 2516 1080 2542 indutum
1098 2515 1166 2541 Ecce
1177 2514 1221 2548 qui
1244 2514 1270 2539 in
1292 2519 1364 2540 veste
1386 2514 1502 2547 pretiosa
1525 2520 1588 2543 sunt
1603 2521 1630 2544 et
1644 2516 1746 2545 deliciis

752 2569 868 2611 QODEX
885 2569 1116 2598 CORBEIENSIS.

155 2617 201 2654 16.
221 2617 338 2654 visitavi;
351 2618 455 2654 plebem
468 2625 543 2654 suam
558 2617 585 2644 in
596 2617 676 2645 bono.

157 2653 202 2680 l7.
222 2653 248 2680 in
263 2653 336 2680 omni
351 2653 448 2681 contini
459 2653 575 2687 regione.

154 2688 201 2716 ει.
222 2688 382 2716 arundinem
392 2689 402 2704 '
413 2695 428 2715 a
442 2691 520 2715 vento
534 2687 644 2715 moveri.

995 2615 1040 2655 εξ.
1062 2615 1087 2642 ἱη
1103 2618 1178 2655 veste
1193 2600 1309 2655 pretiosa
1329 2619 1408 2649 sunt,
1421 2620 1450 2644 et
1464 2616 1491 2645 in
1508 2616 1615 2647 deliciis
1634 2626 1746 2655 supcra~

960 2650 1088 2682 bundant,
1103 2649 1130 2677 in
1141 2648 1266 2678 domibus
1279 2650 1382 2686 Regum
1392 2648 1464 2679 sunt.

722 2732 917 2777 VAlilANTES
935 2730 1135 2777 [ιΕΟἸῚΟῌΕξ.

152 2781 161 2796 ¹
179 2780 235 2805 Gut.
246 2779 292 2804 sed
303 2776 487 2809 exisus._Vulg.
498 2776 547 2801 Sed
559 2771 617 2808 quid
629 2779 725 2803 existis.

991 2777 1002 2793 ³
1018 2777 1048 2802 El
1057 2775 1092 2802 ita
1103 2776 1158 2801 Gal.
1171 2779 1193 2802 α
1206 2777 1264 2803 Mm.

154 2879 191 2914 (ιι)
204 2877 245 2916 Ita
268 2882 296 2916 et
321 2881 376 2905 tex.
391 2876 437 2905 Gr.
453 2876 477 2905 ἄν
487 2878 530 2914 ολῃ
540 2882 571 2916 τῇ
583 2828 938 2916 Ἰουδςιιίᾳζπιρῗζ
1076 2877 1108 2911 τῇ
1120 2858 1271 2913 πέριχὼρῳ.
1286 2873 1370 2903 Favet
1389 2871 1580 2910 Vercell.—(b)
1594 2874 1632 2903 Ita
1647 2880 1674 2904 et
1686 2878 1748 2906 cod.

117 2913 211 2947 Cani.,
224 2913 369 2951 ὶθιράπευι·
386 2916 391 2947 ξ
