3920 6402
156 341 251 399 9m
1186 346 1632 407 svxncsuou
1668 287 2039 423 secessum
2073 346 2329 407 LUCAM.
2404 358 2424 402 _:
2466 325 2479 339 ’

526 460 752 520 CODEX
811 462 1350 521 VERCELLENSIS.

136 559 259 625 .tem
286 566 407 625 eum
442 555 539 625 qui

154 559 259 608 tem
286 566 407 607 eum
449 555 539 625 qui
977 555 1177 625 aliquid
1207 554 1354 610 dice-

154 622 271 677 dam
297 622 483 677 Phari-
926 668 927 671 η
977 642 1056 677 re.
1084 626 1185 677 Οιιί
1212 630 1287 677 ait
1318 642 1332 677 :

926 668 927 671 η
977 642 1056 681 re.
1072 624 1185 692 Qui
1212 630 1287 680 ait
1318 642 1332 679 :
1362 624 1479 691 Dic,

155 706 331 754 saeus.
348 702 406 747 ut
429 694 605 748 cibum
977 695 1247 765 Magister.

154 774 369 831 caperet
389 777 595 819 secum.
976 764 1081 819 41.
1109 764 1227 819 Duo
1252 764 1522 821 debitores

154 831 223 887 Et
242 832 517 901 ingressus
977 844 1132 890 erant
1159 834 1272 889 cui-

154 902 206 956 in
228 902 443 956 domum
977 904 1097 959 dam
1128 905 1335 959 fenera-

155 971 449 1037 Pharisaei,
470 971 584 1028 dis-
977 977 1079 1039 tori
1108 990 1121 1027 :
1150 990 1287 1029 unus
1316 975 1415 1029 de-

154 1042 336 1097 cubuit
977 1044 1135 1098 bebat
1162 1047 1327 1098 tletia-

152 1112 242 1167 57.
270 1151 285 1164 .
320 1150 335 1165 .
367 1120 387 1165 t
414 1126 541 1167 ecce
576 1114 731 1169 muli-

978 1114 1087 1168 rios
1109 1115 1369 1181 quingen-

152 1197 213 1237 er
242 1180 316 1254 (a)
340 1182 391 1235 in
415 1185 601 1254 civita-

980 1192 1084 1247 tos,
1116 1191 1171 1236 et
1195 1182 1331 1237 alius

154 1260 228 1315 te,
255 1252 396 1321 quae
422 1262 537 1307 erat
559 1252 602 1323 1-
977 1253 1230 1306 denarios

152 1324 447 1391 peccatrix,
977 1322 1331 1391 quinquagin-

150 1390 365 1461 Cngnito
391 1406 459 1446 eo
976 1392 1067 1445 42.
1110 1390 1184 1445 ta.
1216 1390 1333 1445 Non
1355 1390 1559 1461 haben-

978 1461 1118 1515 tibus
1142 1462 1245 1515 illis
1266 1476 1363 1514 un-

976 1531 1043 1585 de
1072 1532 1380 1597 redderent,

977 1601 1217 1670 utrisque
1236 1601 1333 1654 do-

978 1674 1141 1723 navit.
1170 1672 1299 1736 Quis

977 1740 1139 1809 ergtt'
1172 1742 1320 1793 illum

977 1809 1207 1879 amplius
1232 1809 1314 1863 di-

977 1880 1143 1947 liget?
1267 1908 1271 1913 -

977 1948 1067 2003 42.
1112 1949 1462 2018 Respondens

979 2029 1155 2074 autem
1184 2020 1391 2085 Simon,

980 2090 1117 2143 dixit
1144 2106 1157 2143 :
1184 2089 1355 2144 AeSti-

980 2175 1091 2223 mo,
1119 2160 1257 2228 quod
1290 2159 1353 2225 is,

980 2232 1064 2282 cui
1092 2229 1322 2297 amplius

156 1462 171 1491 ²
194 1462 515 1517 accumbere

151 1530 204 1583 in
228 1530 389 1585 domo
416 1530 554 1585 Pha-

150 1601 335 1667 risaei,
359 1598 509 1655 adfe-

148 1670 303 1724 rebat
331 1672 540 1737 ampul-
612 1721 621 1733 ,

150 1739 257 1793 lam
288 1754 457 1809 ungu-

149 1809 242 1865 58.
268 1812 379 1865 enti
405 1829 417 1865 :
448 1819 502 1866 et
524 1814 690 1867 Stans.

148 1896 178 1932 a
204 1888 351 1933 retro
382 1896 471 1950 pe-

151 1950 249 2003 tles
272 1950 416 2005 illius
433 1991 446 2013 ,
476 1951 611 2006 ﬂens

151 2020 391 2074 lacrimis
418 2021 502 2074 in-

156 2086 235 2160 (Ab)
275 2090 503 2160 rigabat,

152 2158 195 2227 οι·
214 2158 273 2211 et
301 2159 506 2224 capillis
526 2162 615 2214 ca-‘

152 2228 284 2296 pitis
311 2230 392 2281 sui
423 2240 601 2283 exter-

150 2298 336 2365 geltat,
370 2306 423 2351 et
449 2313 617 2353 OSCIP
828 2308 837 2313 ‘
982 2300 1283 2353 redmtavit.

153 2366 371 2437 labatur
398 2382 495 2435 pec
606 2434 609 2437 η
980 2370 1080 2434 Qui
1110 2368 1246 2422 dixit
1272 2368 1319 2421 ei
1348 2386 1359 2420 :

152 2437 254 2491 des
275 2436 442 2501 illius,
474 2444 529 2491 et
980 2437 1147 2492 Recte
1167 2437 1309 2506 judi-

152 2506 395 2575 ungebat
424 2522 523 2560 un-
980 2508 1135 2561 casti.

152 2584 381 2643 guento.
979 2576 1073 2631 4t.
1114 2577 1181 2631 Et
1208 2591 1433 2631 conver—

154 2647 252 2702 39.
293 2646 497 2702 Videns
525 2656 703 2705 autem
982 2661 1073 2701 sus
1097 2647 1163 2700 ad
1189 2648 1345 2700 muli-

155 2716 509 2783 Pharisaeus,
984 2732 1153 2783 erem,
1182 2716 1319 2770 dixit

154 2788 252 2856 qui
283 2788 478 2841 invita-
984 2786 1191 2841 Simoni
1221 2806 1233 2841 :
1267 2786 1358 2841 Vi-

984 2857 1082 2910 des
1112 2856 1249 2911 hanc
1275 2871 1395 2909 mu-

986 2926 1212 2981 lierem?
1239 2926 1326 2981 ln-

990 2997 1123 3050 travi
1154 2997 1206 3051 in
1228 2996 1325 3051 do-

991 3082 1133 3120 mum
1167 3076 1308 3120 tuam
1328 3106 1343 3131 ,

988 3151 1178 3205 aquam
1212 3138 1265 3190 in
1300 3150 1391 3205 pe-

989 3207 1147 3260 dibus
1169 3206 1299 3260 mihi

930 3306 933 3311 ‹
990 3292 1093 3330 non
1123 3277 1303 3330 dedis-

989 3348 1024 3399 ti
1054 3363 1067 3398 :
1101 3346 1243 3399 haec
1262 3354 1439 3399 autem

985 3414 1221 3468 lacrimis
1248 3416 1335 3468 in-

987 3486 1176 3552 rigavit
1204 3486 1304 3537 mi—

991 3553 1043 3605 hi
1068 3554 1229 3621 pedes
1246 3592 1261 3617 ,
1290 3563 1347 3608 et

992 3623 1201 3690 capillis
1232 3627 1346 3678 suis

993 3694 1235 3747 extersit.

992 3762 1081 3817 45.
1115 3763 1367 3817 Osculum
1397 3763 1495 3818 mi-

992 3832 1045 3886 lii
1079 3850 1181 3887 non
1210 3834 1390 3889 dedis-

159 2868 319 2911 verat
338 2873 483 2925 eum,

94 2958 101 2965 -
155 2928 300 2981 dixit
324 2930 464 2982 intra

155 3012 223 3051 se
250 2996 437 3051 dicens
466 3015 478 3051 :
514 2998 629 3064 Hic,

155 3067 206 3119 si
241 3078 361 3121 erat
386 3067 518 3122 Pro-

150 3140 353 3204 pheta,
385 3140 405 3170 ⁸
435 3138 604 3194 sciret

155 3208 351 3275 utique
377 3224 517 3276 qure,

154 3286 218 3331 et
249 3277 423 3342 qualis
446 3287 530 3331 est

154 3347 385 3407 mulier,
408 3362 547 3414 quae

156 3416 337 3481 tangit
366 3414 547 3479 illum;

155 3499 422 3551 quoniam
464 3499 587 3552 pec-

154 3554 340 3605 catrix
367 3562 468 3605 est.

156 3622 255 3676 40.
304 3621 377 3675 Et
395 3622 728 3690 respondens

155 3692 186 3747 J
196 3706 350 3757 esus,
382 3691 515 3745 dixit

156 3762 231 3829 ad
264 3762 416 3814 illum
446 3778 458 3814 :
492 3761 696 3829 Simon,

158 3824 345 3885 habeo
379 3832 474 3886 tibi

2252 461 2483 521 CODEX
2519 464 2967 523 VERONENSIS.

1804 584 1807 587 -
1826 564 2005 610 autem
2043 554 2192 610 illum

1825 626 2041 695 quidam
2070 626 2205 679 Plia-

1827 700 2055 761 risaeus,
2082 704 2142 749 ut

1826 766 2172 820 manducaret

1826 851 2204 891 cum.....

1826 905 2087 975 Etingre.
2132 946 2144 959 .
2194 946 2204 959 .
2251 946 2262 959 .
2309 947 2322 959 .

1826 975 2043 1029 domum
2070 976 2209 1029 Pha-

1826 1047 1984 1099 risaei
2014 1044 2135 1100 dicu
2149 1076 2166 1085 -

1826 1115 1915 1170 '57.
1937 1115 2094 1168 rbuit.
2124 1116 2190 1170 Et
2222 1130 2311 1170 ec-

1826 1199 1888 1239 ce
1914 1186 2105 1239 mulier
2129 1188 2203 1253 (a)
2227 1186 2279 1239 in

1824 1254 2061 1318 civitate,
2092 1272 2212 1325 quae

1825 1334 1942 1378 erat
1978 1325 2016 1393 ’ξ-
2038 1340 2160 1393 pce-

1828 1393 2018 1459 catrix,
2053 1404 2109 1447 ut

1718 1466 1725 1469 ’
1825 1464 2096 1531 cognovit,

1825 1532 1964 1601 quod
1997 1531 2240 1586 recubuit

1825 1602 1879 1655 in
1910 1601 2069 1654 domo
2100 1602 2238 1656 Plia-

1824 1672 2003 1735 risaei,
2035 1673 2210 1725 attulit

1825 1740 2152 1794 alabaSIrum
2183 1755 2283 1794 un-

1827 1810 1917 1864 58.
1956 1813 2134 1880 guenti
2166 1828 2178 1864 :
2205 1820 2257 1864 et
2276 1816 2424 1863 stans

1827 1888 1975 1934 τευ-ο
2009 1894 2164 1935 580115

1865 1950 1994 2003 edes
2023 1952 2162 2019 ejus,

1850 2022 2083 2090 acrymis

1831 2088 1909 2158 (b)
1947 2088 2152 2159 rigabat
2178 2092 2217 2159 ’ξ-

1830 2161 2014 2226 pedes.
2061 2198 2073 2213 .
2122 2202 2134 2213 .
2178 2197 2193 2211 .
2240 2169 2336 2213 .et

1829 2230 2037 2297 capillis
2067 2229 2253 2299 capitis

1830 2301 1912 2352 sui
1940 2301 2204 2368 tergebat,

1831 2379 1885 2421 ct
1914 2371 2192 2424 osculaba-

1834 2446 1920 2518 tur
1949 2439 2113 2507 pedes

1832 2522 1968 2575 eius,
1999 2518 2053 2561 et
2080 2524 2177 2561 un-

1832 2578 2029 2645 guebat
2054 2592 2153 2630 un-

1832 2657 2050 2713 guento.

1833 2716 1922 2771 39.
1967 2716 2167 2773 Videtis
2197 2722 2373 2770 autem

1835 2788 2175 2852 Pltarisaeus,

1835 2858 1922 2925 qui
1950 2872 2106 2910 voca-

1834 2936 1985 2981 verat
2013 2940 2158 2992 cum,

1836 2998 1911 3049 ait
1936 2997 2072 3050 intra

1837 3081 1915 3131 se,
1949 3068 2134 3121 dicens
2164 3080 2178 3117 :

1839 3135 1960 3201 Hic,
1990 3138 2033 3189 si
2059 3143 2202 3190 esset

1838 3205 2129 3273 PrOpheta,

1838 3278 2003 3330 sciret
2028 3276 2130 3329 uti-

1838 3361 1941 3413 que
1969 3360 2107 3414 qnae
2123 3386 2137 3409 ,

1839 3424 1894 3467 et
1917 3415 2091 3467 aualis

1842 3484 2037 3536 mulier
2060 3492 2165 3547 est,

1839 3568 1979 3623 quae
2006 3554 2173 3621 tangit

1842 3638 1996 3687 eum;
2022 3638 2145 3691 quia

1844 3694 2113 3761 peccatrix
2146 3702 2243 3746 est.

1844 3760 1933 3817 40.
1964 3764 2028 3815 Et
2047 3760 2379 3829 respondens

1847 3832 2025 3898 Jesus,
2059 3833 2195 3886 dixit

1412 3954 1431 3969 "
1448 3946 1679 4001 CODEX
1718 3944 2108 4000 BRIXIANUS.

2650 558 2716 611 ad
2746 558 2894 612 illum
2928 573 2944 611 :

2650 627 2858 690 Simon,
2891 629 2986 681 ita-

2651 698 2752 752 beo
2784 697 2879 750 tibi
2905 696 3009 750 ali-

2686 766 2770 820 ttid
2796 767 2996 821 dicere.

2696 838 2725 890 d
2750 838 2838 892 ille
2858 838 2936 890 ait
2967 852 2981 888 :

2648 906 2918 976 Magister,

2647 973 2755 1030 dic:
2787 973 2859 1099 Sc)
2891 974 3036 1029 Dixit

2647 1059 2773 1099 eruo
2829 1044 3014 1099 esus-l-

2644 1059 2773 1112 ergo
2798 1059 2951 1099 Jesns
2973 1059 3014 1112 τ
3038 1060 3053 1095 :

2482 1124 2486 1128 ‘
2544 1178 2547 1179 ν
2642 1114 2736 1168 41.
2778 1115 2945 1169 Erant
2975 1114 3084 1167 duo

2648 1186 2921 1239 debitores

2649 1255 2862 1309 cuidam
2889 1254 2998 1309 fae-

2651 1325 2881 1379 neratori
2911 1341 2924 1375 :

2652 1410 2787 1447 unus
2813 1393 2979 1447 dcbeé

2647 1463 2738 1517 bat
2758 1462 3010 1517 denarios

2646 1548 2699 1587 D.
2731 1532 2869 1586 alius
2892 1548 2942 1586 ι..

2646 1602 2737 1655 42.
2767 1601 2881 1655 Non
2906 1601 3109 1654 baben-

2648 1672 2790 1725 tilnts
2812 1671 2892 1740 (ά)
2922 1685 3097 1725 autem
3118 1666 3159 1736 ἦ*

2650 1742 2762 1795 illis
2788 1742 2929 1795 unde

2654 1811 2964 1877 redderent,

2654 1882 2871 1935 donavu

2653 1952 2913 2021 utrisque.
2943 1948 3075 2017 Quis

2652 2036 2779 2090 ergo
2809 2037 2930 2075 eum

2653 2088 2775 2160 plus
2800 2088 3026 2160 dilexit?

2653 2158 2745 2216 ιδ.
2773 2158 3125 2229 RcSpondens

2655 2232 2840 2285 Simon
2870 2228 3006 2285 dixit
3035 2245 3049 2280 :

2654 2301 2915 2367 Aestimo,
2948 2298 3071 2369 quia

2655 2374 2716 2434 is,
2751 2372 2833 2424 cui
2861 2372 2980 2440 plus

2653 2438 2893 2494 donavit.
2918 2438 3000 2493 Ad

2653 2510 2746 2563 ille
2770 2510 2904 2563 dixit
2924 2511 2973 2563 ei
3004 2523 3018 2559 :

2648 2579 2818 2649 Becte
2842 2576 3115 2647 iudicasti.

2652 2646 2741 2701 2H.
2786 2646 2851 2701 Et
2875 2658 3168 2701 conversus

2654 2718 2719 2772 ad
2748 2717 3050 2778 mulierem,

2654 2789 2794 2841 dixit
2814 2786 3019 2841 Simoni
3051 2800 3065 2835 :
3106 2797 3112 2811 '

2657 2857 2819 2911 Vides
2848 2856 2986 2909 hanc

2656 2926 2973 2981 mulierem?
3008 2923 3089 2978 ln-

2658 3000 2791 3051 travi
2815 2998 2865 3049 in
2890 2996 2987 3049 do-

2656 3078 2802 3121 mum
2827 3078 2995 3128 tttam,

2657 3152 2849 3206 aquam
2894 3174 2907 3189 .
2954 3178 2968 3191 .
3014 3171 3030 3188 .
3073 3172 3088 3187 .
3129 3160 3154 3171 -

2656 3207 2812 3261 dibus
2837 3206 2972 3260 meis

2657 3292 2765 3331 non
2786 3275 2980 3330 dedisti
3004 3291 3017 3326 ε

2662 3348 2794 3400 haec
2818 3358 3000 3399 autem

2660 3416 2911 3486 lacryutis
2927 3415 3038 3486 suis

2661 3484 2855 3553 rigavit
2876 3484 3037 3552 pedes

2660 3569 2834 3616 meos,
2864 3563 2918 3606 et

2662 3623 2872 3690 capillis
2896 3620 3007 3674 suis

2666 3687 2755 3746 45'.
2800 3692 2973 3745 tersit.
3012 3687 3173 3743 Oscu-

2663 3762 2776 3815 lum
2800 3760 2927 3815 inihi

2666 3846 2771 3886 non
2816 3827 3013 3885 dedisti
3049 3843 3063 3879 :

3238 368 3243 377 -
3299 343 3401 399 562

1849 4036 2047 4102 aliquid
2077 4035 2277 4103 dicere.
2301 4032 2481 4103 Atille
2506 4036 2598 4086 ait.
2634 4032 2884 4099 Magister
2911 4029 3016 4103 dic.
3047 4027 3126 4103 (c)_
3144 4025 3287 4079 Dixit
3328 4037 3423 4103 au-

1850 4098 1955 4156 teni
1979 4104 2155 4155 Jesns.
2186 4103 2225 4171 -ι-
2252 4101 2368 4154 Duo
2395 4102 2668 4171 debitores
2694 4098 2845 4153 erant
2866 4100 3075 4171 cuidam
3106 4098 3418 4171 feneratori.

1851 4188 1987 4225 unus
2010 4167 2239 4224 deltebzit
2269 4172 2517 4223 denarios
2562 4169 2883 4239 quingentos
2918 4178 2971 4222 et
2992 4170 3129 4221 alius
3154 4167 3424 4239 quinqua-

1849 4244 2015 4308 ginta.
2042 4240 2153 4292 Non
2195 4240 2511 4292 habentibus
2542 4241 2621 4308 (α)
2648 4235 2823 4294 autem
2857 4239 2895 4308 ’ί-
2929 4239 3031 4291 illis
3060 4235 3201 4292 unde
3232 4235 3425 4289 retltle-

1852 4321 1969 4363 rent
1999 4324 2160 4363 omne
2209 4310 2448 4362 debitum
2482 4312 2724 4378 utrisque
2751 4313 2989 4362 donavit.
3023 4308 3152 4375 Quis
3179 4317 3424 4378 ergoeo-

1853 4396 1967 4451 rum
1993 4382 2110 4447 plus
2133 4379 2277 4451 illum
2296 4381 2494 4451 diligit.
2513 4373 2865 4451 Respondeas
2889 4373 3065 4432 autem
3080 4379 3262 4451 Simon
3283 4373 3425 4451 dixit

1852 4445 2091 4504 APSlilltn
2123 4450 2242 4518 quia
2294 4450 2357 4502 is.
2407 4445 2489 4501 cui
2542 4450 2659 4517 plus
2700 4452 2939 4503 donarit.
2977 4453 3044 4503 At
3077 4449 3162 4501 ille
3186 4445 3320 4518 dixit

1855 4520 2021 4574 Recte
2045 4510 2317 4587 iudicasti.
2364 4520 2425 4572 Et
2453 4510 2747 4573 conversus
2772 4521 2835 4572 :ttl
2872 4519 3149 4571 mulierem
3183 4516 3316 4565 (illll
3343 4510 3427 4564 Si-

154 4049 349 4095 autem
405 4039 549 4093 illum
581 4040 791 4109 quidam
840 4056 905 4094 ex
952 4039 1254 4094 Pliarisaeis
1300 4048 1354 4091 ut
1400 4038 1747 4109 manducaret

155 4128 291 4163 (‘lttlt
318 4110 433 4163 illo.
482 4110 549 4163 Et
596 4106 865 4178 ingressus
907 4112 956 4163 in
994 4112 1207 4162 tlomttnt
1259 4106 1530 4178 Pharisaei
1570 4108 1747 4156 discu-

158 4183 307 4235 buit.
358 4182 418 4233 Et
479 4195 604 4233 ecce
656 4176 849 4233 ittnlicr
902 4194 1037 4245 quae
1093 4187 1206 4230 erat
1255 4177 1305 4228 in
1362 4176 1575 4245 civitate
1612 4188 1747 4245 pec-

154 4255 367 4305 catrix.
396 4259 457 4302 ttt
493 4250 761 4316 cognmit.
812 4242 931 4314 quia
974 4247 1241 4297 tlisenliuit
1273 4247 1323 4297 in
1364 4244 1578 4295 domum
1612 4242 1747 4294 Plia-

155 4321 359 4375 risat-i.
412 4322 586 4371 :tttultt
640 4320 961 4369 alabnsn-ntn
995 4317 1269 4381 unguenti.
1314 4322 1368 4366 et
1407 4325 1553 4365 stans
1604 4322 1745 4364 retro

153 4388 228 4445 ad
293 4390 457 4458 pedes
498 4389 611 4458 t-jus
658 4386 797 4458 llens_
842 4386 1073 4458 lacrimis
1123 4386 1299 4452 coepit
1357 4382 1530 4449 rigare
1585 4381 1747 4458 pedes

152 4452 309 4530 ejus;
368 4470 419 4511 l'l
452 4452 659 4524 capillis
682 4454 875 4520 capitis
906 4454 986 4508 sui
1008 4454 1444 4530 dulet'geb:tt.__ct
1467 4452 1747 4505 osculaba-

155 4523 255 4585 tur
287 4531 454 4598 potius
482 4529 598 4594 ejus
626 4534 679 4579 et
719 4536 993 4591 unguento
1032 4525 1322 4598 unguebat.
1353 4523 1543 4575 Vitlens
1562 4534 1745 4598 autem

154 4588 615 4663 Plini-Laetis'qni
664 4588 945 4647 rora—verat
976 4588 1117 4648 eunt.
1162 4595 1236 4649 :tit
1288 4596 1422 4647 intra
1452 4608 1510 4646 se
1542 4595 1745 4663 dicens.
1855 4594 2000 4644 muni
2030 4590 2194 4663 Vides
2210 4592 2352 4663 lianc
2382 4590 2676 4663 mulierum.
2711 4589 2929 4663 ittlrtti_\i
2960 4590 3009 4640 in
3034 4588 3426 4663 όιιηιιιιιῌυειεη

154 4651 267 4726 ilic
290 4651 370 4722 visi
422 4651 565 4721 essei
603 4664 857 4733 pl‘Opllcttl
883 4663 1049 4719 sciret
1077 4666 1260 4733 utique
1303 4678 1441 4733 quae
1479 4673 1531 4717 et
1578 4662 1750 4733 qualis
1857 4676 2045 4733 aquam
2081 4661 2303 4733 iit-ilibus
2332 4674 2463 4733 mets
2495 4677 2597 4712 non
2626 4660 2841 4712 dedisti.
2876 4657 3006 4733 haec
3045 4663 3223 4733 autem
3261 4651 3426 4733 lacri-

154 4723 375 4795 mulier
423 4747 507 4790 est
544 4723 680 4803 quae
706 4723 878 4803 tangit
915 4751 1035 4803 eum
1086 4723 1207 4803 quia
1246 4723 1510 4801 peccatrix
1545 4723 1649 4786 est.
1684 4731 1753 4803 Et
1858 4731 1959 4803 niis
1985 4723 2097 4803 suis
2124 4730 2315 4803 rigavit
2343 4730 2695 4803 petles_tueos
2722 4739 2777 4782 et
2801 4728 3007 4795 capillis
3037 4723 3150 4779 suis
3178 4723 3425 4777 detersit.

154 4751 375 4795 mulier
423 4751 507 4790 cst
583 4751 680 4789 ttae
712 4751 878 4801 tangit
915 4751 1035 4789 elttlt
1086 4751 1207 4803 quia
1246 4751 1510 4801 peccatrix
1545 4751 1649 4786 εει.
1684 4751 1753 4785 nt
1858 4751 1959 4784 nus
1985 4751 2097 4782 suis
2124 4751 2315 4797 rigant
2343 4751 2509 4797 penes
2546 4751 2649 4781 met

154 4806 521 4881 restiondens
544 4751 701 4861 gesns
725 4802 863 4859 dixit
890 4802 1230 4861 ad“Petrum
1257 4804 1442 4860 Simon
1472 4804 1640 4856 habeo
1658 4801 1750 4854 tibi
1858 4800 2109 4854 Osculum
2138 4800 2265 4852 tnilti
2300 4814 2402 4851 non
2432 4797 2649 4851 dedisti.

1431 4912 1660 4971 CODEX
1701 4910 2154 4967 CORBEIENSIS.
2196 4970 2199 4973 _

233 5016 341 5070 44.
383 5024 577 5080 aquam
609 5009 831 5080 pedibus
859 5009 991 5067 mihi
1016 5025 1122 5067 non
1151 5009 1370 5065 dedisti.

1300 5106 1303 5107 ν
1407 5118 1797 5177 VARIANTES
1834 5114 2245 5173 LECTIONES.‘

229 5244 246 5274 ί
294 5238 411 5309 ρας.
438 5237 566 5309 quod
603 5238 842 5290 accubuit.
884 5240 999 5288 Mm.
1024 5236 1172 5289 Iesus
1196 5239 1435 5289 accubuit.
1469 5237 1611 5299 Vulg.
1636 5235 1765 5301 quod
1872 5233 2127 5309 qualisest
2148 5232 2361 5309 mulier.
2390 5296 2416 5309 υ
2464 5308 2467 5309 ν
2530 5274 2594 5309 ι.

153 5293 519 5355 accnbuissét.
1565 5293 1585 5299 ”
1656 5293 1669 5301 ’
1891 5293 1901 5296 ⁷
1936 5297 1957 5327 ⁸
1989 5297 2111 5344 Mm.
2138 5308 2251 5345 eum
2276 5296 2495 5357 amplius.
2530 5294 2676 5357 Vulg.
2698 5306 2809 5344 etim
2833 5293 2957 5355 plus.

226 5368 249 5400 θ
292 5362 411 5412 ϐαι.
440 5364 486 5408 et
514 5359 631 5408 Hm.
674 5362 904 5409 scisset...
948 5362 1108 5424 qualis
1147 5359 1338 5411 mulier.
1386 5361 1534 5424 Vulg.
1557 5362 1764 5410 sciret...

1510 5458 1875 5516 BLANCIIINI
1910 5457 2133 5515 NOTAE.

240 5573 272 5601 ιι
328 5557 554 5614 Densa:
577 5559 703 5607 sunt
729 5552 781 5605 in
805 5551 993 5608 codice
1018 5554 1211 5609 litterae
1241 5561 1414 5623 p...tr.
1445 5566 1473 5604 a
1497 5561 1802 5608 correctore

234 5686 326 5761 (ᾳ)
353 5681 453 5761 ita
477 5685 545 5761 et
717 5674 813 5761 Gr:
844 5677 892 5761 tv
909 5674 1161 5761 fﬁ‘ﬂé‘ht
1187 5678 1297 5761 τξςις
1321 5674 1397 5734 ἦν.
1440 5703 1508 5715 -
1534 5674 1607 5731 (bi
1637 5676 1746 5731 Cod

1851 5682 1951 5730 aut.
1984 5671 2203 5741 ἔϐρεεευ.
2246 5700 2313 5711 -—-
2356 5670 2425 5736 (ε)
2466 5666 2597 5724 Cod.
2630 5665 2788 5721 Cum.
2839 5662 2988 5718 addit
3022 5660 3057 5727 5
3103 5661 3157 5715 δὲ
3184 5655 3343 5720 εἶπεν,
3374 5690 3444 5704 ρ-

158 5744 254 5835 (άί
276 5744 459 5812 Mdu
499 5744 686 5822 autem
717 5744 876 5800 etiam
908 5744 1035 5800 tm.
1063 5746 1161 5811 Gr;
1199 5744 1273 5797 at.
