5106 6458
100 263 204 321 573

470 377 704 438 CODEX
741 382 1278 460 VERCELLENSIS.

934 477 1019 548 lo;
1047 487 1102 534 et
1127 493 1351 548 quomo-

932 547 1003 604 do
1040 547 1223 602 sanata
1262 556 1346 605 est

931 618 1235 675 confestim.

97 473 255 528 annis
281 472 410 528 duo-

97 544 296 616 decim,
326 546 341 575 ⁸
360 561 508 616 quae

99 615 150 668 in
182 615 400 670 medicis

100 700 448 755 consumpse-
931 688 1022 744 48.
1060 689 1161 756 Qui
1186 689 1315 745 dicit
1341 689 1394 745 ei
1425 705 1436 742 :

100 764 184 810 rat
211 771 423 812 omnem
931 758 1090 824 Filia,
1118 758 1249 814 ﬁdes
1279 767 1365 813 tua

99 827 452 884 substantiam
933 838 983 885 te
1009 829 1214 884 salvam
1245 831 1322 886 fe-

940 900 1012 955 cit
1033 917 1046 953 :
1077 901 1209 955 vade
1225 900 1279 956 in

926 984 1074 1040 pace.

924 1039 1011 1095 49.
1052 1039 1238 1095 Adhuc
1275 1041 1498 1099 loquen-

925 1058 1011 1095 1111.
1052 1058 1238 1095 Auttuc
1275 1058 1328 1097 ιο
1367 1060 1369 1066 ⁴

925 1120 1083 1185 tc_eo_,
1113 1112 1262 1185 venit
1292 1058 1369 1185 (t3

922 1195 952 1234 a
981 1181 1221 1251 Principe

925 1251 1234 1335 ξγιιεεοερε
1260 1252 1323 1324 1,

923 1322 1106 1377 dicens
1132 1323 1202 1378 ei.
1362 1338 1449 1381 or-

922 1403 1007 1446 tua
1037 1401 1118 1448 est
1142 1393 1248 1448 lilia

917 1470 1026 1527 tua,
1055 1463 1160 1518 noli
1183 1464 1204 1495 ³
1233 1480 1324 1522 ve-

917 1548 1045 1589 xare
1071 1535 1237 1589 illum.

93 911 272 961 suam,
309 913 404 953 nec
431 914 523 968 po-

96 968 199 1040 luit
226 969 295 1023 ab
317 969 492 1040 aliquo

97 1036 189 1092 44.
231 1036 428 1104 111111111⁷,
458 1056 606 1098 acce-

98 1109 234 1162 dens
253 1108 322 1163 de
343 1124 428 1165 re-

99 1188 207 1242 tro.
241 1182 413 1249 tetigit

95 1249 474 1309 vestimentum

94 1320 212 1388 ejus
229 1361 244 1383 ,
277 1328 332 1374 et
359 1337 479 1391 pro-

96 1392 243 1444 tinus
269 1395 428 1457 stetit

90 1459 270 1515 ﬂuxus
296 1477 418 1516 sau-

88 1532 262 1602 guinis
295 1533 430 1602 ejus.

92 1603 183 1656 45.
225 1601 380 1676 Iesus
407 1616 606 1676 autem,
639 1607 739 1663 sci-
919 1604 1006 1660 50.
1035 1605 1190 1676 Jesus
1212 1615 1415 1676 autem,

92 1685 188 1725 ens
217 1672 359 1737 quod
386 1679 496 1731 exi-
594 1672 602 1676 ⁷
915 1689 1034 1730 cum
1075 1675 1255 1732 audis-

91 1743 196 1796 erit
219 1743 286 1796 ab
311 1749 499 1801 eovir-
913 1754 1015 1800 set.
1055 1787 1069 1805 .
1121 1786 1134 1799 .
1181 1789 1193 1802 .
1241 1788 1254 1802 .
1303 1791 1315 1804 .
1361 1792 1375 1808 .

94 1821 196 1885 tus,
226 1812 521 1885 dixit:Qui
912 1815 1066 1870 dixit.
1111 1856 1124 1870 .
1170 1857 1184 1872 .
1225 1827 1298 1873 al.
1347 1861 1358 1873 .
1408 1862 1420 1875 .
1464 1821 1479 1876 i

89 1881 265 1962 tetigit
286 1887 406 1942 me?
431 1881 533 1946 Ne-
911 1887 1120 2010 puellae
1149 1905 1162 1942 :
1195 1889 1300 1944 No-
1532 1894 1534 1896 ’

89 1954 335 2010 nantibus
933 1974 946 2010 l
989 1959 1214 2010 timere:

85 1954 335 2021 gantibus
911 1954 946 2011 li
989 1959 1178 2013 timere
1201 1977 1214 2014 :

82 2031 260 2076 autem
283 2040 398 2080 om-
908 2036 1112 2082 tantum
1150 2044 1269 2086 cre-

906 2098 991 2162 de,
1018 2110 1072 2154 et
1098 2100 1255 2157 vivet.

903 2167 994 2224 5t.
1033 2170 1271 2240 Cumque
1303 2189 1393 2231 ve-

903 2240 1070 2295 nisset
1093 2241 1258 2310 domi,

893 2324 1007 2375 non
1038 2321 1120 2365 est
1150 2327 1271 2380 pas-

899 2393 988 2433 sus
1017 2383 1214 2436 intrare

898 2463 1078 2505 secum
1107 2468 1292 2521 quem-

899 2535 1080 2588 quam,
1113 2523 1211 2577 nisi
1244 2524 1342 2581 Pe—

898 2597 1059 2657 trum,
1090 2603 1143 2647 et
1168 2593 1262 2650 Jo-

895 2659 1204 2731 hannen,et

891 2729 1166 2802 Jacobum,
1195 2744 1251 2791 et

83 2095 261 2161 nibus,
291 2097 367 2150 ait
389 2097 488 2152 Pe-

84 2171 221 2236 trus,
254 2175 307 2218 et
331 2168 421 2236 qui
447 2183 567 2226 cum

83 2235 176 2288 illo
202 2247 352 2290 erant
382 2257 396 2291 :
427 2239 531 2294 Ma-

79 2307 268 2373 gister,
301 2312 488 2364 turbae

85 2387 189 2430 tam
213 2390 438 2457 magnae

82 2459 422 2515 conprimunt

80 2528 171 2590 te,
189 2527 241 2590 et
268 2518 398 2572 dicis
429 2538 440 2573 :
469 2521 595 2590 Quis

79 2588 252 2658 tetigit
280 2591 401 2645 me?

77 2660 170 2714 46.
209 2660 306 2725 Qui
338 2661 470 2718 dixit
499 2680 512 2719 :

76 2731 272 2802 Tetigit
294 2733 378 2788 me

73 2803 296 2879 aliquis;
329 2818 428 2875 ego
677 2803 681 2807 ’
893 2815 1122 2879 patrem,
1147 2820 1202 2864 et

76 2874 217 2950 enim
245 2874 444 2945 cogno-
889 2874 1110 2935 inatrem
1144 2895 1239 2950 pu-

74 2947 126 3000 vi
155 2947 402 3004 virtutem
887 2951 1043 3006 ellae.

71 3018 248 3074 exisse
273 3035 302 3074 a
331 3033 436 3074 me.
886 3022 973 3078 52.
1016 3020 1096 3076 Pl.
1140 3061 1153 3075 .
1196 3021 1388 3078 rabant
1412 3036 1497 3078 au-

70 3085 157 3142 47.
199 3088 269 3144 Ut
305 3089 438 3145 vidit
465 3100 643 3148 autem
885 3101 987 3148 tem
1014 3109 1230 3158 omnes,

65 3158 278 3235 mulier,
310 3175 370 3216 se
395 3177 501 3217 non
838 3163 840 3165 ’
881 3173 935 3220 et
957 3165 1274 3235 plangebant

60 3227 309 3302 latuisse,
339 3246 430 3288 ve-
880 3227 1026 3289 eam.
1055 3227 1152 3302 Qui
1178 3237 1254 3288 dio

877 3306 948 3360 xit
984 3323 997 3358 :
1027 3305 1198 3360 Nolite
1223 3304 1318 3360 1111-
1363 3316 1368 3322 ·

875 3391 950 3436 re.
982 3374 1003 3406 ‘
1032 3392 1120 3428 no.
1168 3416 1179 3428 .
1227 3414 1239 3427 .
1283 3374 1390 3429 nim

874 3445 950 3516 (b)
975 3460 1099 3516 11111.
1127 3484 1163 3516 ._
1187 3483 1201 3496 .
1241 3460 1270 3499 a
1299 3453 1383 3499 est
1407 3445 1465 3515 σξη,

869 3514 972 3569 8..
1018 3555 1032 3569 .
1073 3515 1103 3568 d
1137 3514 1352 3569 dormit.

868 3586 955 3640 53.
997 3586 1081 3641 Ε1.
1127 3625 1139 3638 .
1187 3627 1199 3639 .
1241 3586 1492 3642 ridebant

866 3671 1007 3721 eum,
1036 3659 1212 3712 scien-

865 3733 947 3782 1115
971 3743 1087 3782 eam
1113 3743 1257 3783 mor-

864 3806 1004 3852 tuam
1031 3814 1170 3855 0586.

57 3299 134 3351 nit
165 3310 395 3356 tremens
415 3343 430 3368 ,

58 3368 77 3397 ’
102 3379 155 3424 et
183 3373 463 3439 procidens

53 3448 177 3491 ante
209 3439 370 3506 pedes
399 3441 461 3494 il-

58 3506 156 3560 lius
182 3524 196 3572 ;
229 3519 282 3562 ct
312 3510 382 3581 ob
408 3526 565 3581 quam

52 3592 262 3631 causam
296 3580 417 3634 teti-

50 3647 122 3714 git
154 3663 297 3715 eum,
328 3652 405 3704 in-

50 3715 246 3771 dicavit
276 3734 451 3776 coram

50 3789 192 3843 omni
222 3804 391 3860 popu-

1166 270 1607 329 EVANGELlUM
1647 271 2014 330 SECUNDUM
2042 274 2295 333 LUCAM.

3250 285 3354 341 574

2203 388 2434 447 CODEX
2473 389 2922 452 VERONENSIS.

1782 482 1937 535 annis
1965 496 2059 535 xu.
2602 485 2769 551 illtun,
2802 488 3057 544 indicabit

1781 566 1919 627 quae
1945 552 1996 605 111
2598 571 2777 611 coram
2801 559 3082 627 omnibus;

1780 622 2019 676 medicos
2041 637 2161 678 ero-
2599 637 2652 681 et
2680 627 3016 695 quemadmo-

1778 703 1994 762 garerat
2033 707 2143 748 om-
2600 696 2724 750 dum
2754 697 3036 753 confestim

1779 777 1900 817 nem
1929 762 2281 821 substantiam
2598 777 2781 821 sanata
2814 775 2914 823 est.

1777 847 2078 907 sinant,.nec
2600 839 2689 893 48.
2729 837 2808 892 Ad
2844 839 2958 907 ipse

1776 904 1845 957 ab
1872 903 1983 958 ullo
2003 918 2115 974 po-,
2602 907 2733 962 dixit
2764 909 2838 963 illi
2864 903 2882 963 Ξ

1775 974 1877 1028 tuit
1915 976 2087 1030 corari
2123 994 2137 1030 :
2600 978 2754 1041 Filia,
2784 979 2916 1034 ﬁdes

1773 1043 1864 1098 44.
1904 1049 2135 1104 accessit
2163 1062 2248 1104 re-
2597 1061 2683 1102 tua
2715 1060 2765 1103 te
2790 1051 2990 1104 salvam

1774 1124 1878 1180 tro.
1919 1124 1976 1170 et
2595 1119 2717 1173 fecit
2741 1138 2754 1172 :
2783 1122 2915 1176 vade

1772 1185 1946 1259 tetigit
1975 1201 2078 1259 ve—r
2593 1190 2644 1243 in
2674 1205 2820 1259 pace.

1768 1257 2004 1328 stimenti
2036 1258 2152 1328 ejus
2178 1263 2190 1275 "
2590 1257 2687 1315 49.
2725 1262 2911 1316 Adhuc
2940 1263 3033 1318 illo

1771 1325 2078 1400 fimbriam,—
2590 1330 2863 1400 loquente,
2893 1335 3038 1388 venit

1767 1405 1821 1451 et
1849 1397 2131 1454 confestim
2586 1397 2673 1526 gn)
2693 1418 2720 1454 a
2754 1403 2997 1470 Principe

1767 1468 1912 1522 stetit
1934 1466 2109 1524 ﬂuxus
2629 1488 2897 1526 vuatzoeae
2928 1475 2988 1526 ·1·.

1765 1468 1912 1522 stetit
1934 1466 2109 1545 tluxus
2586 1466 2897 1545 Sinasogae
2928 1466 2988 1545 'i'.

1763 1537 2035 1607 sanguinis
2583 1537 2766 1597 dicens
2795 1537 2882 1597 ei:
2941 1537 2983 1545 "
3073 1560 3077 1565 ·

1763 1609 1897 1680 ejus.
2272 1670 2275 1678 ι
2395 1662 2399 1664 ν
2582 1612 2713 1680 Quia
2747 1626 2957 1668 mortua

1765 1679 1853 1733 45.
1896 1679 1964 1736 Et
1987 1682 2061 1738 ait
2086 1685 2288 1742 Jesus:
2579 1679 2660 1738 est
2708 1685 2838 1737 lilia.
2882 1723 2896 1738 .
2940 1726 2952 1738 .
3000 1726 3011 1738 .
3093 1724 3106 1739 .

1764 1748 1894 1816 Quis
1920 1761 2005 1807 est
2579 1754 2687 1808 noli
2710 1769 2925 1810 vexare.
3016 1793 3019 1797 -

1760 1822 1848 1888 qui
1879 1836 1964 1877 me
1997 1833 2073 1879 te-
2577 1822 2665 1878 50.
2707 1824 2860 1880 Jesus
2889 1837 3086 1884 autem.

2577 1896 2760 1948 audito
2784 1897 2885 1952 hoc

1761 1892 1908 1958 tigil?
1935 1893 2143 1965 Negat]-
2577 1896 2760 1948 audito
2784 1897 2868 1951 ltOt

1761 1959 1899 2016 tibus
1919 1974 2097 2022 autem
2582 1966 2766 2029 verbo,
2794 1967 2868 2021 ait

1759 1959 1899 2016 tibus
1919 1959 2097 2022 autém

1755 2034 2022 2106 omnibus,
2575 2037 2711 2106 patri
2745 2038 2996 2106 puellae}

1755 2102 1891 2157 dixit
1918 2104 2018 2160 Pe-
2573 2102 2690 2159 Noli
2722 2102 2931 2176 timere,

1752 2178 1973 2248 trus,re_t
1995 2181 2083 2248 qui
2571 2177 2731 2230 crede
2758 2187 2981 2248 tantum,

1751 2255 1870 2296 cum
1899 2245 1990 2300 illo
2011 2245 2022 2248 ⁷
2567 2255 2622 2300 et
2649 2249 2789 2301 salva
2818 2250 2936 2302 erit.

1749 2325 1902 2367 erant
1934 2334 1945 2368 :
1976 2319 2139 2376 Prae-
2568 2317 2656 2370 51.
2700 2319 2767 2371 Et
2799 2334 2918 2372 cunt
2947 2322 3124 2376 venis-

1746 2393 1950 2450 ceptnr,
1983 2391 2168 2448 turbae
2566 2397 2650 2439 set
2675 2390 2913 2442 domum.

1747 2463 1797 2506 te
1825 2461 2161 2524 conpriment

1745 2531 1861 2596 tant
1881 2542 2124 2596 magnae,

1739 2603 1790 2647 et
1815 2593 1948 2650 dicis
1972 2593 1993 2650 ':
2020 2593 2147 2665 Quis

1736 2679 1825 2718 me
1856 2668 2060 2737 tetigit?

1734 2737 1822 2790 46.
1866 2737 1944 2790 Ad
1976 2739 2131 2798 Jesus
2160 2743 2240 2798 di-

1735 2808 1851 2861 xit:
1882 2807 2077 2881 Tetigit

1731 2893 1817 2934 me
1845 2881 2068 2950 aliquis;

1728 2965 1850 3005 nam
1881 2960 1936 3007 et
1955 2969 2054 3024 ego

1728 3025 1949 3092 cognovi
1978 3027 2083 3080 vir-

1728 3101 1889 3149 tutem
1923 3095 1989 3152 de
2015 3112 2099 3152 me

1691 3190 1693 3192 ·
1725 3167 1922 3221 exisse.

1720 3237 1812 3290 47.
1854 3237 2050 3293 Videns
2067 3248 2244 3293 autem

1720 3307 1940 3370 mulier,
1967 3310 2086 3376 quia

1717 3391 1823 3430 non
1853 3377 2006 3430 latuit

1716 3447 1888 3509 illum,
1910 3450 2053 3502 venit

1716 3517 1925 3579 timens“,
1958 3526 2012 3572 et

1713 3588 1934 3655 procidit
1969 3597 2094 3644 ante

1711 3659 1872 3727 pedes
1910 3659 2053 3712 illius
2087 3676 2098 3711 :

1709 3737 1766 3784 et
1800 3729 1870 3783 ob
1897 3744 2053 3799 quam

1707 3813 1923 3854 causam
1950 3801 2182 3870 tetigerit

2563 2470 2668 2510 non
2699 2461 2939 2525 permisit

2562 2525 2760 2580 intrare
2791 2542 2970 2584 secum

2559 2609 2898 2664 quemquam,
2989 2652 2999 2658 ,

2558 2667 2656 2718 nisi
2690 2666 2927 2734 Petrum,

2555 2744 2608 2790 et
2643 2736 2944 2803 Johannen,

2554 2817 2607 2861 et
2643 2807 2944 2875 lambunt,-

2553 2885 2863 2948 etpatrem,
2895 2889 2950 2934 et

2552 2960 2775 3020 matrem
2801 2952 3030 3020 puellae.

2545 3019 2633 3073 52.
2673 3019 2896 3076 Flebant
2925 3032 3100 3082 autem

2544 3103 2754 3163 omnes,
2786 3105 2841 3146 et
2860 3093 3010 3163 plan-

2540 3162 2736 3229 gebant
2766 3162 2932 3218 illam.

2541 3235 2621 3296 Ad
2649 3236 2741 3289 ille
2763 3234 2838 3288 di-

2538 3307 2616 3360 xit
2646 3324 2657 3357 :
2688 3305 2863 3372 Nolite

2535 3376 2686 3438 ﬂere,
2715 3391 2820 3431 non
2851 3385 2932 3430 est

2533 3445 2612 3518 (b)
2640 3458 2846 3501 mortua
2867 3446 2926 3515 λς,

2529 3517 2622 3570 Sed
2652 3517 2871 3570 dormit.

2503 3587 2614 3641 .53.
2659 3588 2721 3639 Et
2746 3584 3062 3639 deridebant

2527 3671 2669 3716 euut.
2700 3657 2926 3710 scientes

2526 3727 2665 3794 quod
2699 3737 2904 3780 mortua

2526 3807 2688 3852 esset.

1314 3927 1562 3984 'CODEX
1599 3927 1983 3984 BRIXIANUS.

39 4015 476 4092 annisduodecim
489 4034 623 4092 quae
638 4021 688 4075 in
705 4019 923 4076 medicis
940 4029 1473 4092 erogaveratomnem
1488 4019 1604 4092 sui»

39 4090 285 4143 Stantiam
307 4105 477 4144 suam.
502 4088 556 4147 et
585 4107 689 4146 non
715 4093 886 4161 potuit
908 4091 974 4144 ab
997 4088 1101 4143 ullo
1125 4091 1320 4144 curari.
1343 4088 1600 4161 accedens

40 4162 417 4237 retro._tetigit
445 4156 1040 4237 ﬁmbriam-vestimenti
1069 4161 1208 4237 ejus.
1241 4168 1292 4237 et
1318 4156 1598 4237 confestim

36 4231 178 4282 Stetit
208 4226 388 4284 ﬂuxus
411 4231 686 4299 sanguinis
707 4231 842 4296 ejus.
880 4239 932 4282 et
961 4229 1035 4280 ait
1058 4226 1211 4299 Jesus
1241 4228 1368 4299 Qtth
1399 4236 1474 4279 est
1506 4227 1596 4296 qui

35 4310 114 4370 me
144 4301 331 4370 tetigit.
362 4297 684 4370 Negantibns
724 4309 898 4353 autem
932 4298 1176 4370 omnibus
1202 4299 1274 4350 ait
1317 4297 1505 4370 Petrus
1543 4306 1596 4350 et

31 4369 113 4434 qui
149 4365 266 4422 cuni
291 4369 380 4422 illo
403 4365 571 4422 erant.
606 4368 944 4436 Praeceptor.
980 4369 1162 4422 turbae
1191 4380 1238 4422 te
1265 4365 1598 4422 cirtumdant

30 4445 78 4509 et
100 4440 471 4509 comprimunt.
513 4450 564 4493 et
600 4439 732 4493 dicis
763 4439 890 4507 Quis
914 4455 998 4495 me
1031 4439 1216 4509 tetigit.
1253 4440 1315 4493 Et
1336 4438 1490 4493 Jesus
1519 4441 1592 4492 ait

31 4504 331 4580 Tetigit—me
359 4509 569 4578 aliquis.
599 4524 696 4578 ego
719 4504 857 4564 enim
883 4513 1102 4580 cognovi
1128 4504 1376 4564 Virtutem
1409 4510 1474 4563 de
1506 4517 1598 4565 ttte'

31 4575 218 4630 exisse.
255 4575 463 4652 Videtis
501 4575 678 4634 autem
702 4581 916 4652 mulier
949 4575 1082 4652 quia
1136 4598 1240 4635 non
1293 4583 1440 4635 latuit
1469 4597 1588 4635 eunt

33 4654 282 4723 tremens,
309 4649 450 4723 venit
481 4659 536 4705 et
567 4651 793 4723 procidit
816 4660 937 4706 ante
956 4649 1099 4710 eum.
1124 4653 1262 4707 et'ob
1285 4667 1441 4723 quam
1466 4667 1592 4705 cau-

31 4726 132 4770 sam
166 4718 401 4788 tetigerit
447 4718 579 4775 euut
614 4721 865 4778 indicavit
906 4737 1086 4779 coram
1125 4723 1270 4777 omni
1301 4718 1510 4792 populo
1535 4731 1590 4778 et

1709 4020 2152 4086 quemadmodum
2179 4019 2460 4074 confestim
2490 4027 2678 4072 sanata
2699 4026 2800 4073 est.
2829 4016 2907 4071 Ad
2927 4015 3016 4071 ille
3035 4015 3172 4071 dixit
3192 4017 3262 4072 ci.

1709 4088 1837 4140 Filia
1872 4090 2002 4143 lides
2030 4099 2114 4142 tua
2163 4099 2211 4142 te
2258 4091 2455 4142 salvam
2485 4089 2607 4142 fecit
2647 4089 2778 4141 vade
2809 4088 2860 4141 111
2893 4102 3039 4156 pace.
3075 4088 3262 4143 Adhuc

1708 4158 1798 4228 illo
1826 4159 2076 4228 loquente
2105 4160 2248 4212 venit
2276 4159 2489 4228 quidam
2520 4159 2582 4211 :nl
2624 4157 2922 4226 l’riucipcm
2952 4159 3265 4228 Synagngae

1702 4227 1888 4280 dicens
1917 4228 1966 4280 ei
1997 4227 2129 4294 Quia
2159 4227 2359 4291 mortua
2401 4238 2478 4282 est
2515 4230 2616 4282 lilia
2650 4240 2736 4282 ttta
2760 4229 2865 4282 noli
2901 4227 3089 4281 vexare
3120 4247 3263 4282 eum.

1701 4297 1856 4352 Jesus
1887 4308 2062 4352 autem
2093 4300 2273 4354 audito
2295 4299 2395 4352 hoc.
2423 4301 2608 4354 verbo.
2641 4299 2717 4353 ait
2747 4301 2878 4368 patri
2903 4298 3112 4368 puellae
3140 4300 3258 4352 Noli

1699 4372 1886 4423 timere
1927 4377 2127 4423 tantum
2160 4372 2318 4424 crede
2349 4382 2398 4424 et
2428 4372 2575 4425 salta
2606 4372 2726 4424 erit.
2767 4371 2828 4424 Et
2871 4385 2988 4424 eum
3025 4372 3260 4422 venisset

1697 4440 1755 4516 111
1779 4440 1995 4516 domant
2028 4456 2135 4494 non
2173 4443 2412 4516 permisit
2456 4441 2658 4516 intrare
2699 4457 2874 4516 secum
2919 4453 3254 4508 queinquam.

1694 4511 1805 4566 nisi
1832 4511 2046 4567 Petrum
2084 4522 2136 4566 et
2164 4512 2462 4566 Joltaunem
2495 4511 2830 4566 et'Jacohum
2877 4522 2925 4577 et
2965 4519 3166 4577 patrem
3201 4516 3253 4558 rt

1695 4593 1913 4638 matrem
1945 4584 2170 4650 puellae.
2197 4582 2421 4636 Flebant
2448 4591 2622 4636 autem
2652 4596 2836 4649 otnnes
2854 4571 2904 4631 el
2938 4571 3252 4650 plangebant

1694 4653 1841 4724 illam
1867 4643 2055 4706 Atl'ille
2077 4652 2587 4724 tlixitLNolitetlere
2611 4667 2714 4702 non
2741 4647 2817 4701 est
2846 4650 2982 4724 enim
3017 4643 3090 4715 (b)
3111 4660 3250 4724 utor:

1692 4730 1778 4777 tua
1803 4723 1842 4794 ’ξ-
1873 4725 1963 4778 sed
1989 4725 2198 4777 dormit.
2241 4723 2306 4774 Et
2341 4721 2652 4774 deridebant
2692 4733 2810 4771 eum
2856 4718 3084 4770 scientes
3111 4714 3247 4784 quod

1274 4844 1502 4899 CODEX
1529 4842 1994 4899 CURBEIENSIS.

55 4927 171 5008 _45.
213 4931 401 4988 turbae
447 4940 500 4990 te
538 4935 889 5007 compriment
933 4919 1041 4991 tam
1090 4949 1312 5008 magnae
1336 4976 1352 5004 ,
1384 4944 1458 5006 et__
1490 4935 1570 4988 di-

25 5009 95 5052 1111
235 5043 251 5057 .

86 5010 332 5129 ieiunam
361 5083 416 5130 et
443 5089 543 5148 ego
569 5076 792 5148 cognovi
820 5076 1070 5132 virtutem
1097 5076 1272 5132 exisse
1297 5075 1364 5132 de
1390 5091 1495 5131 me.

1744 4934 1833 4990 47.
1874 4935 1995 5004 quia
2023 4946 2128 4987 non
2158 4931 2312 4986 latuit
2339 4930 2508 4996 illum,
2537 4932 2681 4985 venit
2709 4940 2960 4988 tremens.

1745 5006 1832 5061 55.
1875 5006 2105 5060 scientes
2133 5004 2152 5034 ⁵
2182 5010 2305 5059 eam‘
2330 5009 2754 5087 mortuamesse.

1216 5188 1604 5246 “amares
1637 5182 2048 5259 LECTIONES.

63 5276 91 5324 .l
126 5278 224 5344 Gut.
246 5292 378 5344 quae
405 5281 453 5329 in
476 5281 696 5330 medicis.
722 5283 837 5330 Mm.
863 5291 987 5342 quae
1012 5279 1225 5330 medicis.
1269 5281 1416 5344 Vulg.
1438 5295 1564 5343 quae

25 5342 309 5463 If
330 5401 598 5463 procedens
620 5401 678 5449 ad
700 5401 906 5463 pedes...
933 5402 1169 5452 indicavit.
1193 5406 1311 5452 Mm.
1337 5409 1561 5455 narravit.

31 5455 160 5524 Vulg:
185 5468 234 5510 et
255 5455 464 5524 procidit
487 5469 598 5524 ante
618 5455 770 5522 pedes
793 5463 896 5524 ejus
1017 5464 1260 5513 indicavit.

79 5518 226 5572 "Gal.
255 5518 440 5572 'vexaai
482 5518 633 5571 illum:
687 5518 1028 5574 Mmfvexare
1068 5528 1369 5589 magistrum.
1416 5527 1561 5592 July.
1638 5578 1640 5580 ,

1669 5288 1853 5329 vexare
1876 5274 2025 5324 illum.

1733 5339 1754 5370 ⁸
1789 5338 1892 5388 Gut.
1918 5342 1961 5387 et
1987 5339 2101 5386 Mm.
2125 5349 2218 5386 non
2242 5344 2318 5388 est
2335 5346 2494 5389 tamen
2520 5343 2722 5396 mortua,
2739 5335 2843 5386 sed.
2875 5333 3019 5395 Vulg.
3044 5345 3136 5381 non
3163 5335 3239 5381 est

1671 5407 1859 5452 mortua
1883 5397 2061 5461 puella,
2085 5399 2191 5447 sed.
2605 5436 2608 5439 .

1735 5465 1754 5494 ⁸
1789 5460 1896 5511 ϐαιῇ
1918 5460 2031 5522 quia
2053 5466 2240 5510 mortua
2266 5465 2535 5512 esset.Mrn.
2556 5462 2667 5523 quia
2691 5465 2872 5507 mortua
2898 5466 2990 5507 est.

436 5667 441 5673 -
1307 5632 1663 5692 BLANCHINI
1701 5630 1925 5691 ΝΟΤιΕ.

87 5712 153 5789 (a)
183 5715 255 5775 ita
283 5725 343 5776 et
372 5727 478 5776 tex.
519 5715 610 5775 Gr.
630 5757 648 5788 ,
680 5721 821 5803 παρὰ
859 5725 951 5780 τοῦ
995 5724 1440 5805 ἀρχισυναγώγου.
1472 5753 1539 5767 --
1562 5706 1636 5799 (ὁ)
1667 5727 1791 5784 Post
1821 5733 2019 5780 mortua
2043 5766 2058 5797 ,
2088 5724 2238 5781 deest
2261 5723 2427 5794 puella
2452 5763 2467 5793 ,
2497 5721 2656 5779 etiam
2688 5719 2738 5776 in
2764 5729 2871 5777 tex.
2901 5717 2994 5778 Gr.
