3920 6440
492 286 495 289 ’
536 309 570 353 5
993 294 1260 354 EUSEBII
1297 291 1629 352 VERCELL.
1670 292 2112 354 EVANGELIUM
2146 280 2290 355 CUM
2328 296 2553 356 VARIIS
2589 296 2743 355 σου.
2774 295 3163 356 COLLATUM.

839 406 1069 464 CODEX
1105 406 1637 465 VERCELLENSIS.

465 503 557 559 54.
596 501 716 569 Ipse
740 508 945 567 autem,
976 499 1071 555 ad-

466 573 765 645 praeirensa

469 641 627 698 inanu
651 641 765 710 ejus

468 709 830 775 exclamavit,‘

469 784 657 837 dicens
683 798 696 834 :
729 780 884 835 Puel-

471 852 559 908 55.
600 851 670 915 la,
698 865 874 920 surge.
902 849 971 906 Et
990 864 1078 906 re-

471 935 658 977 versus
680 929 763 976 est

471 991 687 1061 spiritus
707 991 844 1060 ejus.
870 997 926 1046 et

472 1062 706 1117 surrexit
741 1070 851 1114 sta-

474 1133 586 1203 tim.
613 1129 682 1203 Et
707 1130 870 1203 jussit.

471 1202 586 1256 dari
612 1200 661 1253 ei
692 1216 833 1253 man-

470 1272 690 1325 ducare.

471 1341 559 1397 56.
601 1341 767 1413 thtu
776 1348 1000 1410 puertmt

471 1423 648 1465 autem
683 1427 875 1478 paren-

473 1488 556 1536 tes
586 1482 722 1550 ejus,
754 1496 908 1551 prae-

473 1551 721 1621 cepitque
752 1552 816 1604 il-

474 1621 560 1684 lis,
597 1630 657 1676 ut
688 1621 860 1676 nemi-

474 1692 528 1745 ni
559 1692 801 1745 dicerent

475 1761 615 1831 quod
645 1760 842 1815 factum

671 1872 900 1928 CAPUT
938 1872 1029 1927 IX.

480 1966 531 2018 l.
572 1973 677 2019 est.
693 1966 709 1995 ¹
734 1962 875 2019 Con-

480 2035 687 2089 vocatis
712 2050 807 2087 au—

484 2115 592 2159 tem
624 2105 828 2159 duode-

479 2176 584 2229 cim
612 2176 843 2243 Aposto-

483 2245 572 2308 Iis,
597 2244 743 2298 dedit
771 2244 878 2298 illis

482 2314 756 2379 virtutem,

484 2394 538 2439 et
570 2393 803 2452 potesta-

486 2465 593 2509 tem
623 2469 783 2522 super

484 2523 661 2578 omnia
684 2524 807 2578 dae-

485 2593 687 2657 monia,
720 2604 774 2648 et
797 2596 911 2649 lan-

483 2680 679 2734 guores
704 2680 897 2719 curan-

483 2740 539 2788 2.
578 2735 655 2788 di.
693 2734 757 2788 Et
780 2738 924 2790 misit
948 2734 1069 2790 illos

485 2804 799 2874 praedicare

487 2889 712 2944 regnum
748 2875 861 2939 Dei,

487 2955 542 2997 et
570 2958 624 2995 sa
634 2958 761 2997 nare

488 3015 543 3064 3.
584 3023 850 3077 aegrotos.
882 3014 945 3069 Et
967 3014 1038 3069 di-

492 3083 573 3135 xit
600 3084 663 3133 ad
696 3082 814 3135 illos
843 3099 856 3133 :

491 3151 628 3206 Nihil
662 3151 860 3205 tollatis

492 3223 545 3275 in
574 3222 654 3275 via
673 3263 687 3286 ,
716 3237 893 3290 neque

492 3293 730 3360 virgam,
760 3308 853 3346 ne-

493 3376 596 3429 quc
621 3376 765 3429 pera.
811 3400 825 3413 .

495 3446 668 3498 neque
689 3433 849 3487 calci-

493 3512 727 3564 amenta,
752 3518 844 3557 ne-

494 3586 597 3637 que
630 3587 816 3640 panem
838 3614 851 3637 ,

497 3657 669 3710 neque
694 3657 844 3710 pecu-

499 3712 659 3775 niam,
694 3726 863 3779 neque

499 3781 633 3834 duas
663 3784 868 3835 tunicas

503 4018 707 4062 mortua
736 4020 898 4064 esset.
928 4010 1046 4075 Ipse
1077 4017 1253 4065 autem
1282 4010 1485 4064 eiciens
1510 4023 1697 4063 omnes
1725 4010 1885 4063 t'oras.
1919 4018 1972 4064 et
1996 4020 2072 4064 te-

505 4093 639 4129 nens
671 4095 881 4133 manuni
916 4082 1033 4150 ejus
1076 4080 1324 4134 clamavit
1358 4081 1562 4134 dicens.
1615 4081 1795 4135 Puella
1822 4096 1980 4149 surge
2010 4081 2072 4134 Et

505 4161 751 4219 reversus
781 4160 864 4205 est
888 4153 1106 4213 Spiritus
1133 4152 1246 4219 ejus
1275 4162 1328 4204 et
1354 4152 1582 4205 surrexit
1602 4154 1855 4203 continuo
1877 4152 2069 4219 lﬁtjus-

506 4215 675 4289 sitilli
699 4221 823 4273 dare
857 4215 1195 4275 inanducire.
1234 4223 1296 4273 Et
1322 4230 1636 4287 stupuerunt
1670 4227 1920 4289 parentes
1955 4215 2068 4288 cjus

507 4287 699 4359 qui_hus
729 4292 997 4352 praecepit
1024 4308 1088 4343 ne
1118 4291 1276 4342 alicui
1315 4292 1555 4343 dicereut
1583 4287 1721 4359 quaid
1747 4290 1941 4343 factum
1964 4287 2063 4343 est.

575 4354 892 4409 Convocatis
932 4368 1107 4410 autem
1135 4359 1417 4412 duodecim
1463 4354 1752 4424 Apns'tolis.
1786 4360 1932 4412 dedit
1958 4360 2067 4413 illis

507 4424 755 4477 virtutem
786 4434 839 4478 et
881 4435 1195 4491 pute~tulettt
1228 4426 1387 4485 super
1416 4432 1591 4478 omnia
1616 4429 1895 4480 daemonia
1925 4440 1976 4481 et
2010 4439 2065 4480 ut

507 4494 789 4563 latigaures
817 4503 1069 4548 sanarent
1096 4496 1159 4547 Et
1194 4494 1335 4546 misit
1368 4496 1484 4546 illus
1517 4497 1821 4561 praedicare
1845 4512 2062 4563 regnum

506 4564 620 4618 Dei:
654 4576 707 4619 et
750 4581 940 4617 sanare
970 4580 1156 4617 omnes
1202 4563 1557 4617 inﬁrmitates.
1610 4564 1672 4617 Et
1712 4566 1785 4615 ait
1823 4565 1886 4617 ad
1920 4566 2059 4616 illus.

505 4634 643 4688 Nihil
675 4635 969 4689 tuleritisiu
990 4636 1268 4702 via'neque
1289 4633 1511 4701 virgam.
1557 4648 1727 4700 neque
1759 4649 1936 4699 peram
1967 4649 2059 4688 ne-

505 4721 608 4775 que
623 4720 807 4775 panem
825 4720 997 4775 neque
1010 4718 1490 4774 pecumaui.neque
1503 4703 1854 4757 duastunicas
1868 4704 2061 4757 habea—

1281 499 1543 554 habeatis.
1586 496 1587 499 “

1281 571 1335 625 4.
1377 570 1433 623 In
1456 582 1766 639 quamcum-

1283 655 1389 709 que
1411 639 1624 693 domum

1284 708 1566 763 intraveri-

1288 779 1355 833 lis
1374 819 1389 844 ,
1417 778 1490 833 ibi
1520 793 1701 834 mane-

1290 856 1365 921 te,
1396 857 1452 902 et
1484 848 1611 921 unde
1639 850 1711 921 (ο)
1740 849 1851 904 exi-

1291 919 1343 973 5.
1386 926 1458 973 te.
1482 917 1547 971 Et
1585 917 1828 995 quicum-
1864 944 1875 951 ~

1288 1003 1394 1058 que
1420 1003 1523 1041 non
1547 1004 1634 1043 re-

1288 1059 1531 1127 ceperint
1558 1073 1654 1114 vos
1677 1099 1691 1123 ,

1288 1137 1544 1182 CXCUDIBS

1289 1197 1356 1252 de
1378 1198 1592 1252 civitate

1289 1268 1403 1331 illa,
1439 1267 1620 1334 pulve-

1294 1352 1404 1391 rem
1434 1345 1668 1392 vestrum

1292 1408 1358 1461 de
1388 1408 1612 1476 pedibus

1290 1479 1525 1532 excutite
1565 1516 1577 1529 .
1625 1519 1638 1533 .
1678 1493 1711 1532 n

1295 1547 1585 1601 testimoni-

1296 1631 1384 1670 um
1409 1617 1535 1671 illis.

1297 1686 1349 1740 6.
1391 1688 1411 1717 ⁸
1443 1686 1713 1741 Exeuntes
1735 1701 1829 1741 au-

1297 1765 1424 1823 tem,
1446 1756 1639 1810 circui—

1295 1824 1714 1881 b...rmu-

1301 1895 1376 1949 ni.
1413 1934 1429 1951 .
1472 1935 1486 1950 .
1531 1935 1545 1951 .
1583 1910 1774 1950 evan--

1300 1967 1401 2033 geli
1446 2005 1459 2018 .
1502 2005 1515 2018 .
1558 1974 1695 2031 ntes,

1301 2046 1354 2089 Cl
1374 2044 1625 2089 curantes

1301 2106 1515 2159 ubiaue.

1302 2177 1354 2229 7.
1394 2175 1577 2230 Audiit
1598 2185 1774 2232 autem

1202 2270 1207 2273 ι
1270 2250 1276 2260 ’
1300 2245 1538 2299 Herodes
1570 2246 1671 2301 Te-

1302 2316 1513 2370 trarcha
1544 2332 1661 2371 om-

1300 2387 1408 2449 nia,
1440 2400 1575 2454 quae
1605 2388 1701 2441 tie-

1301 2451 1535 2519 bant,'et
1561 2465 1676 2511 stu—
1791 2451 1806 2463 “

1303 2526 1479 2597 pebat,
1505 2540 1571 2581 eo
1598 2526 1739 2597 quod

1298 2595 1567 2651 diceretur

1299 2666 1353 2720 8.
1394 2681 1425 2720 a
1454 2666 1766 2735 quibusdam
1792 2685 1804 2719 :

1300 2738 1435 2803 Quia
1462 2738 1734 2792 Johannes

1302 2810 1533 2861 surrexit
1553 2824 1581 2860 a

1304 2878 1527 2931 mortuis
1560 2896 1572 2932 :
1606 2894 1633 2930 a
1656 2876 1773 2944 qui-

1306 2946 1525 2999 busdam
1555 2962 1649 2999 au-

1308 3024 1414 3070 tem
1451 3033 1461 3067 :
1485 3016 1615 3083 Quia
1644 3016 1745 3071 tle-

1312 3086 1410 3139 lias
1439 3100 1572 3153 appa
1582 3102 1669 3138 ru-

1314 3195 1327 3207 .
1373 3194 1386 3207 .
1431 3195 1445 3209 .
1487 3158 1553 3208 ah
1578 3156 1699 3208 aliis
1725 3169 1839 3208 au-

1310 3234 1416 3278 tem
1451 3244 1464 3279 :
1490 3225 1623 3292 Quia
1645 3224 1771 3278 Pro-

1312 3297 1471 3362 pheta
1501 3300 1565 3348 de
1588 3310 1684 3348 an-

1310 3365 1469 3433 tiquis
1492 3381 1673 3419 surre—

1306 3434 1361 3489 9.
1394 3434 1488 3489 xit.
1521 3436 1672 3490 Dixit

1307 3504 1843 3576 (d)au...-j-...

1311 3645 1446 3700 Joha
1489 3684 1505 3700 .
1548 3682 1561 3696 .
1597 3615 1720 3700 nem

1321 3753 1391 3767 ..
1437 3754 1449 3767 .
1494 3752 1509 3767 .
1553 3754 1566 3768 .
1607 3715 1765 3769 colla-

1316 3785 1387 3837 vi.
1415 3784 1545 3852 Quis
1571 3792 1746 3838 autem

2546 406 2774 468 CODEX
2813 411 3260 468 VERONENSIS.

2129 502 2219 557 542
2260 501 2379 571 Ipse
2415 511 2617 568 autem,

2132 583 2319 627 tenens
2342 587 2555 626 manum

2128 643 2265 711 ejus,
2292 642 2564 709 clamavit,

2128 711 2311 767 dicens
2345 730 2357 764 :
2396 712 2601 778 Puella,

2129 783 2218 837 55.
2260 784 2449 850 surge.
2464 781 2530 835 Et

2130 853 2204 922 (α)
2234 852 2504 922 ccttvertit
2550 851 2556 863 ’

2131 919 2373 990 Spiritum
2403 920 2519 990 ejus
2538 919 2600 990 1-,

2131 1000 2186 1045 et
2210 992 2440 1045 surrexit

2132 1060 2403 1116 coniinuo.
2440 1060 2508 1114 Et

2128 1131 2287 1199 jussit
2313 1131 2390 1184 illi
2419 1128 2536 1183 dari

2135 1200 2477 1256 manducare.

2126 1269 2224 1323 ⁸56.
2266 1270 2329 1323 Ει
2350 1277 2665 1337 stupuerunt

2135 1352 2384 1408 parentes
2405 1339 2554 1407 ejus:

2136 1409 2327 1479 quibus
2360 1423 2548 1478 praece
2560 1436 2577 1450 -

2136 1482 2234 1547 pit,
2260 1494 2326 1533 ne
2351 1480 2509 1532 alicui
2568 1546 2571 1547 ν
2610 1540 2613 1541 ν

2136 1550 2396 1613 dicereut,
2437 1546 2578 1618 quod

2140 1618 2336 1673 factum
2363 1627 2465 1672 est.

2333 1729 2560 1785 CAPUT
2598 1726 2692 1783 IX.

2141 1826 2193 1880 ‘l.
2224 1822 2541 1878 Convocatis

2141 1904 2316 1948 autem
2347 1907 2441 1947 XII.

2144 1964 2219 2034 (b)
2258 1962 2532 2034 discipulis

2146 2031 2255 2089 suis
2284 2032 2347 2102 τ,
2370 2031 2517 2086 dedit

2150 2105 2257 2157 illis
2284 2106 2554 2164 virtutem.

2150 2184 2204 2228 et
2230 2182 2543 2243 potestatem

2149 2242 2311 2312 super
2329 2242 2506 2297 omnia

2150 2315 2454 2377 daemonia,

2152 2396 2205 2440 et
2234 2394 2291 2439 ut
2319 2385 2540 2452 languo-

2152 2470 2240 2510 res
2267 2462 2537 2508 curarent.

2150 2526 2207 2580 2.
2246 2525 2314 2579 Et
2344 2522 2629 2577 misitillos

2147 2596 2457 2666 praedicare
2478 2664 2485 2666 _
2522 2646 2529 2653 ,

2145 2663 2366 2734 regnum
2395 2663 2511 2728 Dei,

2145 2744 2199 2789 et
2220 2749 2406 2788 sanare
2434 2735 2505 2788 in-

2146 2807 2201 2861 5.
2244 2806 2441 2857 lirmos.
2473 2801 2540 2857 Et
2560 2801 2634 2855 ait

2150 2876 2212 2927 ad
2240 2874 2356 2927 illos
2386 2891 2398 2924 :

2149 2943 2293 2998 Nihil
2321 2942 2502 2996 tuleri-

2154 3018 2220 3070 tis
2248 3016 2300 3068 in
2326 3015 2427 3074 via,

2157 3100 2333 3153 neque
2359 3083 2466 3136 vir-

2154 3172 2297 3225 gam,
2330 3164 2504 3219 neque

2155 3240 2340 3297 peram
2363 3264 2388 3291 ,,

2157 3290 2331 3363 neque
2360 3290 2557 3347 calcia-

2158 3375 2360 3427 menta,
2388 3379 2481 3416 ne-

2156 3452 2261 3506 que
2291 3445 2481 3502 panem
2490 3472 2503 3493 .

2159 3521 2333 3575 neque
2362 3518 2454 3573 pe-

2158 3579 2391 3637 cuniam,
2425 3588 2518 3627 ne-

2159 3660 2264 3715 que
2289 3645 2421 3698 duas
2440 3654 2521 3695 tu-

2162 3712 2335 3767 ﬁicas.
2377 3750 2392 3765 .
2439 3752 2452 3765 .
2500 3747 2513 3761 .
2559 3750 2571 3762 .
2615 3712 2680 3765 is.

2165 3783 2221 3835 4.
2266 3783 2330 3835 Et
2353 3782 2407 3835 in
2439 3796 2615 3848 quatu-

1814 3892 2044 3949 CODEX
2083 3889 2465 3948 BRIXIANUS.

502 4960 507 4961 ί
580 4932 670 4987 55.
714 4931 781 4985 Et
806 4930 1067 4986 convertit
1092 4930 1336 4998 spiritum
1363 4928 1499 4997 ejus.

581 5002 709 5057 CAP.
738 5001 829 5054 IX.
850 5003 903 5054 5.
921 5030 991 5040 -
1018 5015 1187 5081 neque
1217 5014 1415 5069 peram,
1438 5010 1610 5069 neque
1637 4999 2077 5062 calceamentum,

466 5074 478 5086 '
515 5087 689 5142 neque
716 5086 926 5140 panem.

581 5305 597 5334 ⁸
632 5304 750 5351 Mm.
776 5298 1060 5349 Convocavit
1080 5302 1243 5351 autem
1267 5294 1353 5344 XII
1377 5298 1505 5357 Apes

518 5363 801 5412 (‘om'oeatis
827 5365 989 5408 autem
1013 5359 1268 5406 duodecim
1291 5357 1546 5419 Apostolis,
1570 5358 1722 5419 dedit.

581 5428 601 5455 ²
635 5425 741 5473 ϐαι.
769 5428 1012 5471 exeuntes
1032 5426 1223 5476 autem,
1247 5416 1578 5468 circumibant.
1609 5416 1752 5483 Vulg.
1778 5417 1971 5479 Egressi
1995 5429 2083 5465 au-

1507 5295 1648 5358 tolos,
1675 5302 1726 5345 et
1746 5294 1897 5345 dedit.
1932 5289 2078 5355 Vulg.

2944 518 3170 585 cumque
3184 502 3410 585 “domum

2946 583 3272 627 tntraverttis
3285 613 3308 639 ,

2947 642 3016 697 ibi
3050 653 3281 707 manete,
3318 701 3329 708 _

2943 723 3000 766 et
3029 713 3152 784 inde
3175 710 3247 784 (ε)

2944 782 3238 848 proﬁcisci?

2948 853 3074 905 mini
3099 852 3156 922 ’ξπ

2949 923 3003 976 5.
3047 921 3121 976 Et
3138 921 3379 991 quicum-

2948 1007 3051 1061 que
3074 1006 3176 1046 non

2948 1060 3251 1131 receperint

2842 1192 2843 1195 η
2947 1146 3061 1195 vos,
3095 1137 3353 1185 exeuntes

2941 1201 3009 1256 de
3025 1202 3241 1255 civitate

2944 1272 3054 1334 illa,
3084 1273 3246 1325 etiam

2945 1343 3222 1411 pulverem
3250 1355 3342 1394 ve-

2950 1409 3119 1465 Strum
3152 1409 3219 1464 de
3249 1426 3343 1478 pc—

2952 1481 3110 1536 dibus
3135 1481 3376 1535 excutite

2954 1551 3006 1605 in
3038 1551 3400 1605 testimonium

2957 1635 3118 1687 supra
3151 1620 3287 1673 illos.

2958 1689 3147 1744 6....
3186 1728 3199 1742 .
3236 1704 3454 1748 ...au-

2964 1771 3518 1827 tem........j.

2962 1844 3059 1898 per
3073 1829 3313 1895 castella,

2962 1909 3013 1953 et
3035 1900 3278 1952 civitates

2961 1970 3405 2041 evangehzantes,

2960 2048 3015 2092 et
3040 2047 3310 2092 curantes.

2962 2109 3015 2161 7.
3056 2107 3267 2162 Audivit
3290 2114 3467 2162 autem

2965 2179 3201 2251 llerudes
3230 2176 3333 2232 Te-

2966 2247 3177 2303 trarcha
3204 2247 3402 2310 omnia,

2964 2332 3332 2387 quaecumque

2965 2396 3115 2443 erant
3140 2388 3295 2453 facta,

2944 2466 3021 2513 -et
3048 2454 3514 2521 consternebatur,

2968 2543 3032 2583 eo
3058 2527 3201 2598 quod

2968 2599 3241 2679 diceretur

2967 2670 3021 2723 8.
3056 2684 3082 2720 a
3107 2666 3417 2738 quibusdam
3446 2684 3461 2719 :

2967 2737 3419 2804 Quod’Johannes

2960 2818 3199 2862 ευπθκιι
3222 2823 3253 2861 a

2957 2879 3213 2931 mortuis:
3239 2891 3270 2930 a
3297 2875 3387 2945 qui

2957 2947 3176 3001 busdam
3204 2961 3297 2998 au-

2996 2961 3176 3000 usuum
3204 2961 3297 2998 au-

2972 3026 3077 3071 tem
3110 3033 3122 3068 :
3147 3015 3297 3080 Quod
3328 3015 3431 3070 lle-

2974 3086 3072 3139 lias
3092 3085 3337 3152 apparuit
3368 3102 3380 3137 :

2974 3156 3040 3209 ab
3071 3156 3187 3207 aliis
3217 3164 3396 3210 autem
3430 3170 3443 3205 :

2956 3225 3127 3295 .Quud
3156 3225 3289 3277 Pro-

2977 3294 3137 3363 pheta
3165 3310 3299 3348 unus

2977 3364 3046 3418 de
3067 3366 3299 3433 antiquis

2974 3446 3229 3489 ‘Slll‘l‘eXli.

2974 3507 3026 3577 ξ).
3052 3504 3241 3577 Ait(d)
3266 3512 3441 3577 autem
3465 3505 3507 3574 ἰο

2980 3574 3218 3629 Herodes
3250 3575 3372 3629 :Jo—

2986 3647 3196 3698 hannen
3222 3660 3323 3714 ego

2988 3714 3269 3768 decoHavL
3405 3714 3408 3717 ’

2987 3782 3104 3849 Hic,
3140 3786 3261 3853 quis

3602 293 3740 353 576

3560 1791 3582 1813 δ
3617 1796 3632 1810 ο

2176 4010 2260 4063 lis.
2290 4010 2419 4062 Etin
2442 4021 2825 4075 quamcumque
2842 4004 3487 4059 domumiutroieritis.ibi
3517 4014 3742 4059 manete

2172 4081 2343 4134 donec
2362 4078 2653 4131 ρχρριιίςΕι
2670 4079 2987 4145 quicumque
3004 4091 3103 4129 non
3121 4074 3530 4145 receperintvus
3545 4088 3743 4126 excun-

2174 4162 2253 4205 tes
2266 4152 2339 4203 de
2354 4150 2563 4203 civitate
2577 4148 2663 4201 illa
2676 4144 2929 4200 .isxcutite
2946 4148 3213 4215 pulverem
3230 4147 3294 4197 de
3310 4144 3532 4209 pellibus
3549 4154 3659 4195 veSI
3673 4145 3748 4196 ris

2171 4222 2221 4273 iu
2256 4223 2619 4272 testimonium
2667 4218 2789 4271 illis.
2821 4219 3030 4284 Egressi
3062 4227 3236 4268 autem
3266 4215 3749 4284 circumihantpcr

2169 4291 2409 4344 castella.
2443 4282 2887 4358 cvangeliziutus
2915 4299 2966 4339 et
2996 4298 3246 4340 curantes
3278 4285 3495 4358 ubique.
3531 4282 3750 4358 Audivit

2168 4368 2344 4413 autem
2396 4352 2631 4412 Herodes
2662 4357 2949 4411 Thctrarca
2982 4358 3157 4408 omnia
3188 4370 3322 4424 quae
3353 4352 3551 4424 liellaut
3581 4352 3648 4424 ali
3680 4367 3750 4405 eo

2170 4441 2221 4481 et
2270 4430 2549 4481 ltesitahat.
2583 4445 2645 4478 eu
2692 4428 2831 4493 quod
2872 4428 3141 4480 diceretur
3187 4422 3215 4476 τί
3246 4423 3561 4489 quibusdam
3611 4422 3749 4493 Quia

2167 4496 2433 4550 Johannes
2468 4492 2746 4549 surrexita
2771 4500 3012 4550 mortuis.
3044 4516 3068 4545 η
3104 4496 3415 4561 quibusdam
3448 4508 3577 4544 vero
3614 4492 3748 4557 Quia

2166 4565 2345 4619 Helias
2374 4568 2627 4630 apparuit
2655 4566 2719 4618 ab
2766 4568 2882 4617 aliis
2928 4575 3100 4619 autem

3130 4565 3262 4630 Quia
3316 4562 3580 4627 Propheta
3612 4575 3754 4613 unus

2167 4639 2233 4688 de
2262 4636 2494 4701 antiquis
2519 4636 2768 4689 surrexit.
2800 4635 2890 4690 Ait
2918 4637 2995 4704 (ά)
3022 4644 3195 4689 autem
3219 4634 3258 4703 -ξ-
3277 4633 3517 4687 Herodes
3542 4631 3751 4685 Julian-

2166 4720 2287 4758 nem
2315 4720 2411 4773 ego
2442 4706 2695 4759 decollavi
2727 4704 2856 4771 Quis
2881 4718 3063 4773 autem,
3091 4756 3095 4763 .

1771 4812 2001 4869 consx
2036 4794 2499 4872 CORBEIENSiS.

2258 4928 2309 4980 4.
2352 4928 2423 4981 ibi
2450 4928 2469 4957 ³
2501 4936 2745 4994 manete,
2768 4935 2821 4982 et
2845 4927 2967 4982 inde
2994 4924 3416 4995 proﬁciscimini.

2257 4995 2308 5050 5.
2356 4998 2627 5065 pulverem
2655 4998 2721 5051 de
2745 4998 2967 5065 pedibus
2991 5000 3185 5050 vestris
3210 4997 3462 5051 excutite.

2258 5066 2310 5118 7.
2351 5068 2813 5133 consternabalur,
2847 5082 2911 5123 eo
2936 5066 3076 5137 quod
3105 5067 3390 5122 diceretur.

1746 5174 2048 5233 V'ARIANT
2057 5172 2136 5229 ES
2172 5170 2462 5227 LECTION
2472 5172 2571 5227 ES.

2187 5294 2311 5350 tem,
2348 5290 2631 5338 clrcuibant.

2245 5352 2265 5383 ³
2299 5352 2413 5400 Mm.
2440 5360 2628 5400 manete
2650 5350 2804 5401 donec
2826 5354 3031 5402 exeatis.

1850 5517 2213 5574 BLANCHINI
2234 5516 2460 5574 ΝΟΤΛΕ.

704 5645 854 5715 lla_et
887 5652 991 5697 tex.
1021 5640 1142 5715 (ἓν...ἱ
1172 5637 1457 5715 ἐπίστρεφε.
1478 5638 1759 5715 τξπνςῦεέᾳ
1779 5639 1951 5698 αὐτῆς.
1978 5662 2046 5679 --
2078 5633 2153 5705 (b)
2181 5635 2254 5689 lta
2279 5641 2333 5688 et
2357 5642 2466 5693 lex.
2487 5681 2490 5683 .
2511 5630 2629 5699 Gr.,
2661 5633 2884 5702 μαθητὰς
2907 5634 3079 5689 αὑτοῦ.
3105 5660 3171 5676 ι·-
3193 5630 3266 5703 (ε)
3298 5632 3453 5687 Deest
3483 5649 3566 5693 nc,
3601 5630 3759 5687 etiam

544 5702 728 5767 iniitex.
758 5711 943 5769 Graeco
982 5736 1045 5751 -α
1075 5709 1151 5780 (Α)
1182 5709 1254 5761 ita
1282 5702 1339 5762 et'
1361 5702 1482 5761 cod.
1514 5704 1664 5760 Cant.
1687 5702 1766 5761 ’δὴ
