5106 6478
1529 461 1627 517 579
2047 445 2318 507 EUSEBll
2354 437 2700 517 VERCElLL.
2734 439 3180 500 EV’ANGELIUM
3206 439 3342 497 CUM
3386 437 3545 494 νλιιι,

2205 445 2318 504 EB“
2354 437 2700 517 VERCElLL.
2734 439 3180 500 EVANGELIUM
3206 439 3342 497 CUM
3386 436 3607 494 VARUS
3644 434 3794 491 COD.
3835 434 4221 492 COLLATUM.

2047 445 2318 507 EUSEBll
2354 442 2584 501 VERCE
2638 443 2700 499 L.
2734 439 3180 500 EVANGELIUM
3206 439 3342 497 CUM
3386 437 3607 494 VARUS
3644 437 3794 491 COD.
3835 437 3933 492 C01

1917 563 2144 621 CODEX
2182 437 2710 648 γειιοιῑιιειῆξιε.
3635 549 3862 605 CODEX
3903 549 3933 604 V

2354 437 2700 648 νειιοξξι..
2734 439 3180 500 EVANGELIUM
3206 439 3342 497 CUM
3386 437 3607 494 VARUS
3644 437 3794 491 COD.
3835 437 4222 492 COLLATUM.

2321 555 2585 613 CELLEt'
2635 556 2710 612 IS.
3635 549 3862 605 CODEX
3903 547 4337 606 VERONENSIS.

1529 683 1562 719 ιι
1607 703 1618 716 .
1667 703 1678 715 .
1725 701 1738 716 .
1786 702 1796 714 .
1843 700 1854 713 .
1900 699 1911 712 .
1954 658 2147 713 decim.
2344 641 2702 719 re,abneget’
3197 658 3294 719 an.
3326 711 3364 719 _
3420 711 3438 719 _
4019 641 4392 719 se_i_psum,et,

1533 711 1619 790 t8.
1658 711 1697 788 l3
1725 711 1753 786 ⁷.
1787 711 1812 784 ’.
1845 711 1867 784 ἡ.
1904 711 1924 782 ν.
1962 711 2121 784 illum,
2155 732 2234 781 est
2259 765 2273 789 ,
2347 736 2406 776 se
2424 711 2623 788 ipsum'
2623 759 2639 786 ,
2670 726 2724 773 et
3193 713 3283 767 18.
3325 711 3393 766 Et
3413 711 3610 790 factum
3631 719 3735 779 est,
4015 711 4218 766 sublata
4241 725 4400 764 cruce

1534 782 1618 858 ξ’.
1653 782 1778 858 ._
1800 782 1960 856 esset
1982 799 2031 852 in
2261 782 2270 789 ’
2349 782 2599 860 sequatur
2624 782 2725 844 ine.
2778 857 2788 860 _
3191 797 3312 837 cum
3347 782 3497 836 solus
4017 798 4108 860 sua
4133 823 4147 846 ,
4180 789 4430 860 sequatur

1535 917 1548 931 .
1593 917 1603 928 .
1653 914 1664 926 .
1698 915 1710 925 .
1751 883 1886 936 rcto,
1919 869 2044 924 ade-

1532 956 1652 1000 rant
1677 944 1748 997 i‘.li
1777 942 1887 996 dis-

1526 1015 1692 1083 cipuli
1717 1014 1818 1072 sui.
1853 1020 1907 1064 et

1531 1086 1792 1151 interroga
1807 1113 1821 1122 -

1530 1156 1609 1208 vit
1630 1169 1741 1218 eos,
1768 1153 1951 1205 uicens
1976 1165 1989 1201 :

1530 1225 1698 1290 Quem
1732 1237 1811 1276 tr-e
1831 1219 1908 1275 di-

1529 1304 1656 1348 cunt
1682 1294 1862 1347 turbae

1533 1364 1616 1417 19,
1659 1361 1810 1408 esse?
1839 1354 1936 1418 Qui
1963 1364 2077 1405 res-

1526 1423 1816 1487 pondentcs
1835 1461 1848 1484 ,

1521 1492 1802 1544 dixerunt:
1831 1490 1926 1544 Jo-

1520 1559 1746 1613 bannem
1772 1560 1905 1628 Bap-

1520 1630 1728 1692 tistam;
1762 1629 1849 1683 alii
1877 1644 1969 1684 au.

1518 1709 1624 1752 tem
1658 1700 1893 1764 lleliam;

1515 1769 1676 1832 aliqui
1701 1784 1843 1832 vero,

1513 1840 1633 1904 quia
1667 1837 1846 1891 Profe-

1513 1914 1562 1957 ta
1593 1922 1728 1960 unus
1759 1909 1774 1938 ¹
1803 1909 1867 1961 de

1508 1976 1772 2043 prioribus

1507 2045 1596 2098 20.
1637 2047 1886 2099 surrexit.
1932 2045 2014 2100 Di-

1511 2115 1586 2166 xit
1612 2125 1786 2167 autem

1510 2182 1614 2236 illis
1648 2201 1662 2237 :
1701 2184 1802 2238 Vos
1832 2200 1924 2238 au-

1509 2261 1613 2304 tem
1643 2268 1798 2319 quem

1507 2337 1593 2375 me
1615 2323 1791 2376 dicitis

1507 2392 1665 2462 esse?
1706 2392 1944 2462 Respon-

1503 2461 1634 2516 deus
1662 2472 1836 2517 autem

1504 2529 1713 2596 Petrus,
1741 2533 1916 2587 dixit:

2345 857 2442 914 24f
2454 862 2683 930 Quisque
2704 857 2844 914 enim

2346 933 2569 986 voluerit
2598 929 2683 983 ani
2697 959 2712 969 -

2344 1017 2480 1055 mam
2501 1015 2648 1054 suam

2343 1072 2543 1124 salvam
2572 1071 2702 1122 face-

2345 1157 2397 1195 re
2412 1181 2425 1204 ,
2467 1139 2650 1207 perdet
2676 1138 2738 1192 ilo

2345 1211 2443 1263 lam
2477 1228 2490 1261 :
2519 1219 2591 1270 et,
2621 1209 2710 1278 qui
2738 1221 2858 1276 per-

2343 1279 2535 1334 diderit
2561 1280 2671 1332 ani-

2342 1364 2480 1403 mam
2508 1364 2657 1402 suam

2341 1435 2498 1474 causa
2536 1419 2666 1482 mei,

2340 1489 2559 1544 salvabit
2583 1487 2648 1541 il-

2339 1557 2427 1611 25.
2457 1559 2580 1612 lam.
2613 1557 2692 1625 Qu
2736 1596 2747 1609 .
2792 1596 2805 1608 .
2852 1597 2867 1612 .

2338 1630 2488 1682 enim.
2512 1643 2608 1695 pro
2649 1668 2661 1681 .
2709 1665 2721 1680 .
2767 1665 2779 1679 .
2827 1665 2839 1679 .

2337 1697 2531 1751 homini
2566 1699 2649 1751 lu-

2335 1769 2468 1820 crari
2498 1783 2652 1820 mun-

2335 1837 2455 1890 dum
2490 1847 2658 1890 totum
2678 1877 2693 1902 ,

2331 1921 2390 1958 se
2415 1917 2592 1961 autem
2624 1907 2701 1975 ip-

2331 1991 2448 2029 sum
2481 1976 2668 2043 perde-

2332 2060 2410 2109 re,
2438 2054 2527 2098 aut
2558 2046 2630 2115 (b)
2655 2045 2769 2114 jac—

2333 2121 2503 2168 turam
2533 2115 2608 2167 fa-

2325 2182 2414 2238 26.
2458 2186 2588 2238 ciat.
2621 2184 2659 2253 -ξ-
2689 2183 2893 2253 Quisqu
2935 2223 2946 2234 .
2997 2222 3008 2234 .

2327 2255 2467 2307 enim
2493 2269 2628 2308 con-

2329 2324 2475 2377 fusus
2505 2324 2621 2378 fuer
2662 2362 2674 2377 .
2722 2363 2734 2376 .

2327 2403 2652 2458 me,etm.
2701 2435 2713 2447 .
2760 2433 2774 2448 .

2327 2461 2471 2518 bune
2496 2463 2577 2517 Fil
2620 2508 2631 2520 .
2679 2504 2691 2517 .
2738 2504 2750 2516 .

2327 2531 2506 2585 homin
2551 2574 2562 2585 .
2610 2571 2624 2586 .
2667 2575 2680 2588 .
2726 2573 2741 2589 .
2785 2575 2800 2590 .

1500 2601 1590 2654 2|.
1643 2603 1932 2658 Christum.
1963 2603 2098 2671 Qui,
2128 2620 2247 2660 cum
2325 2601 2510 2657 fundet
2551 2649 2565 2661 .
2611 2643 2622 2655 .
2670 2645 2683 2659 .
2727 2642 2743 2655 ο

1499 2671 1830 2741 obiurgasset

1497 2741 1638 2807 illos,
1668 2759 1883 2811 praece-

1498 2815 1574 2879 pit
1602 2830 1667 2868 ne
1695 2815 1778 2868 cui
1815 2816 1896 2869 di-

1495 2894 1682 2938 cerent
1709 2883 1834 2951 hoc,
1982 2934 1987 2938 .

1493 2951 1582 3004 22.
1624 2954 1804 3008 dicens
1827 2975 1839 3009 :
1869 2955 2015 3021 Quo-

1499 3024 1638 3092 niam
1669 3029 1880 3092 Oportet

1499 3090 1694 3144 Filium
1713 3090 1894 3147 benti-

1500 3161 1582 3213 nis
1616 3164 1776 3214 multa
1807 3178 1896 3231 pa-

1499 3233 1534 3282 ti
1557 3271 1569 3291 ,
1599 3239 1652 3285 et
1678 3233 1928 3299 reproba-

1496 3301 1538 3354 ri
1570 3303 1585 3330 ³
1617 3316 1646 3352 a
1670 3301 1905 3355 Seniori-

1495 3372 1596 3424 bus
1614 3410 1628 3434 ,
1652 3381 1706 3425 et
1732 3372 1911 3424 Ponti-

1497 3441 1685 3494 ficibus
1703 3482 1716 3505 ,
1748 3452 1798 3495 et
1827 3443 1970 3496 Scri-

1497 3510 1608 3575 bis,
1635 3521 1689 3566 et
1716 3511 1882 3565 inter-

1497 3580 1603 3644 fici,
1635 3592 1688 3635 et
1717 3591 1836 3650 post
1865 3590 1972 3636 ter-

1493 3652 1623 3703 tium
1647 3651 1786 3705 diem
1819 3668 1904 3705 re-

1493 3722 1582 3775 23.
1625 3736 1860 3790 surgere.
1892 3723 1978 3776 Di-

1495 3793 1650 3845 cebat
1680 3801 1856 3846 autem

1495 3863 1559 3914 ad
1599 3878 1786 3916 omnes
1817 3882 1830 3916 :

1495 3931 1550 3984 Si
1581 3935 1698 4000 quis
1719 3933 1829 3985 vult

1495 4013 1611 4069 post
1643 4018 1727 4057 ine
1755 4003 1900 4057 veni-

1493 4210 1614 4261 cim.
1647 4210 1710 4262 Et
1741 4211 1934 4264 factum
1963 4219 2043 4264 est
2073 4224 2191 4262 cum
2226 4209 2374 4262 solus
2393 4215 2544 4263 esset
2589 4221 2769 4261 orans.
2805 4221 3053 4262 occurre-

1497 4291 1617 4329 runt
1664 4281 1709 4332 ei
1751 4281 1992 4348 discipuli
2045 4280 2161 4348 ejus
2211 4288 2265 4332 et
2314 4279 2659 4347 interrogavit
2705 4278 2822 4331 illes-
2869 4279 3056 4332 «lienus

1492 4349 1657 4413 Quem
1703 4366 1785 4402 me
1813 4351 1994 4402 dicunt
2021 4365 2140 4404 esse
2193 4349 2404 4402 turbae.
2442 4355 2508 4402 At
2541 4348 2612 4401 illi
2659 4349 3054 4417 respondentes

1492 4422 1756 4470 dixerunt.
1803 4420 2092 4471 Jobannem
2126 4419 2434 4488 Baptistam.
2485 4420 2572 4470 alii
2623 4431 2798 4471 autem
2847 4419 3051 4472 lleliam

1491 4488 1576 4538 alii
1610 4489 1729 4554 quia
1761 4489 2018 4557 Propheta
2062 4504 2196 4540 unus
2221 4489 2288 4541 de
2316 4489 2587 4557 prioribus
2619 4489 2873 4540 surrexit.
2912 4489 3057 4541 Dixit

1487 4562 1660 4610 autem
1689 4559 1792 4609 illis
1820 4555 1926 4608 Vos
1951 4565 2121 4606 autem
2142 4571 2294 4622 quem
2322 4555 2406 4608 ine
2434 4559 2609 4608 dicitis
2641 4572 2782 4610 esse.
2817 4558 3056 4620 Βεειιοιι-

1486 4629 1616 4680 deus
1643 4638 1817 4680 autem
1863 4627 2047 4678 Simon
2083 4627 2276 4676 l’etrus
2314 4625 2464 4682 dixit.
2493 4624 2572 4676 Tu
2603 4640 2659 4678 es
2688 4627 2936 4678 Christus
2971 4627 3060 4678 Fi-

1487 4699 1589 4750 lius
1617 4699 1731 4751 Dei.
1767 4700 1832 4750 At
1863 4697 1949 4749 ille
1973 4695 2253 4759 increpans
2279 4708 2370 4746 eos
2403 4694 2670 4758 praecepit
2701 4708 2768 4745 ne
2799 4695 2881 4746 cui
2911 4695 3058 4747 dicc-

1486 4776 1606 4820 rcnt
1636 4770 1735 4821 hoc
1763 4769 1964 4819 dicens.
1995 4763 2092 4829 Qui
2112 4771 2369 4828 roportet
2399 4761 2592 4814 Filium
2626 4762 2857 4814 hominis
2894 4764 3053 4816 multa

1486 4840 1590 4904 pati
1620 4848 1672 4891 et
1701 4836 1976 4904 reprobari
2009 4855 2033 4886 .l
2067 4833 2380 4904 Senioribus
2407 4841 2459 4886 et
2493 4832 2831 4904 Principibus
2861 4833 3053 4886 Sacer-

1485 4902 1666 4960 dotum
1700 4902 2002 4961 et'Seribis.
2037 4915 2091 4959 et
2121 4903 2312 4956 occidi.
2342 4912 2396 4956 et
2425 4902 2580 4954 tertia
2621 4902 2707 4954 die
2753 4916 3049 4969 resurgere.

1487 4975 1702 5028 Dicebat
1739 4989 1914 5028 autem
1943 4975 2006 5028 ad
2048 4988 2254 5027 omnes.
2290 4974 2343 5028 Si
2391 4972 2512 5042 quis
2557 4973 2669 5024 vult
2698 4981 2816 5039 post
2845 4986 2929 5025 me
2961 4987 3051 5025 ve-

1487 5047 1617 5100 nire.
1661 5045 1890 5114 abneget
1929 5045 2292 5114 semetipsum.
2342 5041 2595 5099 et’tollat
2638 5056 2851 5097 crucem
2899 5055 3049 5095 suam

1559 5248 1650 5302 24.
1691 5247 1920 5303 salvabit
1946 5247 2114 5302 illam.

2319 2687 2438 2726 cum
2462 2689 2561 2728 ven
2605 2715 2617 2728 .
2664 2715 2678 2728 .
2708 2706 2733 2716 ο

2323 2743 2390 2796 rit
2417 2744 2468 2796 in
2495 2746 2546 2813 gl
2589 2781 2603 2798 .
2647 2774 2720 2800 .--

2321 2814 2397 2866 ria
2421 2828 2537 2879 sua,
2570 2824 2624 2869 et
2663 2855 2675 2868 .
2723 2855 2736 2868 .
2766 2847 2792 2856 -

2320 2885 2438 2949 tris,
2470 2894 2524 2938 et
2553 2885 2658 2940 San
2705 2928 2714 2940 .
2761 2927 2772 2940 .
2802 2916 2827 2926 —

2323 2963 2496 3026 torum
2513 2954 2686 3026 Ange-

2319 3023 2513 3078 lorum.
2602 3023 2618 3026 ⁷
2668 3033 2688 3050 ‘

2315 3091 2428 3146 27..
2477 3134 2490 3148 .
2535 3133 2548 3146 .
2589 3109 2652 3149 eo
2676 3105 2851 3150 autem
2875 3109 2969 3151 vo-

2325 3201 2342 3224 ._
2385 3201 2397 3212 .
2445 3203 2455 3215 .
2500 3163 2708 3218 'vere:
2742 3175 2867 3220 sunt

2329 3273 2339 3283 .
2386 3269 2398 3281 .
2446 3272 2459 3285 .
2503 3233 2624 3286 da‘m
2659 3234 2745 3288 hic

2327 3341 2336 3351 .
2385 3341 2396 3352 .
2442 3340 2454 3353 .
2497 3311 2647 3368 ntes,
2680 3304 2770 3373 qui

2321 3385 2426 3442 non
2447 3383 2628 3442 gusta-

2321 3441 2466 3494 bunt
2481 3451 2730 3507 mortem,

2324 3528 2335 3538 '
2380 3551 2394 3566 .
2437 3527 2572 3566 once
2598 3513 2741 3566 vide-

2321 3618 2335 3634 .
2382 3621 2393 3632 .
2435 3592 2493 3634 nt
2521 3598 2742 3653 regnum

2379 3690 2392 3702 .
2433 3653 2502 3706 ei.
2536 3653 2667 3707 Fac-

2314 3689 2403 3774 28:
2433 3689 2650 3776 inbui;
2681 3731 2763 3777 est
2787 3731 2962 3778 autem

2320 3829 2332 3841 .
2379 3831 2389 3842 .
2433 3804 2514 3845 ost
2548 3792 2678 3846 haec
2697 3809 2822 3847 ver-

2323 3898 2337 3913 .
2384 3899 2397 3912 .
2434 3876 2496 3924 a,
2527 3861 2548 3895 δ
2571 3863 2785 3916 circiter

2327 3973 2338 3982 .
2382 3970 2394 3982 .
2436 3942 2520 3984 ost
2547 3930 2660 3984 dies
2689 3946 2772 3985 oc-

2385 4039 2395 4052 .
2437 4015 2468 4054 ο
2496 4001 2786 4069 adsumptis

3189 861 3333 908 esset
3357 867 3537 915 orans,

3189 932 3342 977 erant
3369 933 3546 978 autem

3191 1002 3242 1046 et
3267 1008 3386 1048 cum
3419 992 3511 1046 illo

3190 1063 3457 1130 discipuli,
3491 1071 3545 1116 et

3192 1133 3584 1202 interrogavit;

3191 1203 3262 1257 i.
3308 1243 3320 1255 .
3483 1201 3706 1268 .Quetn

3195 1311 3208 1324 .
3254 1314 3267 1326 .
3313 1313 3325 1326 .
3369 1313 3381 1325 .
3411 1273 3598 1328 dicunt

3191 1353 3314 1399 esse
3339 1344 3560 1397 turbae?

3192 1413 3277 1466 19.
3318 1414 3398 1467 Ad
3426 1413 3502 1467 illi
3529 1427 3614 1468 re-

3188 1483 3515 1552 sponderunt

3187 1556 3267 1617 ei,
3295 1565 3347 1608 et
3369 1555 3509 1606 dixe

3192 1634 3315 1678 runt
3342 1643 3354 1676 :
3384 1623 3662 1678 Jolrannen

3186 1693 3510 1762 Baptistam;
3541 1693 3631 1746 alii

3185 1775 3362 1817 autem
3393 1765 3604 1826 llelian;

3187 1833 3276 1886 alii
3299 1875 3312 1897 ,
3341 1833 3461 1902 quia

3189 1903 3449 1972 Pr0plieta
3479 1917 3613 1970 unus

3188 1973 3256 2027 de
3287 1971 3550 2042 prioribus

3188 2043 3501 2098 ressurexit.

3187 2113 3280 2167 20.
3323 2113 3463 2166 Dixit
3487 2116 3661 2166 autem

3191 2183 3298 2237 illis
3330 2201 3343 2236 :
3380 2182 3485 2236 Vos
3569 2191 3572 2193 “

3190 2265 3369 2308 autem
3390 2267 3476 2307 me

3184 2339 3342 2394 quem
3377 2321 3554 2394 dicitis

3184 2392 3341 2448 esse?
3376 2392 3615 2462 Respon-

3183 2464 3336 2518 dens.
3381 2504 3394 2518 .
3441 2502 3454 2518 .
3497 2498 3515 2516 .

3184 2533 3375 2588 Petrus
3416 2573 3430 2586 .
3475 2572 3488 2586 .
3535 2571 3548 2585 .
3596 2570 3609 2584 .
3655 2570 3667 2582 .

3411 2602 3845 2657 Dei......

3183 2675 3273 2728 2t.
3317 2674 3410 2730 llle
3431 2716 3443 2738 ,
3474 2675 3755 2742 increpans

3184 2746 3301 2828 illos
3319 2786 3332 2810 ,
3365 2751 3581 2827 praece-

3215 2828 3252 2870 ιι
3284 2832 3349 2871 ne
3370 2831 3454 2870 CUI

3197 2901 3309 2942 iaec
3333 2886 3574 2942 dicerent
3599 2925 3615 2948 .

3174 2955 3263 3009 22.
3304 2958 3524 3036 dicens:
3553 2951 3705 3021 Quod

3174 3026 3554 3177 θεῖειοῑιίὲἔιὲξ.

3175 3167 3336 3218 multa
3368 3167 3474 3234 pati
3493 3206 3506 3230 ,

3174 3246 3229 3287 et
3257 3234 3533 3302 reprobari

3174 3319 3201 3355 a
3229 3304 3562 3372 Principibus

3173 3372 3521 3428 Sacerdotum
3539 3413 3554 3438 ,

3172 3452 3227 3496 et
3252 3444 3451 3498 Scribis
3470 3484 3486 3508 ,

3172 3522 3224 3567 et
3249 3513 3450 3576 occidi,
3483 3523 3538 3568 et

3173 3592 3291 3653 post
3319 3584 3434 3638 dies

3173 3664 3281 3707 tres
3311 3669 3610 3722 resurgere.

3169 3723 3260 3778 23.
3305 3726 3520 3778 Dicebat
3549 3732 3610 3778 au

3247 3764 3260 3776 .
3305 3739 3520 3779 UICCDal
3549 3739 3644 3778 all-

3170 3802 3275 3847 tem
3303 3796 3368 3847 ad
3397 3809 3581 3848 omnes
3609 3811 3621 3846 :

3170 3862 3224 3916 Si
3254 3863 3372 3931 quis
3403 3866 3514 3917 vult

3169 3933 3234 3984 ad
3267 3948 3350 3987 me
3379 3948 3469 3986 ve-

3170 4002 3286 4054 nire
3305 4041 3319 4065 ,
3350 4003 3578 4072 abneget

2804 4113 3030 4168 CODEX
3067 4113 3454 4182 BRIXIANUS.

2747 5151 2976 5208 CODEX
3011 5148 3476 5208 CORBEIENSIS.

3234 5244 3326 5298 23.
3365 5260 3424 5299 se
3449 5254 3626 5300 autem
3657 5246 3871 5315 perdat,
3901 5256 3992 5301 aut
4018 5247 4400 5304 detrimentum
4427 5245 4609 5303 faciat.

2673 5353 3082 5416 'VARIANTES
3120 5354 3526 5412 LECTIONES.

1550 5465 1566 5490 ι
1605 5436 1720 5507 Mm.
1747 5457 1811 5506 de
1833 5453 2123 5504 senioribus.
2154 5447 2298 5512 Vulg.
2323 5449 2386 5497 de
2411 5447 2662 5512 prioribus.

1545 5524 1714 5580 ’Mm.
1759 5519 1855 5580 pati
1889 5530 1916 5562 a
1947 5510 2268 5580 Senioribus,—
2291 5518 2341 5580 et
2379 5510 2690 5580 reprobat-ia
2726 5510 3044 5580 Principibus.

1497 5579 1633 5643 Vulg.
1663 5571 1783 5642 pati‘,
1809 5585 1859 5627 et
1885 5574 2130 5643 reprobari
2157 5571 2505 5643 aSenior-ibu‘s,
2533 5571 2922 5643 etPrincipibus.

1549 5646 1569 5673 ³
1588 5631 1706 5690 "Gil.
1735 5631 1851 5691 vere
1875 5652 1886 5687 :
1906 5631 2016 5685 sunt
2035 5635 2205 5696 aliqui,
2229 5633 2314 5695 qui
2337 5631 2414 5680 hic
2429 5638 2632 5682 stantes.
2661 5631 2781 5682 Mm:
2805 5637 2913 5694 quia
2937 5638 3050 5680 sunt

2782 5735 3144 5793 BLANCllINl
3180 5736 3408 5793 NOTAE.

1557 5841 1631 5909 (σι)
1658 5840 1814 5895 Addit
1856 5837 1969 5903 ille,
1997 5835 2157 5892 etiam
2202 5842 2308 5889 tex.
2338 5829 2442 5887 Gr.
2479 5827 2720 5890 οὖτος.--
2742 5829 2820 5900 (b)
2851 5828 3042 5884 Veron.
3071 5837 3124 5883 et
3150 5826 3646 5884 Vercell.omittuut
3668 5830 3747 5884 sui
3771 5846 3788 5894 ;
3815 5829 3961 5900 juxta
3989 5839 4096 5886 tex.
4128 5829 4302 5903 (ἓν..εὸ
4339 5834 4627 5902 ζημὶωθείς.

4015 851 4103 906 24.
4147 849 4379 919 me.Qui

4015 923 4152 988 enim
4188 923 4409 975 voluerit

4013 995 4240 1045 animam
4268 1006 4415 1045 suam

4013 1063 4212 1116 salvam
4241 1063 4418 1117 facere

4015 1133 4199 1200 perdet
4222 1133 4366 1186 illam
4394 1147 4408 1186 :

4013 1218 4156 1265 nam,
4181 1203 4269 1272 qui
4297 1217 4416 1272 per-

4013 1273 4208 1326 diderit
4234 1275 4349 1326 ani-

4012 1357 4132 1397 nam
4158 1359 4308 1398 suam

4013 1422 4233 1482 propter
4261 1427 4363 1478 me,

4009 1484 4086 1606 3a)
4122 1484 4209 1538 ille
4234 1482 4274 1553 1'
4301 1483 4499 1538 salvam

4033 1556 4167 1606 aciet
4193 1555 4356 1606 illam.

4033 1556 4167 1608 ‘aciet
4193 1555 4356 1608 illam.

4007 1624 4096 1679 25.
4127 1630 4203 1694 ᾖ
4237 1623 4371 1692 Quid
4409 1625 4552 1694 enini

4009 1693 4259 1763 prodeest
4289 1694 4386 1748 bo-

4008 1763 4159 1828 mini,
4185 1766 4229 1819 si
4257 1766 4336 1818 lu-

4007 1844 4186 1888 eretur
4215 1836 4429 1890 univer-

4009 1919 4125 1958 sum
4143 1904 4396 1959 mundum
4419 1945 4433 1970 ,

4008 1988 4067 2028 8e
4093 1983 4268 2029 autem

4009 2044 4217 2112 perdat,
4246 2052 4300 2099 et

4007 2115 4082 2182 (b)
4108 2114 4484 2182 detrimentum

4007 2177 4194 2255 faciat?
4219 2177 4259 2255 -ι-

4004 2255 4092 2310 26.
4133 2253 4264 2309 Nam
4293 2255 4382 2325 qui

4005 2341 4090 2380 me
4116 2325 4412 2389 erubuerit,

4004 2405 4058 2450 et
4079 2410 4225 2450 meos

4002 2479 4300 2532 sermones,

4003 2535 4142 2590 hunc
4165 2535 4332 2590 Filius

4003 2604 4232 2660 hominis
4254 2621 4380 2660 eru-

4002 2675 4202 2733 bescet.
4227 2691 4347 2731 cum

4000 2747 4206 2802 venerit
4231 2747 4282 2800 in

4000 2817 4280 2882 majestate
4303 2830 4420 2882 sua,

3999 2896 4532 2942 etPa.......

3997 2958 4314 3012 Sanctorum

4000 3029 4345 3097 Angelorum.

3996 3097 4084 3150 2'7.
4131 3097 4258 3150 Dico
4287 3105 4467 3152 autem

3998 3167 4147 3220 vobis
4171 3181 4330 3224 vere:

3997 3237 4158 3304 aliqui
4187 3242 4313 3289 sunt

3997 3305 4081 3358 hic
4103 3313 4326 3370 stantes,

3995 3376 4083 3442 qui
4117 3390 4220 3427 non
4251 3391 4347 3444 gu-v

3995 3445 4211 3512 stabunt
4240 3459 4382 3498 mor-

3996 3525 4124 3580 tem,
4155 3515 4327 3568 donec

3993 3579 4206 3639 videant
4237 3597 4458 3654 regnum
4495 3579 4614 3636 Dei.

3991 3655 4080 3709 28.
4123 3655 4340 3708 Factum
4363 3662 4446 3708 est

3992 3736 4166 3779 autem
4190 3736 4312 3794 post

3991 3795 4123 3850 haec
4148 3796 4335 3862 verba,

3991 3866 4101 3919 fere
4128 3875 4250 3934 post

3989 3934 4103 3988 dies
4131 3945 4254 3989 octo

3989 4005 4288 4074 adsumpsit

3155 4208 3374 4264 cottidie
3405 4218 3459 4263 et
3503 4218 3754 4274 sequatur
3795 4222 3898 4261 me.
3932 4206 4030 4274 Qui
4068 4207 4210 4260 enim
4253 4206 4481 4273 voluerit
4508 4208 4739 4261 animam

3158 4295 3308 4333 suam
3337 4280 3540 4333 salvam
3573 4278 3750 4332 facere
3793 4278 3980 4346 perdet
4008 4292 4122 4328 eam
4154 4292 4274 4346 nam
4317 4278 4404 4345 qui
4443 4278 4742 4342 perdiderit

3157 4352 3389 4402 animam
3416 4367 3563 4403 suam
3599 4345 3816 4419 propter
3841 4365 3942 4401 me.
3969 4348 4164 4400 salvam
4207 4345 4364 4419 faciet
4414 4360 4552 4397 eam.
4599 4349 4737 4410 Quid

3156 4425 3297 4474 enim
3347 4421 3562 4487 prodest
3601 4418 3837 4474 bomini.
3870 4420 3914 4473 si
3969 4420 4198 4469 lueretur
4229 4418 4536 4487 universum
4584 4431 4738 4487 mun-_

3158 4491 3300 4544 dum.
3337 4485 3395 4544 se
3440 4501 3616 4545 autem
3667 4495 3837 4560 ipsum
3890 4489 4180 4560 perilatzet
4222 4486 4609 4560 detrimentum
4658 4485 4737 4536 sui

3157 4560 3332 4614 faciat.
3369 4563 3466 4627 Qui
3512 4564 3653 4614 enim
3688 4555 3784 4612 'me
3823 4555 4076 4613 Confusus
4098 4555 4282 4627 fuerit.
4312 4563 4405 4627 aut
4434 4569 4582 4606 meos
4625 4568 4739 4606 ser-

3161 4645 3362 4683 mones.
3399 4626 3555 4684 bunc
3602 4631 3766 4684 Filius
3813 4630 4044 4682 hominis
4091 4626 4383 4680 Confundet
4443 4639 4566 4678 eum
4616 4638 4734 4675 cum

3156 4702 3360 4752 venerit
3407 4702 3456 4752 in
3511 4702 3785 4768 majestate
3835 4715 3948 4752 sua.
4008 4707 4061 4750 et
4102 4695 4274 4750 Patris
4321 4704 4370 4747 et
4416 4695 4733 4768 Sanctorum

3157 4769 3503 4836 Angelorum.
3537 4770 3663 4822 Dico
3700 4782 3875 4822 autem
3912 4772 4082 4821 vobis.
4121 4779 4246 4819 vere
4276 4771 4401 4817 sunt

3159 4839 3244 4908 liic
3273 4838 3535 4892 stantibus
3585 4841 3674 4908 qui
3706 4855 3807 4893 non
3835 4839 4122 4908 gustabunt
4165 4843 4392 4889 mortem

3155 4905 3319 4958 deant
3365 4904 3746 4975 regnum'Dei.
3794 4904 4010 4962 Factum
4062 4915 4142 4960 est
4190 4915 4370 4959 autem
4435 4912 4555 4973 post
4605 4904 4734 4956 haec

3153 4976 3336 5030 verba.
3388 4976 3501 5033 fere
3551 4978 3665 5032 dies
3711 4987 3852 5032 octo.
3885 4989 3938 5032 et
3981 4975 4277 5045 adsumpsit

3154 5443 3298 5504 aliqui
3320 5445 3396 5493 hic
3414 5451 3615 5495 stantes.
3641 5443 3784 5511 Vulg.
3808 5456 3928 5518 vere
3951 5458 3962 5492 :
3985 5453 4098 5495 sunt
4119 5447 4268 5535 aliqui
4291 5447 4369 5497 hic
4388 5453 4597 5507 stantes,
4621 5460 4712 5508 qui.

3214 5507 3235 5535 δ
3269 5505 3356 5535 ειη
3395 5513 3437 5535 ιο
3468 5511 3558 5535 κ..
3603 5507 3709 5535 σοι-ιι
3731 5513 3832 5535 Μαι
3867 5507 3970 5535 Α...
3993 5516 4100 5535 Min
4213 5509 4450 5535 ηιυιηηηκιι
4514 5517 4557 5535 ιιι
4597 5509 4712 5535 μω-

3214 5507 3235 5535 ⁸
3269 5505 3372 5555 Gut.
3393 5513 3437 5555 et
3462 5511 3577 5556 Mm.
3603 5507 3709 5556 fere
3731 5505 3837 5570 post
3866 5507 3972 5556 dies
3993 5516 4158 5556 octo...
4183 5505 4452 5557 Iohannem
4469 5545 4484 5570 ,
4513 5517 4564 5558 et
4585 5505 4721 5556 Πω-

3152 5567 3283 5614 bum.
3319 5566 3459 5630 Vulg.
3481 5568 3590 5618 fore
3612 5569 3719 5618 dies
3738 5577 3846 5618 octo
3871 5575 4018 5617 et.....
4048 5568 4280 5618 Jacobum
4313 5576 4365 5618 et
4387 5567 4643 5618 Joannem.

4668 433 4772 489 580

4469 4763 4644 4816 uidam
4671 4764 4735 4843 de

4463 4847 4602 4887 01180
4657 4849 4733 4885 νι-
