5106 6470
1418 5218 1421 5221 λ
1510 5175 1800 5246 discipulos
1829 5187 1955 5229 suos
1987 5190 1999 5225 :
2030 5171 2217 5226 Ponite
2237 5186 2331 5226 vos
2356 5174 2408 5225 in
2431 5172 2649 5227 auribus
2676 5171 2890 5225 vestris.

2006 302 2280 362 EUSEBII
2313 302 2643 361 VERCELL.
2687 295 3135 360 EVANGELIUII
3170 298 3312 361 CUM
3350 301 3577 361 VARIIS
3612 300 3769 360 COD.
3810 302 4201 363 COLLATUM.

1887 385 2113 476 CODEX
2153 418 2681 476 VERCELLENSIS.
3590 416 3819 475 coosx
3858 417 4303 478 vsuoucusm.

2323 514 2479 583 pulos
2506 529 2520 567 :
2549 512 2735 567 Ponite
3176 522 3229 583 et
3257 510 3436 576 elidit,
3473 518 3531 566 et
3993 510 4229 583 geipulos
4252 526 4377 566 suos
4402 528 4415 564 :

2325 580 2419 637 vos
2454 584 2507 636 in
2536 583 2678 637 auri-
3174 580 3396 649 dissipat
3427 597 3548 635 eum
3992 580 4182 635 Ponite
4220 595 4425 638 sermo-

2276 658 2279 663 ’
2322 652 2423 707 bus
2453 653 2643 707 vestris
3174 664 3295 703 cum
3328 666 3514 707 souma
3537 691 3552 707 .
3578 659 3631 706 et
3999 666 4095 705 nes
4123 650 4221 706 hos
4252 652 4306 706 in

2325 664 2423 707 Dus
2453 664 2643 708 vestris
3174 664 3295 703 cum
3328 666 3514 717 Spuma
3537 691 3552 715 ,
3578 664 3631 706 et
3999 666 4095 705 nes
4123 664 4221 706 nos
4252 666 4306 706 ιιι

2325 722 2486 776 verba
2515 724 2675 778 haec:
3176 720 3265 773 vix
3285 720 3513 775 discedit
3540 760 3555 779 .
3995 722 4213 775 auribus
4238 722 4431 778 vestris
4461 741 4476 779 :

2326 791 2492 844 Filius
2515 794 2655 847 enini
2732 816 2735 819 λ
3177 790 3439 845 dilaniatis
3465 805 3588 845 eum
3623 809 3635 844 :
3997 806 4118 845 nam
4154 789 4319 846 Filius

1503 308 1611 369 585

3176 522 3229 564 et
3257 510 3404 566 elidit
3422 552 3436 576 ,
3473 518 3531 566 et

3174 580 3396 649 dissipat
3427 597 3548 635 eum

3174 664 3295 703 cum
3328 666 3514 717 Spuma
3537 691 3552 715 ,
3578 659 3631 706 et

3176 720 3265 773 vix
3285 720 3513 775 discedit
3540 760 3555 785 ,

3177 790 3439 845 dilaniatis
3465 805 3588 845 eum
3623 809 3635 844 :

1502 520 1652 580 cidit.
1683 526 1735 572 et
1766 514 1873 569 dis-

1504 589 1675 656 carpit
1702 588 1847 642 illum

1505 674 1626 714 cum
1653 670 1860 724 spuma,

1505 739 1561 784 et
1592 730 1607 760 ι
1637 728 1719 782 vix
1743 740 1889 780 rece-

1505 798 1579 853 di.
1626 838 1638 851 .
1672 795 1879 862 ab-illo,
1904 807 2031 849 con-

1507 868 1768 923 tribulans
1864 860 1873 862 ⁷
2327 860 2560 916 hominis
2587 862 2667 916 in-
3177 861 3267 914 40.
3308 868 3362 914 et
3389 862 3567 930 rogavi
3998 861 4231 915 hominis
4261 874 4367 916 trs-

1504 938 1594 993 40.
1635 951 1753 991 eum
1779 952 1792 989 :
1820 943 1874 989 et
1903 948 1957 1003 p.
2003 972 2015 985 .
2066 970 2079 985 .
2102 961 2127 972 —
2327 932 2610 1003 cipittradi
2632 932 2683 986 in
3178 930 3469 1003 discipulos
3499 943 3614 985 tuos
3634 970 3649 994 ,
3992 930 4150 1003 detur
4173 931 4227 1003 in
4257 947 4371 987 ma-

1505 1018 1652 1063 catus
1671 1021 1788 1061 sum
1905 1000 1920 1003 ⁷
2329 1001 2571 1055 manibus
2599 1002 2692 1055 ho—
3178 1010 3238 1054 ut
3266 1002 3506 1055 eicerent
3994 1002 4151 1056 nibus
4173 1000 4470 1058 hominum.

1506 1078 1800 1146 discipulos
1882 1068 1897 1095 ‘
2327 1072 2440 1146 σῇ.-
2466 1072 2682 1125 minum.
2710 1072 2789 1127 Ad
3096 1076 3099 1077 ⁷
3181 1069 3328 1123 illum
3350 1112 3364 1134 ,
3389 1080 3444 1126 et
3466 1084 3571 1125 non
3992 1070 4085 1146 45_.
4124 1070 4205 1126 Ad
4237 1074 4312 1146 illi
4337 1077 4491 1141 igno-

1484 1140 1657 1209 ‘tuos;
1677 1154 1733 1200 nt
1758 1145 1901 1199 eice-
2330 1140 2403 1194 illi
2428 1140 2639 1209 ignora-
3179 1149 3485 1206 potuerunt.
3994 1140 4181 1196 rabant
4202 1140 4424 1197 verbum

1506 1230 1622 1273 rent
1651 1216 1823 1279 illum,
1851 1220 1906 1267 et
2329 1208 2465 1279 bant
2484 1211 2701 1265 verbum
3180 1208 3269 1263 41.
3313 1212 3522 1279 Hespon

2379 1208 2465 1262 ιιιῐ
2484 1211 2701 1265 verbum
3180 1208 3269 1263 41.
3313 1210 3664 1279 Ηεεροιιᾶθιις
3994 1211 4125 1267 istut
4154 1228 4170 1275 ;
4199 1222 4253 1268 et
4277 1221 4395 1268 erat

1442 1340 1445 1341 ν
1505 1303 1611 1342 non
1637 1278 1823 1355 potueé-
2331 1278 2532 1355 ltoc;_et
2552 1291 2667 1335 erat
3180 1287 3354 1355 autem
3378 1278 3575 1346 Jesus,
4000 1321 4011 1333 .
4056 1321 4071 1335 .
4120 1322 4133 1335 .
4179 1323 4191 1335 .
4237 1323 4251 1338 .
4294 1322 4309 1339 .
4350 1290 4553 1338 mante

1504 1349 1653 1411 runt:
2330 1350 2597 1405 occultum
3182 1349 3315 1405 dixit
3339 1368 3352 1404 :
3381 1355 3425 1406 Ο
3448 1367 3608 1420 gene—
3993 1366 4089 1407 eos
4108 1394 4120 1416 ,
4164 1361 4221 1408 ut
4246 1368 4350 1408 non
4372 1367 4499 1408 sett-

1505 1428 1597 1482 41.
1640 1422 1988 1494 Respondens
2329 1420 2521 1494 abeis,
2544 1436 2614 1476 ne
2638 1422 2716 1476 in~
3182 1421 3319 1474 ratio
3344 1421 3596 1485 inlidelis,
3996 1422 4189 1494 tirent,
4211 1434 4264 1479 et
4288 1425 4449 1479 time-

1505 1505 1683 1551 autem
1704 1490 1880 1558 Jesus,
2330 1490 2641 1559 tellegerent
2658 1531 2674 1555 ,
3182 1498 3236 1544 et
3260 1506 3504 1558 perversa
3524 1532 3539 1552 ,
3994 1493 4124 1546 bant
4150 1493 4379 1549 interro-

1505 1566 1674 1621 dixit:
1706 1567 1726 1596 ³
1752 1564 1796 1619 0
1820 1577 1980 1634 gene-
2104 1600 2109 1603 ι
2332 1569 2385 1634 et
2416 1562 2675 1615 timebant
3182 1575 3469 1634 usquequo
3497 1600 3518 1634 ._
3556 1599 3569 1634 ._
3605 1575 3702 1634 ero
3991 1577 4123 1634 gare
4146 1563 4295 1618 illum
4317 1564 4384 1621 de

1498 1632 1643 1691 'ratio
1672 1630 1845 1689 iocre:
2333 1630 2627 1699 interroga-
3187 1643 3313 1697 aput
3335 1647 3427 1685 vos
3451 1631 3473 1684 ἲ
3501 1632 3577 1701 (a)
3603 1632 3714 1701 uts-
3991 1630 4096 1688 hoc
4125 1635 4310 1689 verbo.
4360 1654 4363 1657 ·

1503 1706 1701 1771 dibilis;
1730 1718 1863 1775 quo-
2316 1714 2394 1775 'r_e_
2416 1715 2537 1775 eum
2557 1701 2773 1775 _de'ver-
3173 1716 3385 1775 queqno
3417 1739 3429 1753 .
3476 1738 3489 1751 .
3530 1701 3645 1771 ero]
3988 1702 4099 1775 46.
4122 1702 4339 1758 Intravit
4363 1712 4540 1775 autem

1504 1769 1787 1845 usque'er'o
2328 1769 2417 1846 4β.
2458 1770 2526 1823 bo
2556 1770 2680 1825 hoc.
2720 1769 2743 1824 ι
2783 1810 2795 1823 .
2838 1804 2855 1823 .
2896 1778 3009 1837 ιτα-ν
3175 1771 3447 1846 vobiscum
3473 1810 3489 1833 ,

2412 1810 2417 1822 .
2458 1770 2526 1823 bo
2556 1770 2680 1825 hoc.
2720 1769 2743 1824 ι
2783 1810 2795 1823 .
2838 1804 2855 1823 .
2896 1778 3009 1837 ιτα-ν
3175 1771 3447 1846 vobiscum
3473 1810 3489 1833 ,
3572 1839 3593 1846 _
3629 1769 3641 1771 ’
3696 1790 3699 1793 ·
3988 1774 4343 1846 cogitatio-(d)
4374 1774 4428 1830 in

1503 1839 1629 1915 aput
1657 1859 1781 1915 vos,
2332 1839 2407 1915 vit
2436 1848 2613 1915 autem
2683 1911 2691 1915 Α
2724 1909 2747 1915 Α
2787 1910 2797 1915 Α
3172 1842 3427 1915 etpatiar
3453 1853 3546 1893 vos
3572 1839 3594 1889 ?
3985 1839 4105 1907 ejs',
4136 1845 4173 1914 -ι-
4205 1839 4329 1915 quid

1506 1909 1562 1970 et
1588 1913 1836 1969 sull‘eram
2332 1909 2643 1983 {cogitatio
2675 1909 2757 1981 (ά)
2787 1910 2839 1963 in
3172 1911 3359 1983 Adduc
3392 1911 3494 1965 huc
3989 1909 4177 1968 eorum
4211 1909 4382 1983 major
4408 1922 4575 1970 esset.

1504 1984 1635 2040 vos?
1657 1983 1841 2037 Adduc
2330 1980 2410 2035 eis
2435 1980 2474 2050 -ι-
2502 2020 2517 2047 ,
2550 1982 2667 2049 quis
2694 1996 2815 2035 nam
3174 1982 3343 2053 lilium
3364 1993 3538 2053 tuum.
3988 1983 4077 2039 47.
4118 1984 4197 2039 Ad
4224 1980 4411 2053 Jesus,
4434 1986 4516 2039 vi-

1504 2055 1608 2125 hoc
1632 2054 1798 2109 lilium
1966 2124 1971 2125 ν
2014 2121 2044 2125 __
2330 2056 2477 2125 esset
2499 2056 2669 2121 major
3171 2051 3263 2105 42.
3304 2051 3378 2125 (ὁ)
3410 2053 3520 2125 Adii

2330 2056 2477 2125 esset
2499 2056 2669 2121 major
3171 2051 3263 2105 42.
3304 2051 3378 2125 (ὁ)
3410 2053 3594 2125 Adhuc.
3619 2063 3716 2102 au-
3988 2054 4123 2109 dens
4143 2055 4342 2125 Cogita-

1504 2123 1596 2179 42.
1637 2134 1810 2178 tuum.
1847 2121 1923 2192 (b)
1948 2121 2135 2177 Adhuc
2330 2120 2593 2192 illorum.
2908 2190 2915 2192 _
3177 2130 3285 2192 tetu
3310 2120 3347 2192 ἦ-
3375 2123 3619 2176 veniente
3988 2125 4161 2179 tiones
4190 2120 4370 2180 cordis

1501 2205 1676 2250 autem
1706 2194 1747 2265 1-
1773 2190 1925 2249 acce-
2100 2248 2103 2251 ,
2330 2190 2419 2244 47.
2458 2190 2841 2265 Jesusautem,
2872 2190 2947 2244 vi-
3178 2191 3294 2265 ipso
3312 2190 3334 2258 ,V
3360 2192 3503 2247 elisit
3990 2194 4203 2248 illorum
4222 2236 4237 2257 .
4267 2195 4362 2251 ad-

1502 2266 1662 2320 dente
1688 2263 1801 2330 illo,
2330 2276 2387 2315 sa
2418 2263 2696 2335 cogitatio-
3178 2263 3327 2335 illum
3355 2265 3577 2335 daemo-
3994 2265 4333 2331 prehendens
4355 2280 4483 2335 pue-

1502 2336 1684 2390 adlisit
1711 2335 1857 2388 illum
2330 2346 2401 2384 ne
2428 2330 2603 2385 cordis
3177 2332 3325 2386 nium
3350 2374 3365 2399 ,
3392 2344 3448 2388 et
3471 2334 3581 2387 dis-
3990 2330 4107 2387 rum
4126 2374 4142 2399 ,
4174 2330 4383 2393 statuit.

1502 2405 1593 2461 ille
1621 2405 1839 2473 spiritus
1865 2418 1975 2456 ma-
2333 2400 2547 2473 illorum
2569 2441 2583 2464 ,
2618 2400 2711 2455 ad-
3171 2403 3388 2473 cinavit.
3646 2470 3655 2473 Α
3989 2418 4149 2457 secus
4175 2418 4234 2459 se
4253 2443 4267 2466 .
4294 2414 4351 2459 et

1504 2474 1608 2544 lus,
1636 2470 1691 2529 et
1719 2487 2005 2544 concarp-_
2331 2470 2655 2544 prehensum
3170 2470 3261 2544 45.
3302 2473 3367 2526 Et
3394 2470 3686 2539 increpavit
3992 2474 4081 2528 .58.
4124 2475 4195 2544 (ε)
4227 2474 4300 2527 ait
4326 2493 4338 2527 :
4372 2474 4413 2544 -ι-
4441 2474 4699 2541 Quicum-

2330 2540 2589 2596 ittfanlem
2608 2581 2624 2604 ,

2328 2613 2517 2665 statuit
2542 2611 2683 2679 apud

2328 2680 2415 2735 48.
2444 2697 2525 2747 se,
2546 2676 2599 2737 et
2630 2682 2699 2753 (ε)
2719 2676 2929 2748 dixit-j-z
2957 2676 3071 2747 qui-

2325 2765 2555 2821 eumque
2584 2768 2670 2806 me

2329 2824 2551 2890 recipit,
2577 2837 2684 2877 non

2329 2908 2414 2946 me
2443 2894 2546 2947 reci
2558 2894 2630 2961 pit
2645 2934 2661 2955 ,

2328 2962 2423 3015 sed
2449 2978 2568 3017 eum
2590 3004 2604 3025 ,
2634 2962 2722 3025 qui

2327 3047 2411 3086 me
2439 3033 2602 3085 misit.
2631 3031 2733 3086 Oui

2326 3102 2469 3158 enim
2494 3103 2653 3155 mini-

2326 3187 2445 3225 mus
2472 3173 2529 3226 in
2557 3171 2733 3225 omni-

1502 2543 1592 2601 45.
1634 2546 1721 2599 sit.
1752 2542 2035 2612 Imperavit

1501 2626 1681 2669 autem
1704 2613 1861 2669 Jesns
2166 2662 2169 2669 .

1501 2685 1578 2808 ὃς)
1604 2686 1811 2755 spiritui
1833 2684 2101 2766 'jiinmun-

1538 2770 1594 2808 ο.
1619 2765 1672 2808 et
1696 2763 1905 2808 sanant

1538 2770 1594 2819 ο,
1619 2754 1672 2810 et
1696 2754 1905 2809 sanavit

1502 2840 1746 2893 puerum.
1770 2832 1823 2879 et

1499 2894 1732 2950 reddidit
1761 2897 1825 2948 il—

1501 2964 1609 3032 lum
1638 2966 1772 3032 patri
1801 2978 1919 3018 suo.

1500 3031 1590 3087 st.
1632 3031 1927 3103 Stupebant
1952 3048 2045 3087 au-

1503 3113 1605 3158 tem
1634 3120 1819 3159 omnes

1502 3174 1554 3227 in
1583 3176 1842 3240 magnalia

1501 3243 1597 3299 Dei
1625 3260 1638 3295 :
1662 3244 1909 3297 omnibus

3171 2542 3328 2596 Jesus
3354 2544 3422 2612 (tr)
3446 2544 3603 2613 spiri-

3174 2613 3248 2665 tui
3279 2613 3319 2681 ’ξ’
3344 2613 3617 2669 intmundo
3635 2654 3649 2678 ,

3172 2690 3229 2737 et
3258 2688 3465 2737 satiavit

3175 2768 3393 2819 puerum
3410 2794 3425 2819 ,
3454 2764 3509 2807 et

3173 2824 3404 2877 reddidit
3426 2826 3574 2880 illum

3173 2896 3308 2963 patri
3338 2910 3451 2948 suo.

3174 2963 3263 3017 44.
3306 2964 3605 3033 Stupebant

3172 3042 3349 3087 autem
3379 3052 3569 3090 otttnes

3175 3104 3225 3173 in
3258 3105 3516 3173 magnitu-

3173 3172 3591 3227 dine...”

3173 3244 3422 3297 omnibus
3466 3282 3478 3295 .
3524 3282 3536 3293 .
3581 3272 3627 3295 .-

3993 2559 4098 2613 que
4126 2547 4397 2613 acceperit

3990 2629 4211 2684 puerum
4244 2616 4403 2671 istum

3990 2685 4042 2738 in
4074 2685 4290 2741 nomine

3989 2771 4111 2810 meo
4129 2797 4143 2819 ,
4182 2771 4268 2811 me
4295 2771 4381 2811 re—

3991 2827 4121 2895 cipit
4151 2843 4164 2878 :
4194 2836 4245 2880 et
4273 2827 4395 2896 qui-

3989 2910 4219 2966 cumque
4247 2911 4333 2951 me

3988 2966 4257 3035 rCCeperit
4275 3008 4289 3032 ,
4322 2981 4428 3021 non

3987 3052 4073 3090 me
4101 3037 4323 3105 recipit,

3986 3107 4080 3160 sed
4112 3122 4232 3160 eum
4252 3147 4267 3171 ,
4299 3106 4389 3169 qui

3986 3190 4071 3229 me
4095 3176 4259 3229 misit.
4288 3172 4451 3241 Nam,

2328 3242 2427 3297 bus
2458 3242 2613 3295 vobis
2635 3249 2754 3306 est,
3173 3244 3422 3297 omnibus
3466 3282 3478 3295 .
3524 3282 3536 3293 .
3581 3272 3627 3295 .-
3986 3245 4075 3313 qui
4104 3246 4277 3298 minor
4300 3254 4387 3299 est

1499 3326 1680 3367 autem
1705 3314 1904 3366 miran-
2328 3314 2417 3366 hic
2443 3323 2524 3367 est
2547 3327 2692 3381 mag-
3135 3326 3145 3339 '
3174 3314 3416 3366 rantihus
3446 3328 3607 3381 super
3989 3314 4129 3367 inter
4155 3328 4345 3368 omnes

1499 3384 1661 3445 tibus.
1701 3381 1769 3436 de
1796 3397 1913 3436 om-
2324 3399 2485 3455 nus:
2808 3450 2822 3455 _
3174 3386 3451 3455 omnibus,
3478 3398 3614 3455 quae
3989 3396 4086 3455 vos
4104 3382 4228 3455 ,ltic
4252 3384 4422 3455 major
4445 3391 4550 3437 est.

1498 3455 1676 3519 nibus,
1710 3466 1846 3521 quae
2324 3452 2412 3505 49.
2458 3452 2599 3521 lleSp
2640 3492 2653 3504 .
2697 3492 2710 3506 .
2757 3450 2927 3507 ndens
3177 3453 3423 3509 faciebat.
3494 3450 3511 3455 “

2459 3452 2599 3521 ReSp
2640 3492 2653 3504 .
2697 3492 2710 3506 .
2757 3450 2927 3507 ndens
3177 3453 3423 3509 faciebat.
3494 3450 3511 3455 “
3988 3452 4079 3507 49.
4122 3453 4475 3521 Respondeas

1496 3523 1747 3585 faciebat,
1778 3521 1859 3576 di—
2326 3530 2501 3575 autem
2531 3522 2731 3576 Johan-
3175 3526 3316 3578 Dixit
3343 3536 3522 3580 autem
3990 3532 4170 3579 autem
4197 3522 4394 3578 Johan-

1499 3597 1577 3650 xit
1602 3592 1669 3649 ad
1695 3591 1859 3648 disci-
2329 3605 2422 3647 nes
2447 3633 2459 3657 ,
2488 3591 2622 3646 dixit
2647 3610 2660 3645 :
2691 3594 2802 3648 Ma-
3174 3594 3331 3649 Jesus
3352 3597 3418 3650 ad
3446 3597 3526 3651 di-
3992 3609 4087 3650 nes
4107 3635 4121 3662 ,
4145 3594 4315 3649 dixit:

2795 3703 3023 3759 CODEX
3062 3704 3451 3762 BRIXIANUS.

1498 3812 1552 3857 et
1578 3798 2178 3864 eliditetdissipateum
2205 3802 2627 3869 cuAm-Aspuma.et
2651 3794 2737 3847 vix
2759 3793 3065 3869 disceditab
3245 3798 3391 3869 Dixit
3430 3808 3606 3869 autem
3646 3798 3712 3851 ad
3762 3798 4050 3869 discipulos
4096 3815 4243 3857 suos.
4298 3801 4486 3857 Ponite
4542 3815 4637 3855 vos
4686 3801 4732 3855 in

1499 3889 1563 3926 eo
1580 3872 1840 3927 dilaniatis
1864 3884 2009 3922 eum.
2030 3876 2083 3921 ct
2104 3867 2280 3933 rogavi
2304 3864 2591 3934 discipulos
2616 3874 2731 3917 tuos
2754 3873 2813 3934 ut
2833 3865 3068 3918 cicerent
3170 3868 3388 3929 auribus
3419 3867 3611 3920 vestris
3638 3864 3913 3921 sermones
3955 3871 4088 3923 istos
4125 3871 4288 3925 Filius
4331 3874 4471 3925 enim
4504 3871 4734 3923 hominis

1501 3943 1647 3995 illum
1665 3952 1833 3996 etnon
1851 3948 2158 4010 potuerunt.
2182 3937 2529 4005 Respondens
2550 3933 2893 3987 autemJesus
2915 3935 3065 4010 dixit.
3172 3938 3406 3991 futurum
3434 3948 3514 4010 est
3545 3946 3601 3987 nt
3631 3938 3867 4010 tradatur
3898 3938 3950 4010 in
3981 3954 4168 3992 mamts
4199 3940 4490 3994 hominum.
4537 3941 4615 3994 Illi
4646 3957 4735 3993 au-

1499 4011 1543 4064 0
1572 4005 2139 4079 generatin'incredula
2164 4019 2216 4063 et
2243 4022 2487 4079 perversa
2516 4020 2905 4079 usqueqnoero
2928 4005 3064 4079 apud
3173 4017 3277 4062 tein
3312 4008 3624 4077 ignorabant
3651 4008 3767 4061 hoc
3802 4009 4019 4079 verbum
4062 4017 4115 4059 ct
4163 4020 4277 4062 erat
4324 4011 4591 4062 occultum
4639 4012 4732 4063 eis.

1501 4074 1598 4133 vos
1619 4092 1669 4133 ct
1699 4081 1863 4148 patiar
1885 4096 1999 4131 vos.
2028 4078 2213 4133 Addnc
2243 4074 2343 4130 huc
2369 4078 2530 4130 lilium
2566 4074 2731 4148 tuum.
2762 4074 2836 4143 (b)
2878 4075 3065 4128 Adhuc
3171 4095 3227 4132 ut
3259 4074 3363 4132 non
3405 4079 3771 4146 intellegerent
3804 4078 3951 4129 illud.
3998 4088 4051 4130 et
4095 4079 4351 4129 timebant
4403 4079 4734 4148 interrogare

1503 4158 1677 4201 autem
1702 4146 1748 4217 V-j‘
1791 4150 2041 4205 veniente
2091 4151 2179 4201 illo
2231 4149 2376 4202 elisit
2426 4148 2573 4201 illum
2628 4146 2965 4201 daemonium
3014 4156 3069 4200 et
3172 4166 3292 4204 eum
3322 4150 3387 4202 de
3420 4152 3519 4202 hoc
3553 4150 3737 4201 verbo.
3779 4148 3992 4201 Intravit
4018 4155 4197 4217 autem
4243 4150 4515 4213 cognatio.
4560 4146 4641 4213 (ά)
4690 4151 4735 4199 ιιι

1502 4216 1775 4290 dissipavit
1797 4237 1938 4290 eum.
1971 4219 2035 4273 Et
2065 4220 2358 4288 increpavit
2378 4218 2558 4290 Jesnm
2588 4220 2829 4285 spiritum
2861 4218 3062 4290 inmun-
3171 4225 3250 4274 eis
3279 4221 3315 4290 νι-
3336 4222 3453 4287 quis
3482 4235 3662 4274 eorum
3695 4224 3864 4285 major
3891 4227 4050 4290 esset.
4079 4216 4325 4290 Et_Jesus
4370 4218 4556 4289 videas
4593 4217 4733 4290 cogi.

1502 4284 1649 4341 dum.
1684 4302 1729 4340 et
1756 4288 1958 4342 sanavit
1988 4284 2231 4355 puerum:
2258 4299 2311 4342 et
2341 4288 2572 4342 reddidit
2597 4284 2716 4341 eum
2752 4290 2883 4357 patri
2926 4288 3062 4352 ejus.
3173 4284 3402 4345 taliones
3428 4294 3603 4344 eordis
3627 4284 3838 4343 illorum
3866 4286 4272 4356 adprehendens
4301 4284 4525 4354 puerum
4551 4284 4736 4336 statuit

1505 4358 1803 4430 Stupebant
1835 4366 2011 4409 autem
2037 4373 2221 4411 omnes
2252 4371 2306 4411 et
2350 4358 2678 4412 mirabantur
2717 4359 2769 4410 in
2801 4359 3065 4426 magnitu-
3168 4377 3289 4415 eum
3314 4362 3467 4430 juxta
3508 4377 3586 4414 se.
3636 4372 3688 4415 et
3741 4358 3875 4413 dixit
3926 4360 4022 4414 eis.
4076 4360 4407 4430 Quicumque
4445 4358 4736 4430 susceperit

1506 4430 1631 4500 din_e
1664 4429 1777 4500 Dei.
2016 4494 2026 4500 _
2157 4494 2187 4500 η
2301 4494 2313 4500 _
2512 4496 2542 4500 __
2850 4496 2866 4500 _
2932 4497 2939 4500 _
2981 4496 2993 4500 _
3170 4426 3391 4500 puerum
3423 4446 3577 4483 istum
3606 4431 3658 4484 in
3689 4432 3901 4483 nomine
3926 4446 4045 4485 meo
4073 4446 4157 4483 me
4181 4426 4390 4500 reeipit.
4438 4427 4735 4500 etqtiicu_n-

1575 4497 1935 4568 Omnibusque
1960 4494 2274 4568 mirantibus
2300 4494 2352 4547 in
2382 4496 2629 4547 omnibus
2671 4510 2805 4561 quae
2848 4496 3071 4568 faciebat
3170 4494 3274 4568 que
3304 4517 3386 4554 me
3416 4503 3621 4568 recipit,
3656 4500 3840 4566 recipit
3866 4517 3988 4553 emn
4028 4500 4117 4567 qui
4165 4514 4250 4553 me
4275 4494 4437 4568 misit.
4470 4494 4570 4561 Qui
4597 4498 4733 4568 enim

1506 4571 1679 4625 Jesns.
1708 4567 1842 4621 dixit
1871 4567 2079 4637 Petrus.
2109 4565 2331 4637 immitte
2361 4579 2524 4631 quare
2546 4578 2638 4615 nos
2670 4566 3071 4637 nonputuimus
3174 4564 3346 4622 minor
3368 4580 3446 4622 est
3466 4564 3605 4623 inter
3625 4564 3813 4623 omnes
3842 4586 3935 4623 vos
3963 4564 4057 4625 hie
4070 4570 4240 4637 major
4261 4564 4733 4637 esthﬂespondeus

1504 4641 1678 4695 cicere
1700 4654 1841 4693 eum.
1872 4637 1951 4711 Ad
1980 4634 2219 4711 illedixit
2251 4633 2361 4687 Hoc
2382 4648 2550 4702 genus
2583 4648 2687 4686 non
2717 4633 2859 4685 exiet
2887 4634 2985 4685 uisi
3017 4634 3068 4685 in
3173 4649 3351 4691 autem
3376 4638 3648 4695 Iohannes
3678 4640 3832 4693 dixit.
3868 4633 4174 4711 Praeceptor
4201 4633 4736 4711 vidiu‘qucmdatn

1506 4711 1837 4765 orationibus
1857 4720 1912 4762 et
1925 4706 2164 4777 jejnniis.

2766 4792 2993 4849 CODEX
3030 4791 3488 4850 CORBEIENSIS.

3241 4886 3330 4942 45.
3360 4899 3411 4961 et
3443 4897 3557 4943 erat
3586 4887 3853 4943 occultum
3876 4890 4014 4946 inter
4042 4892 4206 4961 ipsos,
4239 4898 4297 4945 ut
4322 4903 4428 4945 non
4456 4886 4733 4947 sentirent,

3173 4966 3225 5011 et
3249 4959 3533 5023 timebant,
3567 4970 3671 5014 etc.

3243 5030 3336 5084 43.
3366 5031 3700 5099 Quicumque
3725 5045 3809 5099 me
3836 5032 4123 5099 receperit,
4148 5042 4253 5085 non
4289 5045 4376 5086 me
4410 5029 4623 5099 recipit,
4646 5024 4733 5099 scd

3162 5112 3321 5172 eum.
3348 5095 3435 5169 qui
3467 5116 3553 5157 me
3582 5095 3745 5155 misit.
3778 5098 3933 5154 Deest
3961 5095 4144 5172 folium
4191 5103 4244 5154 in
4284 5118 4378 5155 ms.
4418 5118 4451 5155 a
4476 5095 4620 5172 vers.
4679 5095 4737 5152 40

3181 5168 3333 5239 hujus
3352 5173 3554 5240 capitis,
3578 5188 3737 5241 usque
3756 5173 3823 5224 ad
3845 5168 3982 5227 vers.
4006 5172 4070 5227 ‘21
4102 5172 4286 5241 capitis
4322 5171 4530 5226 decimi.

2719 5260 3112 5320 VARIANTES
3148 5260 3442 5316 LECTION
3450 5264 3545 5319 ES.

1573 5363 1591 5394 ι
1627 5360 1732 5410 Gal.
1759 5364 1803 5423 et
1828 5360 1943 5408 Hm.
1964 5358 2045 5423 vix
2070 5350 2322 5405 discendit.
2356 5354 2601 5423 Valg.,vix
2620 5357 2863 5423 discedit.
2972 5417 2981 5423 _
3007 5418 3016 5423 .
3179 5419 3188 5423 Δ
3230 5353 3259 5423 ξ
3292 5353 3392 5423 Gut.
3416 5363 3461 5404 et
3486 5359 3601 5406 Hm.
3625 5359 3851 5418 cogitatio
3873 5359 4003 5409 inter
4026 5372 4130 5411 eos.
4155 5360 4271 5409 Hm.
4296 5366 4422 5410 erat.
4450 5356 4595 5423 Vulg.
4616 5356 4735 5417 cogi-

1573 5425 1594 5454 ³
1628 5425 1746 5471 Hm.
1773 5421 2036 5471 Generatio
2073 5429 2249 5479 pravas
2274 5424 2329 5479 et
2358 5415 2581 5465 inﬁdelis.
2620 5415 2747 5467 Ibid.
2776 5418 2882 5466 Gal.
2910 5417 3068 5479 vobis-
3176 5416 3294 5463 talio
3317 5417 3364 5463 in
3388 5429 3533 5468 eos...
3560 5415 3708 5470 esset:
3773 5426 3779 5431 '

1512 5496 1637 5535 cum.
1670 5483 1807 5548 Vulg.
1834 5482 1875 5533 Ο
1897 5477 2152 5543 generatio
2174 5477 2396 5541 inﬁdelis,
2424 5486 2474 5527 et
2499 5492 2787 5539 perversa...
2812 5478 2938 5540 apud
2968 5491 3069 5528 vos.

2825 5560 3188 5617 BLANCHINI
3212 5561 3451 5619 ,ΝΟΤᾹῖμ

1587 5662 1660 5734 (ᾳ)
1686 5661 1908 5716 Varians
1948 5660 2109 5734 lectio
2158 5659 2219 5734 in
2241 5664 2443 5712 textum
2481 5655 2656 5734 illata.
2686 5654 2962 5734 -.—--(b)_lta
2989 5660 3201 5734 etutex.
3234 5653 3326 5733 Gr.
3362 5657 3457 5734 ξπτ
3504 5656 3575 5734 δέ.
3600 5686 3675 5734 ‘_—-
3704 5658 3778 5729 (ε)
3819 5660 3895 5715 ita
3933 5666 3990 5713 et
4017 5668 4120 5714 tex.
4152 5659 4245 5716 Gr.
4274 5667 4347 5732 τῷ
4377 5662 4648 5733 πνεύματι.
4678 5677 4734 5695 -·

1518 5723 1604 5801 (αἱ
1627 5723 1702 5787 [ιλ
1728 5743 1783 5790 et
1809 5742 1914 5790 tex.
1950 5730 2046 5789 Gr.
2092 5732 2138 5786 ἐν
2166 5732 2350 5790 αὐτοῖς.
2381 5756 2449 5770 -
2472 5728 2540 5799 (e)
2568 5725 2694 5783 Post
2721 5723 2813 5797 ait,
2839 5723 2994 5783 deest
3023 5723 3145 5791 illis,
3175 5724 3337 5781 etiam
3362 5728 3417 5783 in
3442 5728 3561 5784 cod.
3592 5723 3742 5783 Cant.

1577 4895 1666 4950 44.
1708 4891 2415 4965 οιιιιιὶιιιιείιιιθγηιίταιιιὶιιιις
2456 4904 2614 4965 super
2663 4887 2841 4941 omnia
2866 4928 2880 4951 ,
2930 4899 3067 4955 quae

1506 4965 1734 5022 faciebat
1756 5005 1771 5028 ,
1802 4965 1935 5039 dixit
1974 4963 2022 5019 ei
2042 4964 2261 5039 __Petru§
2291 4963 2591 5039 :._D0tn_i.ne.
2619 4972 2920 5039 qiuare_nos
2962 4970 3066 5039 non

1512 5039 1778 5107 potuimus
1808 5036 2003 5107 ejicere
2020 5034 2193 5107 illum?
2218 5034 2419 5107 Quibus
2442 5032 2575 5107 dixit
2602 5050 2634 5107 :_
2644 5030 2904 5107 Quoniam
2927 5030 3070 5107 ejus:

1510 5096 1673 5170 inodi,
1703 5096 1946 5159 oratione
1984 5102 2211 5170 ejicitur,
2243 5096 2309 5156 ἐι
2350 5102 2573 5170 jejunio.
2602 5096 2744 5161 Dixit
2787 5096 2968 5153 autem
3004 5096 3072 5151 ad
