3920 6406
172 298 292 358 385

175 510 357 579 gister
377 550 390 575 ,
422 508 560 566 vidi-

178 596 311 635 mus
351 579 625 649 quendam

1196 278 1678 362 .Evauoeuuit
1718 300 2092 365 SECUNDUM
2132 303 2382 364 LUCAM.

587 413 818 474 CODEX
859 415 1393 474 VERCELLENSIS.

1028 513 1252 567 tendens
1283 513 1337 566 in

1025 584 1384 638 Hierusalem.

2308 420 2539 477 CODEX
2580 418 3030 475 VERONENSIS.

1880 513 2210 582 Praeceptor
2227 555 2241 580 ,

1877 585 2110 638 vidimus
2138 600 2310 652 quen-

2707 524 2884 566 autem
2919 511 3171 580 discipuli

2704 585 2820 652 ejus
2847 584 3101 648 Jacohus,

179 652 242 704 in
275 653 497 706 nomine
1022 654 1111 710 54.
1154 653 1412 709 Videntes
1434 662 1614 712 autem
1877 655 2000 708 dam
2033 656 2087 709 in
2112 654 2287 709 nomi-
2704 666 2755 707 et
2783 653 3081 723 Joliannes,

178 729 285 774 tuo
312 723 518 794 eicien-
1020 725 1271 792 discipuli
1303 728 1424 794 ejus
1879 741 1946 781 ne
1980 736 2072 780 tuo
2101 724 2304 781 eicien—
2705 724 2958 779 dixerunt
2992 743 3003 776 :

175 800 298 864 tem
329 793 575 864 daemoe_
1017 795 1252 850 Jacobus
1276 836 1291 861 ,
1319 793 1373 850 et
1401 794 1494 851 ,Ιοο
1879 805 1987 852 tem
2015 797 2300 851 daemonia
2323 838 2338 864 ,
2708 797 2952 859 Domine,
2989 799 3068 849 vis

175 862 273 916 nia
294 904 310 928 ,
341 875 399 919 et
426 862 609 932 prohi-

175 933 453 989 bebamus
482 934 547 989 il-

174 1004 295 1058 lum
328 1020 342 1069 ;
372 1006 567 1075 quoni-

174 1089 274 1128 am
304 1090 413 1131 non
441 1076 621 1146 sequi-

177 1155 278 1199 tur
312 1146 619 1201 nobiscum.

173 1216 275 1271 50.
322 1216 463 1270 Dixit
492 1228 671 1272 autem

174 1286 246 1340 ad
278 1287 425 1342 illum
451 1287 607 1344 Jesus
638 1305 651 1340 :

177 1358 191 1387 ³
239 1356 417 1412 Sinite
439 1358 587 1413 illum
609 1397 626 1424 ,

172 1436 232 1481 et
265 1429 433 1483 nolite
460 1443 580 1496 pro-

1016 866 1230 920 bannes
1252 907 1266 929 ,
1293 866 1448 921 dixe-

1015 947 1142 990 runt
1173 953 1186 988 :
1221 936 1471 1000 Domine,

1013 1009 1094 1060 vis
1113 1048 1128 1069 ,
1156 1005 1387 1060 dicimus

1014 1088 1072 1130 ut
1094 1079 1234 1146 ignis
1256 1075 1324 1129 de

1015 1150 1165 1202 caelo
1194 1147 1422 1200 descen—

1015 1218 1107 1271 dat
1128 1233 1290 1286 super
1322 1216 1384 1269 il-

1014 1290 1093 1342 los
1112 1329 1126 1350 ,
1147 1300 1200 1342 et
1227 1301 1423 1342 consu—

1013 1369 1124 1413 mat
1144 1373 1260 1420 eos.
1278 1358 1418 1411 sicut

1011 1430 1190 1484 Helias
1219 1428 1344 1482 fecit
1365 1428 1388 1480 ?

1875 878 1932 922 et
1956 866 2212 936 prohibe-

1875 937 2066 992 bamus
2094 952 2216 992 eum
2244 957 2258 1002 ς

1874 1009 1996 1076 quia
2029 1023 2135 1062 non
2164 1023 2254 1062 se-

1873 1081 2060 1147 quitur
2084 1087 2139 1134 te

1875 1150 2181 1203 nobiscum.

1872 1219 1963 1274 50.
2006 1219 2075 1273 Et
2101 1221 2176 1273 ait
2205 1218 2272 1274 ad

1869 1289 1992 1343 illos
2015 1289 2173 1344 Jesus
2196 1309 2206 1340 :

1870 1358 2049 1414 Nolite
2073 1359 2255 1427 prohi-

1872 1430 2004 1485 bere
2031 1449 2044 1486 :
2072 1433 2161 1496 qui

2705 865 2956 927 dicimus,
2991 873 3049 918 ut

2706 935 2846 1003 ignis
2871 935 3151 990 discendat

2702 1006 2770 1058 ile
2799 1010 2953 1061 caelo
2981 1022 3144 1074 super

2701 1077 2844 1140 illos,
2876 1088 2929 1131 et
2959 1093 3154 1131 consu-

2700 1157 2808 1198 mat
2835 1148 2977 1212 illos,
3003 1150 3141 1201 sicut

2699 1215 2881 1270 Helias
2909 1219 3079 1271 fecit?

2699 1286 2787 1339 55.
2835 1287 2901 1340 Ει
2926 1303 3244 1354 conversus,

2701 1358 3002 1424 increpavit

2698 1426 2837 1487 illos,
2871 1431 2948 1497 (α)
2981 1439 3035 1482 et

2695 1497 2826 1578 diuit
2849 1500 2888 1564 ’ξ-
2922 1498 3068 1578 χΝε-

2694 1577 2844 1620 SClllS
2868 1577 3022 1635 cujus

1870 1502 2015 1554 enim
2051 1517 2156 1555 non
2184 1509 2268 1554 est

1868 1571 2133 1626 adversus
2158 1586 2254 1625 vos
2271 1611 2287 1634 ,

1007 1499 1098 1555 55.
1143 1500 1206 1553 Et
1235 1512 1561 1564 conversus,

172 1498 409 1563 bibere;
442 1499 530 1568 qui
1007 1499 1098 1555 55.
1143 1500 1206 1553 Et
1235 1512 1441 1553 conver

172 1569 323 1622 enim
344 1584 462 1639 non
1003 1571 1305 1639 objurgavit
1329 1569 1350 1599 ²
1375 1568 1441 1622 il-

170 1569 323 1622 enim
355 1584 462 1624 non

168 1647 260 1692 est
288 1637 549 1695 adversus
1004 1637 1116 1706 los,
1142 1637 1328 1696 dicens
1353 1656 1366 1691 :
1867 1656 1966 1709 pro
1998 1643 2150 1696 vobis
2175 1651 2260 1697 est
2284 1657 2302 1694 :
2693 1638 2916 1709 spiritus
2939 1639 3070 1693 estis
3099 1659 3112 1692 :

169 1723 311 1775 vos,
337 1725 436 1779 pro
466 1709 618 1766 vobis
1003 1712 1235 1767 Nescitis
1264 1726 1360 1764 cu-
1863 1708 2027 1768 nemo
2049 1723 2134 1768 est
2156 1714 2300 1766 enim
2321 1753 2336 1777 ,
2693 1708 2782 1779 56.
2815 1711 2938 1773 quia
2972 1709 3141 1764 Filius

166 1778 478 1852 estznemo
497 1792 581 1837 est
996 1783 1088 1852 jus
1114 1779 1510 1852 spiritusestis.
1861 1783 1953 1852 qui
1994 1823 2008 1838 .
2054 1821 2068 1837 .
2115 1823 2127 1835 .
2176 1822 2190 1835 .
2237 1823 2249 1834 .
2290 1822 2309 1852 γ.
2358 1822 2370 1835 .
2412 1789 2468 1834 at
2692 1778 2930 1852 hominis
2961 1796 3066 1834 non

167 1851 362 1921 enim,
392 1853 482 1921 qui
513 1867 620 1908 non
999 1849 1094 1908 '56.
1142 1853 1310 1908 Filius
1339 1850 1512 1905 homi-
1861 1849 1945 1907 vir
1986 1894 1999 1908 .
2045 1894 2058 1905 .
2104 1891 2118 1906 .
2166 1894 2180 1908 .
2229 1893 2241 1904 .
2285 1851 2338 1906 in
2691 1849 2838 1921 venit
2866 1852 3074 1904 animas

168 1919 341 1976 faciat
367 1919 541 1976 virtu-
573 1939 578 1948 ο
1005 1925 1086 1978 uis
1113 1939 1219 1978 non
1251 1923 1272 1953 ³
1300 1937 1394 1976 ve-
1861 1924 2083 1980 nomine
2111 1938 2234 1978 meo
2255 1963 2270 1985 ,
2689 1919 2765 1989 (ὁ)
2801 1919 3079 1974 hominum
3107 1921 3146 1990 ἰ-

169 2001 285 2046 tem
317 1993 370 2047 in
398 1994 571 2047 nomi-
1003 1997 1081 2049 nit
1105 1994 1316 2049 animas
1436 2063 1444 2064 ί
1859 2004 1916 2050 et
1943 1995 2144 2064 poterit
2165 1993 2305 2047 male
2693 1995 2924 2064 perdere
2945 1992 3080 2064 .sed

168 2077 243 2116 ne
266 2078 389 2140 meo
409 2071 506 2140 ,_et
526 2078 621 2133 po-
1003 2065 1078 2135 (ὁ)
1111 2063 1392 2140 hominum
1419 2063 1460 2133 ἰ-
1858 2061 2035 2140 loq‘ui_
2033 2065 2102 2121 de
2125 2080 2234 2119 me.
2693 2061 2925 2140 salvare.
2955 2063 3024 2140 Et

171 2135 314 2206 terit,
335 2134 478 2206 male
528 2131 543 2133 “
998 2131 1261 2206 perdere,
1289 2131 1386 2190 sed
1436 2131 1444 2133 “
1858 2131 1948 2191 51.
1992 2136 2216 2190 Factum
2247 2143 2332 2188 est
2358 2148 2449 2187 au-
2698 2131 2995 2206 habierunt
3018 2133 3070 2188 in

166 2205 317 2272 loqui
345 2204 412 2259 de
441 2216 549 2258 me.
997 2201 1229 2272 salvare.
1857 2215 1968 2262 tem
1988 2248 2002 2270 ,
2038 2207 2164 2261 dum
2193 2219 2342 2260 com-
2693 2201 2852 2254 aliam

165 2274 264 2329 51.
307 2272 528 2347 Factum
555 2284 640 2330 est
997 2277 1062 2332 Et
1087 2277 1345 2331 abierunt
1857 2278 2144 2347 plerentur
2173 2277 2291 2331 dies
2691 2273 2992 2347 civitatem.

164 2355 352 2416 autem
371 2386 386 2409 ,
414 2345 541 2400 dum
999 2349 1052 2402 in
1081 2347 1217 2402 aliut
1237 2360 1358 2400 cas-
1378 2414 1410 2416 _
1853 2339 2259 2416 adsumptionis
2690 2339 2780 2394 57.
2805 2343 3028 2398 Factum
3052 2358 3137 2400 est

164 2415 492 2485 conpleren-
531 2416 572 2481 -ἅ
998 2419 1090 2473 57.
1131 2417 1339 2472 tellum.
1371 2414 1436 2468 Et
1855 2417 2006 2487 ejus,
2033 2414 2090 2473 et
2123 2417 2241 2485 ipse
2689 2421 2868 2487 autem

2686 2482 2942 2537 euntibus

2687 2552 2794 2606 illis
2818 2553 2869 2605 in
2901 2553 3007 2617 via,

2685 2622 2820 2675 dixit
2849 2623 3067 2688 quidam

1853 2487 2049 2543 faciem
2077 2500 2231 2541 suam

1852 2557 2092 2612 ﬁrmavit
2119 2564 2179 2609 ut
2203 2557 2308 2610 iret

1851 2627 2216 2683 Hierusalem.

998 2487 1198 2542 factum
1231 2495 1349 2551 est,

997 2557 1020 2589 δ
1047 2558 1301 2613 euntibus
1329 2556 1392 2609 il-

995 2628 1062 2683 lis
1085 2627 1138 2681 in
1162 2626 1246 2680 via
1263 2666 1279 2688 ,
1305 2624 1388 2679 di-

995 2699 1074 2752 xit
1101 2696 1320 2768 quidam
1851 2697 1941 2752 52.
1970 2697 2039 2752 Et
2064 2696 2214 2751 misit
2239 2709 2379 2750 nun-
2684 2693 2752 2768 adq
2772 2693 2916 2768 illum
2952 2709 2966 2746 :
2995 2693 3068 2766 (c)
3095 2695 3200 2752 Do-

992 2768 1058 2823 ad
1086 2763 1208 2824 eum
1235 2785 1248 2820 :
1279 2766 1488 2836 Sequar
1850 2769 1956 2824 tios
1982 2776 2107 2822 ante
2137 2782 2266 2821 con-
2686 2765 2849 2825 utine,
2877 2763 2917 2833 οξ-
2941 2763 3142 2834 sequar

991 2850 1044 2894 te
1068 2853 1340 2910 quocum-_
1432 2905 1442 2910 _
1473 2907 1496 2910 η
1531 2907 1565 2910 _
1640 2909 1643 2910 ν
1847 2850 2094 2910 spectum
2125 2851 2282 2893 suum
2312 2851 2328 2899 ;
2686 2842 2738 2910 te
2768 2848 3114 2910 quocumque

987 2905 1100 2980 58f
1118 2907 1394 2980 quejeris.
1421 2905 1506 2977 (ά)
1530 2907 1678 2980 Et}?!
1853 2905 1895 2980 ξ
1913 2952 1926 2964 .
1969 2917 2164 2965 euntes
2684 2907 2829 2980 ieris.

166 2496 258 2570 tur
283 2487 407 2570 dies
429 2500 616 2557 recep-

165 2566 336 2612 tionis
361 2566 476 2628 ejus
500 2597 516 2622 ,

159 2636 221 2710 et
248 2629 377 2710 ipse.
395 2629 534 2683 dire-

161 2698 250 2752 xit
275 2698 468 2780 facient

161 2783 322 2822 suam
353 2783 431 2824 tre
453 2783 505 2822 tn

159 2838 522 2893 Hierusalem.

160 2907 256 2963 52.
297 2908 365 2962 Et
387 2907 536 2962 misit
561 2922 699 2963 nun-

159 2980 268 3033 tios
293 2990 420 3034 ante
449 2992 607 3036 cons-
989 2974 1382 3036 dixit'eiJesus
1405 2974 1440 3032 ε’
1488 2974 1495 2977 ’
1849 2979 2188 3036 intraverunt
2682 2974 2768 3028 58.
2808 2977 2887 3042 ((1)
2918 2977 2980 3030 Et
3012 2976 3146 3042 fait

161 3059 380 3119 pectum
412 3065 507 3105 su-
990 3051 1195 3125 Yulpes
1219 3050 1375 3106 cubi-
1847 3051 1902 3125 i_n
1933 3053 2159 3125 civitate
2681 3045 2762 3100 illi
2792 3045 2950 3125 Jesus
2981 3065 2994 3100 :
3028 3045 3155 3125 Yol-

160 3115 252 3174 um
283 3162 299 3188 ,
332 3128 388 3176 et
412 3136 544 3177 eun—
989 3121 1060 3177 lia
1083 3115 1284 3178 habent
1306 3161 1322 3187 ,
1845 3123 2338 3186 Samaritanorum,
2677 3131 2797 3185 pes,
2822 3115 3007 3173 foveas
3034 3118 3128 3174 ha-

2677 3189 2863 3251 beant.
2906 3201 2962 3243 et
2982 3205 3078 3246 vo-

2678 3258 2859 3313 lucres
2886 3260 3028 3315 caeli

2675 3329 2856 3393 nidos,
2887 3330 2980 3383 ubi

2672 3399 3020 3470 requiescant
3056 3420 3070 3454 :

2670 3469 2794 3524 nam
2827 3469 3001 3525 Filius

1842 3207 2200 3321 ἓὲῗῗυεῗῖῗιῑ.
2231 3261 2330 3317 Et-

987 3201 1043 3248 et
1065 3193 1318 3248 volucres

985 3264 1123 3320 caeli
1155 3262 1311 3318 nidos
1331 3277 1406 3328 ,u-

985 3334 1038 3389 bi
1061 3334 1302 3402 requies-

983 3413 1109 3458 cant
1133 3420 1148 3468 ;
1182 3403 1349 3457 Filius

983 3483 1158 3528 autem
1191 3472 1370 3526 homi-

163 3200 272 3258 tes,
298 3191 534 3247 intrave-

157 3273 290 3318 runt
312 3263 363 3316 in
395 3263 528 3317 civi-

156 3341 274 3387 tate
299 3331 538 3392 Samari-

157 3413 410 3457 tanorum
429 3443 444 3469 ,
479 3411 593 3458 tan-

155 3487 317 3542 quam
351 3487 506 3542 para-

1842 3349 1952 3389 non
1977 3348 2198 3405 recepe-

1841 3414 1969 3460 rUut
1996 3403 2166 3466 illum.

1839 3477 1964 3545 quia
1997 3475 2163 3528 iacies

156 3538 248 3596 55.
291 3538 396 3595 tui'i
424 3541 522 3598 ill.
553 3541 624 3595 Et
983 3546 1068 3616 nis
1089 3556 1198 3616 non
1228 3543 1322 3595 ha-
1403 3610 1417 3616 _
1843 3538 1961 3616 ejus
1983 3553 2109 3616 erat
2668 3538 3042 3616 hominisnon

157 3627 266 3667 non
295 3625 486 3681 recepe
985 3615 1101 3680 bet,
1132 3613 1220 3667 ubi
1249 3610 1418 3682 capud
1838 3609 2016 3670 euntis
2049 3613 2244 3670 Hieru-
2667 3609 2850 3673 habet,
2877 3611 2965 3664 tibi

157 3690 287 3736 runt
308 3696 469 3747 eum,
983 3684 1070 3740 59.
1114 3683 1356 3739 reclinet.
1392 3682 1479 3738 Dio
1839 3687 2032 3742 salem.
2665 3689 2826 3748 caput
2855 3691 3033 3735 suum

154 3754 409 3821 quoniam
441 3751 524 3806 l‘a-
983 3755 1260 3809 xitautent
1837 3755 1927 3811 54.
1954 3759 2086 3813 Cum
2667 3749 2756 3805 59.
2799 3751 3046 3821 reclinet.
3085 3751 3154 3805 Et

155 3820 266 3878 cies
291 3822 435 3878 illius
458 3826 576 3883 eiut
981 3825 1048 3880 ad
1075 3827 1225 3881 illum
1253 3844 1263 3880 :
1291 3827 1387 3883 Se-
1836 3828 2101 3884 vidissent
2667 3821 2742 3874 ait
2770 3820 2837 3874 ad
2864 3825 3094 3876 alterum
3131 3838 3147 3875 :

1468 3966 1698 4022 CODEX
1727 3963 2114 4023 BRIXIANUS.

156 4081 208 4135 in
234 4080 450 4137 nomine
480 4089 571 4136 tuo
601 4082 886 4139 eicientem
929 4082 1214 4138 daemonia
1259 4091 1315 4137 et
1359 4081 1732 4149 prohibuimus
1831 4089 1891 4134 ut
1914 4081 2050 4148 ignis
2074 4075 2455 4149 descendatde
2479 4073 2654 4127 caelo.
2683 4083 2739 4149 et
2767 4082 3054 4149 consumat
3109 4074 3250 4149 illos
3283 4078 3424 4136 sicut

155 4168 299 4224 eum.
331 4154 584 4224 qnianon
631 4155 870 4224 sequitur
922 4142 1453 4224 nobiscum.__Et'ait
1480 4150 1544 4224 ad
1576 4150 1726 4224 illum
1830 4159 1884 4205 et
1901 4142 2087 4224 lfelias
2107 4147 2252 4224 fecit.
2281 4146 2346 4199 Et
2361 4157 2663 4224 conversus
2688 4142 2844 4223 .lesus
2868 4144 3167 4224 increpavit
3201 4148 3418 4224 ill_o_s(a)

155 4213 538 4280 Jesus.'Sinite
581 4213 727 4278 eum:
771 4224 834 4276 Et
877 4223 1042 4276 nolite
1089 4219 1421 4288 prohibere:
1444 4219 1532 4288 qui
1584 4219 1728 4273 enim
1828 4227 1883 4272 et
1899 4218 2033 4288 dixit
2063 4217 2102 4287 -ζ-
2126 4216 2191 4271 ad
2235 4231 2331 4271 eos
2360 4214 2590 4288 Nescitis
2617 4213 2771 4288 cujus
2807 4213 3035 4288 spiritus
3069 4216 3218 4270 estis.
3253 4213 3421 4275 Filius

153 4309 259 4348 non
299 4301 384 4348 est
427 4293 708 4347 adversum
753 4307 846 4345 vos
893 4307 988 4360 pro
1038 4283 1186 4343 vobis
1224 4299 1337 4360 est.
1387 4283 1603 4360 Factum
1645 4297 1730 4342 est
1826 4290 1969 4360 enim
2000 4283 2235 4360 hominis
2261 4300 2367 4340 non
2404 4287 2551 4360 venit
2581 4283 2798 4360 animas
2822 4283 2899 4360 (_b)
2928 4285 3206 4360 hominum
3231 4288 3268 4356 ’ἒ
3299 4307 3419 4357 per-

149 4374 326 4418 autem
348 4365 473 4416 dum
495 4353 1030 4430 conplerentur'dies
1071 4358 1467 4430 adsumptionis
1514 4358 1630 4427 ejus
1671 4367 1728 4412 et
1827 4359 1980 4430 dere.
2023 4359 2118 4413 sed
2160 4358 2392 4412 salvare.
2435 4356 2502 4410 Et
2531 4355 2793 4430 abierunt
2840 4353 3068 4430 in__a_liud
3113 4353 3412 4415 castellum.

151 4434 264 4502 ipse
308 4434 492 4488 faciem
540 4425 690 4485 suam
723 4431 956 4485 lirtnavit
1013 4440 1069 4484 ut
1111 4429 1213 4485 iret
1266 4425 1318 4482 in
1369 4425 1722 4484 Hierusalem.
1829 4429 2053 4484 Factum
2095 4441 2178 4502 est
2218 4440 2395 4484 autem
2442 4425 2844 4502 ambulantibus
2892 4425 2999 4480 illis
3055 4429 3108 4481 in
3159 4431 3239 4502 via
3270 4431 3418 4502 digit

149 4497 211 4555 Et
245 4504 623 4558 misituuntios
648 4512 771 4557 ante
809 4511 1155 4569 conspectum
1204 4515 1356 4555 suum
1409 4512 1461 4555 et
1507 4509 1716 4554 euntes.
1829 4501 2045 4570 quidam
2096 4501 2162 4554 ad
2222 4502 2392 4555 illum.
2442 4499 2662 4570 Sequar;
2703 4505 2755 4550 te
2810 4513 3127 4570 quocunque
3187 4497 3410 4570 ieris_(c)

147 4571 479 4643 intraverunt
511 4574 560 4627 iu
591 4575 860 4628 civitatem
893 4567 1353 4643 samaritanortun
1384 4583 1439 4624 ttt
1471 4580 1721 4640 pararent
1831 4567 2117 4642 Domine-j-
2141 4574 2217 4643 (d)
2256 4574 2314 4625 Et
2346 4570 2387 4640 -ι-
2413 4570 2486 4643 ait
2530 4567 2812 4643 illi_.lesu_s_.
2853 4567 3049 4643 Vulpes
3100 4567 3414 4643 foveas___l_ia-

150 4640 246 4693 illi.
281 4644 345 4714 lilt
392 4659 497 4714 non
541 4656 862 4714 receperunt
895 4659 1037 4698 eum.
1085 4642 1206 4713 quia
1255 4644 1417 4714 facies
1449 4635 1564 4710 ejus
1604 4651 1722 4714 erat
1828 4644 1972 4698 bent.
2007 4653 2063 4697 et
2084 4635 2331 4697 volucres
2358 4635 2491 4714 caeli
2538 4640 2692 4714 nidos
2717 4637 2805 4714 ubi
2858 4638 3210 4714 requiescant.
3244 4635 3411 4714 Filius

1827 4719 2003 4768 autem
2031 4715 2265 4767 hominis
2309 4727 2415 4765 non
2467 4708 2626 4764 habet
2679 4707 2766 4761 ubi
2813 4714 2973 4774 caput
3024 4706 3268 4761 reclinet.
3321 4707 3414 4764 Ait

148 4712 324 4785 euntis
354 4715 404 4765 in
428 4711 783 4785 Hierusalem.
819 4714 1072 4770 Videntes
1104 4711 1282 4785 autem
1302 4713 1547 4785 discipuli
1579 4713 1717 4782 ejus.

1825 4795 2006 4839 autem
2033 4783 2100 4838 ad
2122 4784 2374 4838 alterum.

147 4780 376 4836 Jacohus
404 4791 458 4838 et
483 4782 758 4842 Johannes
787 4785 1066 4841 dixerunt.
1099 4784 1326 4840 Domine
1355 4780 1715 4839 vis—dicimus.

1398 4915 1624 4972 CODEX
1665 4913 2122 4974 CORBEIENSIS.

219 5028 434 5084 Mutilus
460 5041 532 5085 est
557 5032 676 5088 cod.
707 5049 865 5104 usque
891 5033 959 5088 ad
986 5049 1115 5088 vers.
1142 5031 1206 5086 21
1238 5029 1447 5099 cap.lx.

1337 5138 1731 5198 VARIANTES
1766 5133 2166 5197 LECTIONES.

209 5258 364 5326 [ραι.
404 5260 564 5311 Sinite
603 5274 746 5324 eum,
785 5269 837 5313 et
872 5262 1023 5312 nolite
1058 5259 1334 5323 prohibere.
1369 5258 1512 5323 Vulg.
1551 5257 1714 5309 Nolite
1817 5252 2078 5326 dere,_sed
2098 5251 2307 5326 salvare.
2335 5253 2398 5326 Et
2422 5254 2672 5326 abierunt.
2777 5317 2816 5326 _
2858 5314 2869 5326 ι
3038 5317 3067 5326 _‘
3155 5317 3164 5325 ο

149 5321 431 5384 prohibere.
730 5314 745 5324 '
1258 5381 1283 5384 η
1461 5314 1503 5384 ξ-
1834 5381 1846 5384 Α
1882 5321 1904 5350 ³
1936 5314 2052 5369 Mm.
2079 5316 2212 5365 venit
2229 5317 2289 5366 ad
2309 5319 2492 5366 animas
2515 5318 2745 5379 perdere.
2777 5314 2918 5378 Vulg.
2936 5317 3404 5379 venltanimasper-

204 5385 224 5448 ξ
256 5383 363 5448 Gal.
389 5383 512 5448 illos.
541 5384 598 5433 Et
617 5385 861 5448 abierunt.
893 5383 1194 5448 Fulg._lllos,
1239 5381 1408 5448 dicens
1431 5381 1675 5448 :Nescitis
1695 5420 1710 5443 ,
1817 5381 1961 5448 dere.

144 5444 275 5508 Cujus
295 5446 493 5507 spiritus
536 5449 674 5496 estis.
716 5446 868 5496 Filius
892 5437 1095 5495 hominis
1117 5437 1212 5492 non
1233 5443 1367 5492 venit
1393 5444 1575 5493 animas
1597 5437 1714 5506 per-'-
1880 5443 1902 5474 ⁸
1933 5445 2050 5493 Mm.
2078 5440 2308 5490 euntibus
2331 5439 2442 5490 illis.
2479 5439 2621 5505 Vulg.
2649 5439 3004 5489 ambulantibus
3028 5437 3136 5488 illis.

1450 5558 1812 5615 BLANCHINI
1850 5554 2076 5613 NOTAS.

215 5677 286 5751 (α)
316 5677 392 5732 Ita
423 5686 480 5751 et
515 5677 637 5733 cod.
667 5671 1507 5751 Cant.,‘vi_zitium—(bjAddit
1548 5674 1832 5751 hominum,
1864 5673 2024 5729 etiam
2051 5679 2158 5724 tex.
2193 5669 2316 5730 Gr..
2339 5671 2703 5746 ἀνθρώπων.-
2729 5661 2802 5731 (c)
2836 5662 2995 5716 Addit
3047 5661 3278 5735 Domine,
3307 5680 3401 5739 pa.

84 5817 87 5821 ,
153 5743 411 5810 τίιὸῐίες.
435 5748 557 5816 Gr.,
582 5752 826 5825 αύμμ-
850 5746 934 5818 (d)
964 5746 1129 5802 Addit
1155 5758 1204 5804 et
1223 5788 1238 5814 ,
1264 5743 1427 5804 etiam
1459 5757 1567 5806 lex.
1593 5743 1717 5817 Gn,
1741 5749 1846 5804 καὶ.

676 5838 947 5902 Ριτιιοι.
1006 5838 1148 5904 XII.
2847 5824 2920 5885 19
