3920 6410
442 390 547 449 587

832 495 1059 552 CUDEX
1097 492 1618 551 VERCELLENSIS.

450 608 618 659 quet'e
643 606 746 644 me.

451 656 552 729 Qui
574 662 707 716 dixit
732 678 747 713 :
776 656 1025 720 Domine,

456 733 705 801 permitte

457 800 586 856 mihi
608 800 754 870 prius

453 873 553 938 ire,
584 880 640 926 et
676 870 875 940 sepeli-

453 958 514 995 rc
532 949 736 1009 patrem

455 1008 545 1065 61).
576 1026 772 1065 meum.
793 1008 935 1063 Dixit

453 1080 529 1151 (a)
558 1080 791 1150 autem-i-
813 1078 889 1133 illi
921 1075 1035 1142 :(b)
1062 1074 1081 1104 ι
1113 1071 1193 1126 Si-

453 1166 521 1203 ne
545 1160 783 1202 mortuos

451 1220 679 1289 sepelire
700 1218 741 1289 σιν
761 1233 909 1273 mor-

449 1299 571 1343 tuos
598 1304 723 1343 suos
748 1308 761 1343 :
792 1296 849 1342 tu

449 1368 627 1413 autem
660 1358 824 1419 vade;

450 1428 701 1481 adnunua

448 1512 667 1565 regnum
692 1496 805 1549 Dei.
836 1489 846 1510 '

451 1568 541 1620 61.
573 1566 713 1620 Dixit
750 1574 929 1618 autem

448 1646 503 1689 et
531 1637 664 1688 alius
688 1652 701 1688 :
732 1636 938 1703 Sequar
965 1644 1017 1687 te

1268 584 1478 646 messis,
1511 592 1567 635 ιιι
1590 582 1715 635 mit-

1270 663 1345 706 tat
1371 652 1613 721 operari-

1270 738 1333 777 os
1357 724 1409 776 in
1436 736 1665 776 messem

1269 808 1442 846 suam.

1268 862 1321 916 5.
1358 864 1493 915 Ecce
1523 862 1675 915 mitto

1270 947 1362 986 vos
1392 940 1659 999 tamquam

1268 1017 1432 1070 agnos
1457 1002 1517 1072 (ἱ)
1543 1003 1593 1053 itt
1618 1015 1731 1072 me-

1268 1072 1359 1125 dio
1384 1072 1626 1139 luporum

1268 1145 1319 1196 4.
1351 1140 1525 1194 Nolite
1557 1156 1675 1208 por-

1270 1222 1383 1265 tare
1404 1225 1585 1264 Saccu—

1269 1281 1376 1334 lum
1411 1296 1424 1344 ;
1462 1295 1568 1333 non
1598 1295 1695 1348 pe-

1268 1366 1404 1413 ram,
1434 1364 1529 1403 nec
1556 1350 1666 1403 cal-

1270 1422 1591 1472 ciamentum
1629 1437 1640 1470 :

1270 1498 1324 1542 et
1362 1491 1627 1544 neminem

1270 1561 1405 1612 circa
1432 1560 1571 1611 viam

1272 1630 1539 1681 salutavc-
1590 1654 1591 1657 η

449 1705 580 1777 Due;
600 1706 744 1770 prius
756 1697 933 1758 atticm
948 1702 1197 1772 permitte
1273 1699 1327 1751 5.
1369 1698 1503 1749 ritis.
1530 1697 1602 1777 In.
1617 1708 1803 1765 quam-

447 1776 575 1828 ntilti
596 1776 685 1837 ire,
719 1784 774 1829 et
794 1791 929 1829 nun—

448 1846 584 1898 tiare
608 1846 707 1909 eis,
737 1846 827 1911 qui

448 1915 502 1967 in
534 1913 694 1967 domo
721 1925 867 1968 sunt.

443 1982 532 2036 62.
567 1984 705 2037 Dixit
731 1993 908 2037 autem

444 2052 511 2105 ad
539 2052 684 2106 illum
708 2052 864 2107 Jesus
889 2070 901 2105 :

446 2121 528 2191 (ά)
553 2122 718 2176 Nemo
750 2132 893 2176 retro

441 2193 761 2261 respiciens.

442 2269 499 2314 et
520 2263 817 2315 extendens

1165 1777 1188 1801 ⁶
1272 1782 1503 1834 cumque
1526 1782 1633 1834 prt-

1275 1852 1416 1917 mum
1446 1838 1663 1918 domum

1277 1916 1557 1959 Intrztveri—

1274 1978 1360 2041 tis,
1385 1974 1547 2030 dicite
1579 1994 1591 2028 :
1624 1976 1728 2029 Pax

1265 2045 1390 2099 huic
1420 2046 1620 2098 domui.

1264 2115 1317 2168 6.
1359 2116 1421 2175 Si
1446 2116 1518 2167 ibi
1547 2115 1705 2168 fuerit

1269 2184 1418 2264 ﬁlius.
1432 2183 1600 2251 pacis,

1269 2262 1456 2321 requie
1500 2293 1512 2305 .
1560 2292 1574 2305 .
1619 2292 1633 2306 .
1663 2262 1749 2305 cet

963 381 1230 441 EUSEBII
1266 378 1600 437 VERCELL.
1642 375 2083 434 EVANGELIUM
2120 375 2258 431 CUM
2298 372 2518 429 VARIIS
2554 366 2709 428 COD.
2749 368 3137 427 COLLATUM.

2538 484 2768 542 CODEX
2803 484 2893 541 ΥΕ
2902 482 3247 540 RONENSIS.

2112 585 2349 653 Sequere
2376 598 2483 636 me.

2114 655 2209 709 Ille
2234 661 2408 707 autem

2114 724 2287 779 dixit:
2314 722 2563 787 Domine,

2112 794 2364 874 permitte
2385 791 2513 874 mihi

2115 878 2345 932 primum
2386 877 2487 926 tre,

2116 944 2169 988 et
2206 933 2434 1002 sepelire
2463 946 2555 1000 pa-

2117 1014 2251 1056 trem
2276 1017 2475 1057 meum.

2116 1074 2203 1127 60.
2238 1073 2384 1126 Dixit
2424 1069 2500 1139 (a)
2526 1076 2702 1123 autem
2742 1066 2785 1136 -ι-

2116 1144 2163 1195 ei
2190 1142 2345 1197 Jesus
2376 1160 2387 1194 :
2432 1140 2507 1212 (b)
2531 1140 2659 1194 Sine

2118 1223 2359 1266 mortuos
2382 1226 2539 1279 sepe-

2116 1283 2220 1337 lire
2240 1283 2276 1350 -ί-
2299 1292 2537 1335 mortuos

2118 1367 2245 1405 SUOS
2268 1369 2281 1403 ἶ
2314 1361 2367 1404 ill
2393 1366 2484 1404 au-

2119 1431 2223 1474 tem
2250 1421 2406 1484 vade,
2433 1436 2570 1473 nun-

2120 1492 2189 1542 tia
2219 1506 2437 1560 regnum
2462 1490 2576 1544 Dei.

2119 1560 2206 1613 61.
2239 1561 2307 1615 Ει
2332 1562 2407 1614 ait
2431 1562 2567 1613 alter
2598 1576 2611 1611 :

2117 1629 2223 1709 Se_q
2266 1670 2278 1682 .
2325 1671 2339 1684 .
2384 1670 2398 1683 .
2444 1669 2455 1681 .
2494 1630 2619 1710 Do.-

2120 1715 2264 1753 mtne
2306 1736 2319 1751 .
2366 1739 2379 1752 .
2423 1739 2435 1750 .
2482 1714 2629 1766 .prt-

2120 1784 2264 1821 mum
2292 1768 2539 1829 permitte

2121 1839 2249 1891 mihi
2282 1838 2353 1907 (ε)
2384 1853 2523 1907 nun-

2121 1908 2257 1962 tiare
2280 1906 2382 1971 his,
2409 1906 2500 1973 qui

2116 1976 2263 2031 domi
2294 1985 2418 2029 sunt
2437 1975 2500 2045 τι.

2118 2046 2205 2100 ϐΞ.
2235 2048 2321 2100 Ait
2346 2045 2586 2101 ad'illum
2637 2082 2645 2090 -

2117 2116 2273 2171 Jesus
2299 2134 2311 2167 :
2346 2116 2425 2185 (ά)
2454 2115 2623 2169 Nemo

2120 2187 2415 2254 respiciens
2440 2197 2617 2249 retro,

2125 2258 2196 2327 (ε)
2221 2256 2381 2309 mittit
2404 2271 2620 2327 manum

2936 576 3215 631 Dominum

2930 648 3121 719 messis
3149 689 3163 712 ,
3197 656 3257 700 ιιι

2928 718 3102 771 mittat
3132 731 3321 785 opera-

2936 789 3044 841 rios
3069 786 3122 840 in
3155 799 3383 841 messem

2934 872 3103 911 suam.

2932 928 2985 982 5.
3011 927 3078 980 Ει
3103 940 3230 980 ecce
3249 937 3347 995 ego

2930 998 3085 1050 mitto
3111 1009 3226 1056 vos.

2928 1067 3064 1120 sicut
3088 1078 3251 1133 agnos

2928 1136 2992 1204 (ἱ)
3018 1138 3069 1189 in
3090 1135 3267 1190 medio

2928 1207 3176 1275 luporum
3199 1204 3260 1275 τ.

2928 1275 2981 1327 4.
3012 1276 3185 1331 Nolite
3214 1284 3427 1343 portare

2929 1346 3221 1407 sacculum,
3254 1356 3427 1413 neque

2934 1429 3138 1483 peram,
3170 1428 3343 1481 neque
3398 1445 3416 1460 -

2934 1486 3281 1539 calciamenta
3310 1499 3325 1547 ;

2935 1566 2990 1607 et
3010 1556 3272 1609 neminem

3008 1640 3034 1677 r
3059 1625 3196 1677 viam
3228 1639 3315 1677 sa-

2962 1695 3258 1747 utaveritis.

2885 1776 2893 1785 ‘
2938 1764 2989 1817 5.
3030 1763 3087 1817 In
3119 1777 3435 1832 quamcum-

2936 1848 3038 1900 que
3067 1834 3285 1886 domum
3306 1832 3419 1900 pri-

2939 1918 3081 1956 mum
3115 1901 3398 1957 intraberi-
3446 1944 3451 1951 .

2938 1973 3005 2027 tis
3021 2013 3035 2036 ,
3063 1972 3223 2026 dicite
3246 1990 3260 2026 :

2940 2043 3048 2096 Pax
3081 2041 3205 2095 huic

2938 2112 3121 2166 domui
3144 2128 3158 2164 :
3182 2120 3237 2167 et
3260 2114 3307 2167 si

2942 2182 3014 2236 ibi
3042 2182 3200 2236 fuerit

2942 2254 3083 2305 ﬁlius
3114 2255 3281 2321 pacis,

3561 357 3673 421 588

444 2345 658 2383 manum
685 2333 705 2362 ²
732 2346 822 2385 su—
1272 2324 1293 2355 ³
1315 2338 1474 2395 super
1504 2323 1648 2375 illum
1674 2336 1776 2389 pax
1800 2334 1919 2373 ves-
2122 2321 2187 2380 in"
2206 2335 2441 2380 aratrum
2466 2325 2527 2395 1-,
2941 2321 3247 2390 requiescet

443 2415 538 2469 per
562 2410 817 2464 aratrum,
848 2400 886 2469 εί·
1277 2398 1392 2469 fl)";
1425 2394 1504 2445 Si"
1527 2404 1728 2469 amen].
2124 2405 2277 2469 aptius
2298 2406 2381 2450 est
2402 2394 2568 2466 regno
2946 2406 3109 2469 super

441 2461 596 2539 aptus
616 2478 700 2525 est
724 2461 843 2539 reg}
863 2461 876 2469 ⁷
1277 2462 1346 2533 (j)
1372 2477 1539 2544 super
1562 2461 1717 2531 νος-ι-
1738 2476 1826 2515 re-
2130 2461 2247 2520 Dei.
2465 2461 2487 2466 '
2737 2490 2742 2497 -
2946 2462 3018 2543 ἰ..
3062 2501 3077 2515 .
3124 2504 3144 2544 ._
3184 2503 3197 2515 .
3243 2503 3256 2515 .
3300 2500 3314 2515 .
3354 2472 3570 2544 vestra;

656 2578 882 2635 CAPUT
1272 2541 1622 2657 ζῗΓΙιιῗιὲνιΓᾶειη
1654 2602 1749 2655 do-

2142 2670 2153 2673 _
2330 2577 2564 2673 9W
2591 2576 2659 2673 τε·
2701 2669 2711 2673 _
2945 2539 3345 2673 iiiiiifil-“tos
3371 2602 3410 2673 τ

446 2676 499 2729 1.
530 2688 598 2727 no
630 2672 742 2725 Dei.
773 2669 840 2740 (ί)
868 2668 988 2723 Ele—
1274 2686 1362 2724 mo
1384 2687 1569 2725 mane-
2138 2670 2183 2721 1.
2225 2670 2297 2737 (f)
2330 2668 2665 2740 Dessignavit
2687 2669 2723 2735 ἦ·
2946 2668 3273 2727 revertetur.

2948 2742 3000 2794 7.
3041 2740 3097 2795 ltt
3129 2742 3315 2797 eadem

2948 2820 3126 2865 autem
3152 2814 3314 2865 domo

2949 2892 3163 2935 manete
3178 2922 3192 2944 ,
3221 2882 3357 2937 eden
3371 2911 3387 2921 -

2130 2747 2307 2792 autem
2335 2738 2492 2792 Jesus

2131 2819 2185 2862 et
2205 2809 2336 2861 alios
2357 2824 2480 2863 ιιι.

2132 2889 2185 2933 et
2212 2879 2360 2931 misit
2387 2880 2509 2934 illos

440 2746 523 2812 'git
555 2742 591 2812 οι·
621 2750 797 2795 autem
819 2750 874 2795 et

416 2813 777 2868 .aHosLxxu.

449 2893 504 2937 et
530 2883 673 2937 misit
700 2880 822 2934 illos

1276 2750 1350 2804 te,
1381 2742 1631 2805 edentes,

1277 2823 1330 2865 et
1355 2810 1602 2865 bibentes

1276 2895 1413 2949 quae
1434 2882 1498 2933 ab
1530 2882 1637 2934 illis

442 2952 597 3008 binos
626 2960 751 3005 ante
1277 2948 1553 3019 apponun-
2133 2948 2292 3019 binos
2321 2958 2445 3002 ante
2952 2959 3053 3015 tes,
3079 2962 3133 3003 et
3160 2951 3352 3004 biben-

445 3022 639 3077 faciem
661 3036 829 3083 suam,
1277 3018 1366 3073 tur
1399 3021 1550 3074 vobis
1573 3037 1587 3084 ;
2133 3018 2324 3089 faciem
2347 3035 2495 3072 suam
2953 3029 3034 3073 tes
3058 3033 3195 3087 quae
3222 3029 3350 3089 aput

450 3093 525 3162 (g)
557 3093 607 3145 in
635 3105 848 3162 omnem
1276 3089 1468 3162 dignus
1494 3103 1578 3143 εει
2134 3088 2213 3162 (9)
2237 3088 2288 3141 in
2318 3104 2531 3162 omnem
2954 3089 3075 3162 illos
3100 3098 3254 3153 sunt;

1276 3160 1419 3213 enim
1443 3173 1633 3225 opera-
2134 3157 2331 3220 lucum,
2363 3166 2417 3211 et
2440 3157 2517 3214 ci-

1278 3230 1391 3281 rius
1419 3243 1621 3281 merce-
2137 3229 2357 3281 vitatem
2380 3227 2441 3295 1-,
2467 3242 2571 3296 quo

450 3160 648 3221 locum.
678 3170 730 3213 et
753 3160 831 3212 ci-

2956 3158 3146 3227 dignus
3173 3168 3255 3211 est

452 3231 759 3300 vitalem-1,
790 3227 880 3282 tibi

2955 3226 3099 3281 enim
3124 3226 3403 3293 operarius

452 3301 533 3425 gl)
559 3296 849 3354 intraturus
1275 3297 1394 3349 dem
1424 3312 1603 3349 suam.
2136 3306 2255 3351 erat
2294 3296 2371 3365 (It)
2399 3310 2584 3351 ventu-
2956 3299 3203 3350 mercede
3230 3311 3349 3351 sua.

503 3412 510 3421 .
544 3380 675 3425 erat.
702 3368 741 3425 +
773 3370 920 3422 Dice-
1277 3365 1451 3420 Nolite
1479 3372 1672 3425 migra—
2139 3382 2231 3420 rus
2258 3366 2319 3425 λς.
2952 3366 3129 3420 Nolite
3160 3366 3349 3421 transit

503 3365 525 3421 ,⁷
544 3380 675 3425 erat.
702 3368 741 3439 -ζι
773 3370 920 3439 Dice-
1277 3365 1451 3439 Nolite
1479 3372 1672 3439 migra—
2139 3366 2340 3439 rus_f._
2434 3437 2445 3439 _
2952 3366 3129 3439 Nolite
3160 3366 3390 3439 transire

452 3440 545 3495 bat
569 3435 741 3491 autem
768 3438 830 3490 il-
1283 3451 1343 3489 re
1368 3436 1435 3489 de
1461 3436 1620 3489 domo
1902 3470 1905 3473 λ
2138 3435 2193 3489 2.
2225 3436 2292 3490 Ει
2312 3436 2525 3491 dicebat
2955 3438 3021 3490 de
3046 3436 3205 3491 domo
3228 3438 3280 3491 in

457 3510 526 3563 lis
556 3526 569 3562 :
597 3508 779 3563 Messis
805 3521 901 3559 co-
1285 3508 1337 3559 in
1369 3507 1605 3559 domum.
1631 3560 1637 3563 _
2139 3507 2244 3560 illis
2270 3525 2283 3560 :
2312 3508 2499 3561 Messis
2954 3508 3193 3561 domum.
3366 3514 3373 3517 ‘

457 3578 636 3648 piosa;
665 3591 857 3647 opera-
1283 3575 1337 3628 8.
1374 3578 1438 3630 Et
1460 3578 1513 3631 in
1537 3591 1793 3645 quacum-

438 3650 524 3712 .rii
565 3658 744 3701 autem
778 3662 908 3717 puu-
1283 3662 1412 3717 qui.
1456 3687 1471 3701 .
1516 3684 1530 3698 .
1571 3649 1705 3700 vita-

458 3721 527 3773 ci.
556 3716 857 3773 Praecami-
1294 3726 1344 3769 te
1370 3716 1609 3769 intrave—

464 3791 516 3843 ni
542 3804 666 3857 ergo
694 3787 978 3840 Dominum
1288 3786 1426 3848 ritis,
1450 3792 1505 3837 et
1535 3800 1686 3838 rece-

2140 3576 2353 3643 quidem
2382 3581 2599 3645 cepiosa

2140 3656 2240 3711 est,
2274 3650 2504 3713 operarii

2142 3725 2317 3766 autem
2351 3719 2524 3783 pauci.

2142 3783 2344 3850 Rogate
2368 3800 2497 3851 ergo

1759 3874 1985 3927 CODEX
2025 3873 2412 3928 BRIXlANUS.

459 3972 699 4041 Sequere
762 3982 847 4021 me
887 3965 994 4041 _ll|e
1052 3972 1246 4041 autem.
1274 3962 1427 4016 dixit.
1493 3963 1715 4015 Domine
1780 3966 2030 4041 permitte
2137 3965 2308 4041 pauci.
2344 3966 2544 4041 Rogato
2574 3982 2701 4036 ergo
2736 3969 3016 4041 Domitium
3062 3970 3251 4022 messis
3281 3977 3339 4041 ut
3363 3969 3538 4021 mittat
3582 3982 3713 4041 ope-

468 4034 596 4095 milii
614 4039 839 4106 primum
886 4038 966 4088 ire
996 4045 1047 4086 et
1084 4034 1315 4106 sepelire
1351 4044 1554 4100 patrem
1602 4048 1774 4087 meum
1817 4034 1953 4101 Dixit
1983 4036 2031 4088 ei
2137 4036 2307 4089 rar’i0s
2361 4038 2411 4087 in
2444 4034 2669 4091 messem
2701 4052 2869 4091 suam.
2902 4039 2975 4091 lte
2999 4054 3123 4091 ecce
3146 4053 3245 4106 ego
3267 4038 3421 4090 mitto
3446 4051 3543 4089 vos
3575 4034 3715 4090 sicut

465 4104 641 4166 Iesus.
672 4108 819 4172 Sine,
873 4114 1107 4177 mortuos
1134 4104 1415 4177 sepelliant
1436 4112 1679 4177 mortuos
1700 4119 1827 4156 suos
1859 4114 1919 4177 tu
1942 4122 2036 4158 an.
2138 4120 2265 4159 oves
2297 4106 2356 4176 (ἰ)
2388 4109 2441 4160 in
2470 4108 2645 4162 medio
2675 4111 2914 4175 luporum
2946 4108 3006 4177 τ.

467 4191 574 4234 tem
598 4180 728 4231 Vnde
757 4176 1010 4259 atlpuntia
1040 4189 1257 4259 regnum
1289 4174 1403 4253 Dei.
1436 4174 1575 4227 Dixit
1594 4186 1769 4253 autem
1800 4186 1855 4259 et
1878 4176 2029 4255 alius.
2173 4247 2185 4257 .
2211 4174 2381 4230 Nolite
2410 4188 2622 4245 portare
2653 4174 2919 4259 sacculum
2948 4174 3121 4252 neque
3152 4192 3351 4259 peram.
3394 4190 3570 4259 neque
3598 4176 3712 4259 cal-

472 4254 674 4318 Sequar
714 4259 765 4301 te
805 4247 1045 4318 Domine.
1085 4243 1193 4318 Sed
1236 4246 1461 4312 primum
1493 4247 1737 4318 permitte
1768 4246 1915 4298 milii.
1950 4262 2003 4299 re
2139 4243 2425 4301 ciamenta.
2477 4259 2527 4302 et
2577 4251 2854 4303 neminem‘
2888 4248 2982 4317 per
3027 4243 3163 4303 viam
3215 4243 3715 4318 salutaveritisuﬁt

473 4314 714 4390 nuntiare
758 4318 946 4390 bisqui
972 4316 1020 4368 in
1066 4316 1186 4390 dom
1254 4330 1368 4367 mea
1413 4325 1536 4367 sunt
1595 4316 1730 4367 Dixit
1767 4327 1939 4367 autem
1974 4318 2036 4367 ad
2142 4318 2193 4390 in
2224 4334 2552 4390 quacumque
2573 4321 2731 4373 domu
2762 4314 3072 4373 introieritis
3103 4322 3332 4390 primum
3370 4318 3554 4390 dicite.
3604 4314 3715 4368 Pax

473 4390 621 4441 illum
667 4385 841 4439 Jcsus.
867 4384 1031 4458 Nemo
1059 4385 1273 4458 mittens
1320 4394 1534 4437 manum
1557 4400 1703 4435 suam
1736 4400 1891 4458 super
1920 4402 2039 4458 ara-
2144 4384 2268 4440 huic
2310 4384 2509 4441 domui.
2542 4399 2595 4442 et
2638 4394 2679 4441 si
2730 4391 2802 4445 ibi
2834 4391 2993 4445 fuerit
3024 4384 3161 4444 illius
3203 4390 3369 4458 pacis.
3407 4386 3715 4454 requiescet

472 4466 634 4512 trum.
682 4463 734 4507 et
778 4455 1069 4524 respiCit'iiS
1103 4455 1269 4524 retro
1289 4462 1443 4519 aptus
1467 4463 1550 4524 est
1582 4468 1742 4519 regno
1770 4455 1883 4524 Dei.
1920 4456 2042 4508 Post
2144 4470 2302 4524 super
2329 4459 2477 4511 illum
2514 4474 2610 4522 pax
2644 4467 2840 4511 vestra.
2879 4463 2959 4512 sin
2982 4471 3156 4513 autem
3189 4455 3254 4513 ad
3280 4473 3372 4511 vos
3394 4464 3716 4509 revertetur.

478 4530 609 4582 haec
639 4523 1135 4595 autemdesignavit
1157 4521 1311 4595 iesus
1347 4529 1399 4573 et
1431 4521 1567 4595 alios
1592 4521 1938 4595 septuaginta.
1989 4531 2041 4595 et
2144 4521 2424 4578 ln‘cadem
2457 4541 2631 4578 autem
2666 4528 2824 4579 domo
2867 4540 3096 4581 manete.
3130 4528 3350 4581 edentes
3380 4536 3433 4577 et
3469 4525 3719 4580 bibentes

477 4598 624 4652 misit
670 4597 787 4648 illos
810 4588 979 4668 binos
1000 4602 1121 4668 ante
1152 4588 1339 4641 faciem
1370 4590 1625 4668 suam‘tg)
1654 4591 1701 4639 in
1729 4604 1938 4668 omnem
1966 4593 2038 4668 ςι-
2144 4609 2277 4668 quae
2299 4606 2423 4661 aput
2453 4595 2752 4668 illossunt.
2776 4599 2966 4668 dignus
2995 4606 3075 4650 est
3109 4599 3247 4668 enim
3279 4596 3719 4668 operariusgter-

476 4673 693 4722 vitalem
728 4675 779 4719 et
809 4663 980 4733 locum
1091 4674 1213 4733 ιιυοΔ
1234 4670 1342 4733 ςὶνει
1378 4659 1490 4733 ipse
1512 4661 1588 4726 (lt)
1622 4668 1874 4733 venturus
1975 4659 2043 4712 Et
2145 4663 2274 4714 cetle
2319 4659 2433 4716 sua.
2482 4664 2655 4717 Nolite
2687 4659 2912 4733 migrare
2938 4666 3003 4718 de
3034 4668 3191 4719 domo
3222 4666 3274 4719 in
3303 4659 3542 4719 domum.
3569 4664 3637 4719 Et
3668 4670 3721 4720 in

476 4738 682 4793 dicebat
735 4736 858 4788 illis.
900 4728 1083 4786 MesSis
1129 4728 1338 4798 quidem
1386 4730 1567 4781 multa.
1598 4730 1822 4796 Operarii
1866 4738 2041 4781 autent
2145 4746 2534 4801 quamcumque
2587 4728 2856 4789 civitatein
2918 4736 3228 4790 introieritis
3279 4747 3332 4790 et
3377 4736 3724 4807 susceperint

1741 4818 1972 4873 CODEX
2009 4817 2469 4878 CORBEIENSIS.

553 4917 763 4971 Mutilus
789 4925 862 4968 est
888 4915 1002 4968 cod.
1031 4930 1186 4982 usque
1217 4914 1283 4965 ad
1306 4930 1433 4967 cera.
1467 4914 1529 4967 21
1563 4911 1715 4985 hujus
1740 4914 1942 4983 capitis.

1687 5024 2077 5080 VARIANTES
2113 5024 2509 5080 LECTIONES.

545 5127 561 5157 ³
600 5126 717 5176 um.
740 5120 897 5171 Sinite
930 5124 1139 5164 mortuos
1162 5116 1390 5177 sepelire.
1426 5116 1569 5182 Vulg.
1594 5118 1769 5177 Sinite,
1795 5127 1849 5169 ut
1870 5122 2047 5169 mortui
2152 5125 2297 5173 trum.
2323 5129 2374 5169 et
2396 5124 2680 5181 respiciens.

480 5187 735 5249 sepeliant.
812 5244 848 5249 __
951 5240 959 5248 _
1108 5244 1117 5249 Δ
1320 5246 1328 5249 _
1464 5241 1473 5249 _
1510 5180 1539 5249 _'
1666 5244 1706 5249 __
1748 5240 1759 5249 _
1892 5244 1900 5249 _
2217 5182 2236 5211 ⁸
2273 5182 2378 5229 ϐαι.
2403 5180 2548 5243 super
2574 5183 2717 5233 illam.
2741 5185 2857 5231 Mm.
2884 5194 3006 5231 eam.
3041 5180 3187 5245 Vulg.
3210 5195 3355 5245 super
3379 5182 3535 5232 illum.

544 5240 565 5281 ὅ
598 5249 700 5297 αα,
728 5250 770 5293 ει
802 5244 920 5291 um.
947 5240 997 5285 in
1024 5244 1262 5293 aratrum,
1287 5246 1337 5284 et
1376 5241 1631 5300 aspiciens.
1666 5240 1811 5305 Vulg.
1847 5244 1902 5289 ad
1943 5256 2051 5291 ara—

1779 5326 2133 5389 BLANCHINI
2173 5336 2398 5392 NOTAE.

551 5432 637 5503 (oi
678 5428 749 5503 ita
776 5433 827 5476 et
855 5430 972 5503 tcx.‘
995 5416 1215 5503 Gr.,'_3a'.
1245 5447 1310 5455 —
1445 5419 1519 5472 Ita
1560 5430 1744 5503 tex.
1780 5424 1895 5489 Gr.,
1928 5422 2047 5497 ἄφες
2070 5430 2187 5485 τοὺς
2215 5434 2413 5501 νεκροὺς
2435 5434 2612 5503 ϐάψαι.
2638 5459 2711 5470 -—
2843 5428 2974 5503 Tex.
3004 5430 3120 5495 Gr.,
3150 5432 3503 5503 ἇς·1τοτεῖιξοεφ’θσιιΔ
3523 5438 3635 5503 τοῖς
3658 5430 3729 5488 εἰς

483 5490 717 5557 «eiciaris
763 5517 875 5566 μου.
916 5493 1001 5566 Ἱξῤ,
1051 5490 1360 5566 τοῖςῖκιιιιιιᾲ
1408 5493 1701 5566 masculino
1732 5510 1798 5566 ac
1848 5490 2034 5546 neutro
2081 5490 2522 5566 genet-ii‘nset'vit;
2560 5490 2919 5554 locum‘d'edit
2966 5490 3341 5554 buie'mrinnti
3387 5500 3623 5552 lectioni.
3662 5528 3727 5538 —

487 5575 565 5639 {dt
591 5573 743 5625 Juxta
763 5558 897 5619 “cod.
928 5562 1110 5641 (ξίιηῐσο
1137 5558 1300 5645 θῦδεὶξκ
1322 5562 1388 5645 εἰς
1434 5562 1498 5612 τὰ
1523 5561 1685 5645 cariem
1715 5565 1928 5645 βλέπωνρ
1961 5569 2041 5618 καὶ
2068 5558 2335 5623 eius»)...
2378 5574 2458 5628 (t-t
2492 5558 2739 5639 mittens)
2769 5575 2856 5645 χήν
2883 5580 3038 5645 χεῖρα
3069 5574 3225 5626 αὐτοῦ
3266 5570 3341 5624 ἐπ’
3386 5567 3623 5645 ἄροτρον.
3658 5597 3726 5606 --

483 5636 555 5709 (ἐ)
610 5642 745 5709 Lege
791 5646 833 5685 et
890 5634 1107 5709 mittens.
1144 5659 1203 5669 ——
1354 5634 1492 5709 finte
1542 5632 1853 5709 designavit,
1894 5637 2041 5709 deest
2072 5649 2179 5704 post
2202 5642 2341 5694 haec.
2364 5644 2518 5694 cziznn
2546 5645 2595 5694 ιιι
2621 5632 2738 5693 cod.
2761 5632 3089 5708 Curtii-4(9)
3114 5643 3188 5695 Ita
3220 5650 3272 5695 et
3296 5632 3635 5701 cod.'Cant.,
3659 5641 3727 5695 εἰς

482 5698 649 5763 item
679 5708 831 5779 τόπογῂ
853 5706 933 5779 ιιΞὶ
967 5701 1209 5779 πόλει-τ
1234 5704 1312 5779 (βλ
1341 5698 1490 5779 Αῌιιιε.
1523 5698 1781 5779 ιξεηιιὶνιιε,
1825 5705 1975 5779 deest
2022 5698 2149 5779 ipse,
2195 5711 2246 5762 in
2274 5713 2391 5764 cod.
2436 5728 2646 5778 tutoque
2668 5712 2894 5763 Cant.——
2932 5712 2992 5778 (ἱ)
3020 5698 3095 5763 iii.
3130 5723 3182 5763 et
3208 5723 3318 5763 tex.
3354 5708 3468 5775 Gr.,
3495 5711 3545 5763 ἐν
3589 5698 3730 5779 μέσῳ

475 5778 650 5837 λύκων.
685 5805 751 5817 -
789 5776 852 5845 (j)
883 5772 1019 5827 Tex.
1047 5770 1166 5834 Gr.,
1192 5771 1261 5843 ἐφ’
1289 5772 1443 5839 ὑμᾶς.
1474 5768 1741 5839 Interpres
1766 5775 1923 5827 vertit
1956 5768 2288 5836 cohaerenter
2312 5768 2635 5849 praecedenti
2653 5796 2805 5850 super
2823 5768 2988 5851 illum,
3017 5778 3097 5837 ἔπ’
3122 5782 3292 5843 αὑτὸν.

2955 3582 3007 3632 8.
3054 3578 3195 3658 Etin
3232 3592 3489 3647 quacum-

2954 3663 3057 3716 que
3085 3658 3303 3702 emtate

2954 3718 3308 3782 intraveritis,

2958 3800 3009 3841 et
3038 3789 3349 3856 acceperint
