3920 6406
887 503 1116 560 CODEX
1153 498 1691 560 VERCELLENSIS.

507 775 525 789 0
603 775 618 789 0
693 774 710 790 ο
790 775 802 788 ο
881 775 895 790 ο
976 775 988 787 0
1068 771 1084 787 0
1165 774 1178 787 0
1332 773 1345 785 0
1427 774 1440 786 ο
1519 770 1533 785 0
1613 770 1627 785 ο
1705 770 1721 788 ο
1801 770 1815 784 ο
1895 768 1909 782 0
1993 768 2006 781 ο

501 983 522 1000 ο
601 989 616 1002 ο
694 988 708 1001 ο
788 988 800 1000 ο
880 990 896 1004 ο
974 985 992 1001 ο
1069 988 1083 1002 ο
1163 985 1176 997 0
1331 984 1345 997 0
1425 982 1439 996 0
1517 983 1534 1000 ο
1613 985 1626 998 0
1706 985 1722 998 0
1802 983 1816 997 0
1897 979 1913 996 0
1992 980 2009 995 ο

599 1551 616 1567 0
693 1553 706 1565 0
786 1552 801 1566 0
880 1552 894 1565 0
975 1552 988 1565 0
1071 1549 1085 1564 0
1165 1549 1178 1561 ι
1331 1551 1345 1564 0
1425 1550 1438 1564 0
1517 1551 1531 1563 0
1613 1549 1626 1562 α
1706 1548 1720 1562 0
1801 1550 1816 1562 0
1897 1545 1910 1558 θ
1991 1543 2003 1556 ο

503 1617 520 1632 0
599 1619 614 1633 ο
692 1624 704 1635 ο
784 1624 798 1635 0
878 1623 892 1637 0
975 1623 987 1634 ο
1071 1621 1084 1633 0
1166 1620 1178 1632 0
1331 1618 1346 1634 0
1424 1621 1440 1635 ο
1517 1620 1532 1635 0
1616 1625 1628 1634 ο
1708 1617 1722 1632 ο
1804 1619 1818 1630 ο
1898 1615 1911 1627 ⁸
1993 1615 2006 1628 ⁸

508 2252 522 2263 ο
603 2252 616 2265 ο
695 2253 709 2268 0
787 2252 802 2266 ο
883 2252 899 2268 0
979 2255 993 2268 ο
1073 2255 1086 2267 ο
1167 2255 1178 2265 ο
1334 2255 1346 2268 ο
1427 2253 1440 2268 ο
1522 2254 1536 2268 0
1617 2256 1631 2270 0
1711 2253 1726 2268 0
1804 2251 1818 2265 ο
1899 2248 1913 2262 ⁸
1993 2247 2008 2262 ⁸

501 3306 518 3321 0
600 3306 614 3321 0
693 3309 706 3321 0
788 3310 799 3321 0
883 3311 894 3323 ι
977 3311 989 3323 0
1073 3311 1086 3325 ο
1165 3311 1179 3324 0
1335 3312 1348 3323 0
1426 3308 1440 3322 0
1522 3309 1535 3321 0
1616 3308 1630 3322 0
1711 3311 1724 3324 ο
1807 3311 1820 3323 0
1899 3309 1912 3323 ο
1996 3307 2009 3321 0

1011 385 1279 446 EUSEBII
1320 381 1656 442 VERCELL.
1700 379 2141 439 EVANGELIUM
2179 379 2317 436 CUM
2362 376 2588 434 VARJIS
2625 373 2779 432 COD.
2816 374 3211 434 COLLATUM.

3668 370 3772 424 600

2622 490 2852 547 (IODEX
2889 489 3338 548 VERONENSIS.

3012 583 3135 654 quia
3157 583 3358 666 dicitis,

3013 669 3264 724 quoniam
3294 669 3394 724 ego

3016 725 3031 755 ¹
3061 723 3114 778 in
3137 724 3386 780 Belzebul

2183 585 2264 641 bit
2288 583 2367 656 (a)
2390 585 2586 640 bonum

2185 656 2371 712 datum
2391 656 2430 726 -ι-
2459 670 2552 726 pe-

2185 727 2422 782 tentibus
2447 741 2526 781 se.

2187 796 2276 852 14.
2317 797 2385 851 Et
2408 805 2527 851 erat
2545 795 2742 853 eiciens
3014 793 3314 864 Principem
3345 793 3475 864 dae-

2184 867 2528 922 daemonium
2546 907 2562 931 ,
3013 863 3314 919 moniorum
3342 863 3422 920 ei-

2184 947 2240 992 et
2266 936 2394 991 illud
2421 947 2536 992 erat
3013 935 3097 990 cio
3125 936 3426 991 daemonia.
3598 966 3602 974 -

2183 1017 2411 1063 mutum.
2437 1007 2526 1071 Et,
3014 1005 3100 1060 19.
3141 1005 3196 1061 Si
3226 1021 3325 1074 ego
3351 1007 3406 1062 iu
3430 1003 3555 1063 Bel-

3013 1076 3167 1129 zebul
3196 1077 3332 1130 eicio

3011 1145 3318 1211 daemonia,
3351 1145 3445 1202 lilii

3012 1218 3173 1272 vestri
3206 1218 3256 1270 in
3283 1230 3390 1284 quo

3011 1286 3252 1341 eiciunt?
3271 1286 3398 1343 Ideo

3009 1357 3110 1426 ipsi
3132 1357 3338 1427 judices

3011 1439 3168 1483 erunt
3200 1427 3386 1483 vestri.

3009 1498 3100 1554 20.
3145 1498 3272 1565 Sed,
3301 1499 3346 1552 si
3372 1497 3428 1553 in
3458 1495 3541 1553 di-

3009 1571 3119 1638 gito
3141 1570 3236 1623 Dei
3264 1570 3334 1624 ei-

3008 1639 3095 1694 cio
3124 1639 3429 1708 daemonia,

3010 1710 3288 1779 praevenit
3301 1712 3372 1764 .in

3009 1795 3118 1834 vos.
3138 1795 3358 1850 regnum

3011 1850 3128 1906 Dei.
3212 1899 3214 1901 ,

3010 1919 3102 1975 21.
3143 1921 3276 1976 Cum
3303 1920 3456 1976 fortis

3010 2000 3249 2047 armatus
3276 2001 3458 2047 custo-

2183 1092 2306 1134 cum
2329 1077 2534 1133 eiceret

2183 1163 2216 1202 a
2243 1160 2391 1204 muto
2417 1149 2492 1218 (b)
2523 1147 2649 1204 dae-

2185 1221 2424 1274 monium
2446 1219 2516 1290 1-,

2185 1305 2373 1345 omnes
2401 1290 2587 1344 turbae

2185 1360 2566 1429 obstupebant.

2187 1431 2277 1485 15.
2306 1431 2529 1499 Quidam
2557 1445 2651 1486 au-

2185 1509 2293 1556 tem
2318 1518 2383 1556 ex
2411 1501 2547 1556 Pha-

2185 1572 2396 1636 risaeis,
2418 1572 2569 1626 dixe-

2186 1652 2311 1696 runt
2335 1660 2346 1694 :
2381 1644 2436 1696 In
2470 1642 2590 1697 Belo

2186 1714 2339 1782 aebul
2369 1713 2672 1782 Principetn

2186 1781 2594 1837 daemoniorum

2184 1854 2311 1908 eicit
2339 1854 2640 1908 daemonia.

2187 1923 2275 1978 16.
2318 1924 2385 1978 Ει
2411 1924 2502 1978 alii
2532 1932 2668 1978 tem-

2187 2003 2422 2063 ptantes,
2454 1995 2666 2062 signum

2185 2060 2254 2118 ab
2279 2079 2346 2118 eo
2367 2060 2534 2135 quae;
3010 2060 3090 2116 dit
3112 2063 3309 2117 atrium

2185 2134 2469 2190 rebant’de
3010 2145 3187 2200 suum,
3217 2135 3270 2189 in
3299 2147 3432 2203 pace

2184 2206 2356 2260 caelo.
3009 2214 3136 2258 sunt
3160 2217 3245 2271 ea,
3277 2217 3415 2274 quae

2189 2276 2274 2330 17.
2318 2276 2436 2342 Ipse
2480 2285 2658 2333 autem
2675 2315 2691 2342 ,
3009 2274 3266 2342 possidet.

2186 2356 2244 2400 ut
2270 2343 2400 2401 vidit
2426 2361 2516 2403 co-
3007 2343 3098 2402 22.
3141 2345 3198 2400 Si
3228 2354 3407 2401 autem
3437 2343 3549 2400 for-

2185 2417 2470 2486 gitationes
3009 2417 3116 2470 tior
3142 2417 3233 2471 illo
3253 2430 3441 2482 super-

3009 2487 3252 2553 veniens,
3279 2486 3470 2542 vicerit

3010 2572 3156 2622 eum,
3187 2559 3437 2613 universa

3009 2642 3157 2683 arma
3185 2630 3302 2697 ejus

3010 2701 3032 2730 ³
3057 2699 3287 2766 auferet,
3315 2697 3370 2752 in

3047 2770 3202 2824 uibus
3224 2769 3393 2824 conii-

2185 2502 2394 2557 eorum,
2422 2487 2556 2543 dixit
2579 2506 2592 2543 :

2185 2557 2356 2614 Omne
2383 2574 2604 2629 regnum

2187 2629 2242 2684 in
2270 2644 2328 2685 se
2354 2630 2607 2698 divisum,

2187 2699 2266 2772 (c)
2293 2700 2567 2772 desolatur
2587 2701 2649 2772 1';

2185 2771 2241 2825 et
2276 2771 2468 2828 domus
2497 2788 2586 2827 su-

2187 2857 2281 2911 pra
2307 2842 2526 2898 domum
3009 2841 3189 2911 debat,
3212 2851 3413 2911 etspo-

2184 2910 2382 2985 posita,
2417 2914 2498 2985 (ά)
2527 2928 2616 2968 ca-
3009 2910 3078 2985 lia
3109 2910 3414 2985 distribuet.

2188 2915 2382 2982 posita,
2441 2915 2498 2985 ά)
2527 2928 2616 2968 ca-
3009 2915 3078 2964 lia
3109 2915 3414 2965 distribuet.

2188 2984 2277 3055 18.
2317 2915 2476 3055 dit
2509 2985 2599 3040 Sic
2618 2993 2673 3040 et
3008 2981 3100 3036 25.
3139 2982 3240 3048 Qui
3268 2996 3373 3055 non
3400 2987 3486 3036 est

3011 3067 3246 3126 mecum,
3283 3051 3380 3106 ad-

3012 3136 3227 3177 versum
3255 3136 3344 3176 me

3013 3206 3126 3256 eet;
3158 3201 3213 3247 et
3238 3192 3326 3262 qui
3358 3205 3467 3246 non

3013 3263 3215 3331 colligit
3240 3276 3472 3327 mecum,

3015 3333 3296 3403 diepargit.

2186 3053 2443 3119 Satanas,
2469 3055 2513 3109 si

2188 3125 2242 3178 in
2272 3140 2332 3179 se
2364 3126 2539 3194 ipsum
2559 3124 2642 3179 di-

2191 3195 2335 3248 visus
2361 3203 2464 3259 est,
2489 3211 2621 3264 quo-

2191 3264 2352 3319 modo
2380 3265 2544 3319 stabit

2190 3350 2417 3405 regnum
2448 3335 2600 3407 ejus?

1825 3471 2054 3531 CODEX
2091 3470 2480 3530 BRIXIANUS.

501 3586 653 3659 dabit
683 3588 941 3656 Spiritum
967 3591 1227 3651 Sanctum
1261 3590 1566 3659 petentibus
1594 3604 1674 3644 se.

571 3657 704 3712 Cum
752 3669 929 3716 autem
984 3661 1115 3715 haec
1158 3657 1389 3717 dixisset
1435 3661 1776 3716 adduxerunt
1828 3660 1896 3715 ad
1942 3676 2086 3714 enm.

498 3745 664 3783 unum
694 3729 1123 3786 daemOniacnm.
1161 3740 1215 3786 et
1261 3732 1418 3802 ejecit
1467 3733 1812 3802 daemOnium
1840 3741 1914 3802 et
1960 3731 2089 3802 illud

497 3809 620 3870 erat
649 3811 873 3854 mutum.
920 3802 1142 3856 Factum
1190 3801 1494 3856 est’aulem
1545 3818 1667 3854 cum
1719 3801 1967 3868 eiecisset
2014 3801 2092 3870 (b)

503 3869 849 3923 daemonium
877 3872 918 3940 οι-
943 3872 1154 3925 locutus
1175 3882 1261 3925 est
1294 3884 1497 3926 mutus.
1529 3882 1584 3925 et
1623 3871 1925 3940 admiratae
1966 3879 2093 3922 sunt

501 3941 712 3993 turbae.
747 3939 974 4008 Quidam
1003 3953 1182 3996 autem
1213 3959 1276 3996 ex
1317 3943 1393 3996 eis
1424 3942 1682 3994 dixerunt
1710 3940 1768 3994 In
1802 3939 2093 3993 Beelzebul

505 4009 754 4078 Principe
795 4012 1204 4066 daemoniorum
1252 4011 1380 4066 eicit
1404 4011 1708 4066 daemonia.
1760 4009 1862 4063 Alii
1910 4021 2084 4062 autem

505 4088 826 4148 temptantes
858 4084 1068 4151 signum
1101 4083 1169 4136 de
1207 4085 1357 4136 caelo
1386 4082 1718 4152 quaerebant
1750 4081 1947 4152 abeo.
1971 4081 2088 4148 Ipse

503 4159 682 4202 autem
716 4163 771 4205 ut
802 4150 932 4206 vidit
978 4153 1331 4219 cogitationes
1377 4150 1562 4207 eorum
1606 4153 1742 4205 dixit
1782 4151 1879 4204 eis.
1915 4150 2090 4204 Omne

507 4232 726 4293 regnum
766 4223 816 4274 in
847 4226 1195 4291 semetipsum
1234 4223 1465 4278 divisum
1512 4222 1586 4293 (c)
1619 4223 1897 4276 desolatur
1928 4220 2008 4293 -j-.r
2034 4231 2090 4275 et

507 4285 696 4343 domus
722 4307 878 4360 supra
907 4285 1124 4348 domum
1153 4294 1333 4349 cadet.
1365 4294 1422 4350 Si
1452 4285 1634 4348 autem
1661 4301 1718 4349 et
1737 4285 1962 4349 Satanas
1992 4292 2090 4348 Sa-

2192 3597 2353 3644 tanan
2384 3589 2508 3642 eicit
2537 3590 2590 3643 in
2637 3605 2699 3645 se
2729 3589 2902 3660 ipsum
2940 3587 3146 3660 divisus
3176 3596 3258 3660 est
3285 3585 3558 3660 quomodo
3603 3585 3772 3642 stabit

2194 3674 2418 3730 regnum
2469 3660 2607 3728 ejus.
2647 3657 2766 3730 quia
2815 3659 2993 3714 dicitis
3039 3659 3090 3730 in
3138 3657 3417 3730 Beelzebul
3459 3660 3640 3730 eicere
3683 3672 3772 3712 me

2193 3727 2680 3798 daemonia.’Quod
2708 3732 2753 3784 si
2784 3746 2904 3797 ego.
2950 3731 3002 3785 in
3049 3729 3331 3786 Beelzebul
3372 3728 3509 3783 eicio
3553 3727 3772 3782 daemo-

2196 3803 2302 3854 nia.
2331 3801 2423 3853 lilii
2454 3802 2614 3853 vestri
2638 3803 2688 3852 in
2714 3815 2822 3868 quo
2849 3800 3067 3853 eiciunt.
3100 3800 3226 3854 Ideo
3252 3801 3348 3868 ipsi
3374 3799 3586 3869 judices
3609 3808 3773 3869 erunt

2195 3871 2356 3922 vestri
2387 3870 2442 3924 Si
2473 3882 2649 3923 autem
2688 3870 2858 3937 digito
2888 3869 2988 3940 Dei
3023 3871 3162 3940 eicio
3191 3868 3492 3924 daemonia.
3522 3868 3772 3940 profecto

2198 3941 2472 4008 praevenit
2502 3944 2554 3991 in
2589 3955 2681 3992 vos
2704 3955 2926 4006 regnum
2977 3939 3090 3992 Dei.
3139 3939 3272 3993 Cum
3323 3942 3472 3993 fortis
3525 3939 3771 3993 armatus

2196 4010 2428 4064 Custodit
2457 4008 2672 4062 domum
2703 4025 2851 4064 suam
2881 4011 2931 4061 in
2964 4025 3091 4077 pace
3120 4019 3245 4064 sunt
3265 4011 3441 4062 omnia
3471 4025 3609 4078 quae
3646 4025 3772 4078 pos-

2197 4080 2356 4132 sidet.
2407 4079 2463 4134 Si
2515 4091 2692 4133 autem
2763 4080 2950 4133 fortior
3000 4079 3092 4132 illo
3148 4080 3531 4146 superveniens
3577 4078 3772 4133 vicerit

2195 4167 2338 4204 eum.
2374 4152 2617 4204 universa
2643 4165 2791 4203 arma
2819 4153 2934 4216 ejus
2973 4149 3178 4203 auferet
3209 4151 3260 4202 in
3301 4149 3494 4217 quibus
3523 4149 3771 4203 conlide-

2197 4222 2288 4276 bat
2333 4232 2386 4276 et
2432 4222 2604 4290 spolia
2652 4221 2768 4289 ejus
2808 4219 3029 4274 dividet.
3078 4219 3179 4286 Qui
3203 4234 3308 4272 non
3339 4225 3424 4272 est
3442 4233 3652 4272 mecum
3675 4219 3770 4290 ad-

2200 4307 2392 4348 versus
2422 4289 2507 4346 me
2533 4301 2637 4347 est.
2677 4303 2732 4346 et
2765 4291 2856 4361 qui
2897 4307 3001 4345 non
3033 4290 3237 4360 colligit
3276 4302 3484 4346 mecum
3537 4289 3766 4360 spargit.

1777 4404 2006 4460 CODEX
2041 4406 2503 4462 CORBEIENSIS.

582 4501 666 4572 15.
708 4501 856 4554 dabit
879 4501 900 4532 ³
925 4503 1124 4556 bonum
1151 4504 1331 4556 datum
1359 4505 1663 4572 petentibus
1688 4521 1767 4558 sc.

577 4570 665 4623 M.
700 4572 1038 4626 Eteratdum
1057 4570 1579 4641 ejicitdaemonium,
1600 4585 1653 4628 et
1679 4575 1808 4627 illud
1837 4574 1932 4626 l‘uit
1963 4590 2080 4628 mu-

506 4650 639 4694 tum.
672 4641 772 4706 Et,
802 4657 922 4696 cum
949 4643 1192 4710 ejecisset
1225 4651 1428 4695 mutum
1461 4643 1837 4707 daemonium,
1871 4643 2079 4698 locutus

506 4720 591 4766 εει
609 4727 785 4767 mutus
815 4730 830 4777 ;
863 4725 915 4768 ΕΙ
941 4727 1128 4768 omnes
1156 4712 1343 4767 turbae
1372 4721 1712 4782 stupuerunt.

2255 4506 2343 4562 15.
2385 4509 2438 4560 ίη
2465 4507 2487 4537 ⁸
2509 4507 2779 4563 Belsebul.

2254 4578 2346 4648 20.
2389 4577 2494 4648 Sed
2524 4580 2568 4631 si
2595 4579 2647 4632 in
2675 4579 2842 4648 digito
2870 4577 2982 4632 Dei.
3066 4647 3069 4648 ν
3159 4645 3171 4648 Α
3456 4622 3468 4635 ..

2253 4647 2343 4700 25.
2386 4647 2486 4714 Qui
2519 4662 2621 4700 non
2665 4645 2755 4704 est
2786 4663 3028 4713 mecum,
3060 4647 3082 4679 '
3109 4645 3394 4705 adversum
3437 4661 3525 4706 me
3549 4660 3636 4706 est
3665 4668 3678 4706 :
3714 4660 3767 4706 et

2185 4717 2275 4784 qui
2308 4731 2410 4768 non
2439 4717 2642 4786 colligit
2665 4732 2872 4773 mecum
2893 4758 2909 4786 ,
2935 4718 2956 4750 ⁶
2981 4719 3202 4790 spargit.

1711 4803 2100 4862 VARIANTES
2139 4805 2536 4864 LECTIONES.

569 4897 730 4961 [ϐαι.
757 4899 804 4946 in
829 4897 1057 4946 Belzebul
1095 4901 1277 4961 ejicere
1301 4911 1400 4948 tne.
1428 4901 1544 4948 Mm.
1572 4896 1780 4958 eiecisse
1799 4909 1896 4946 me.
1934 4895 2075 4961 Vulg.

511 4959 560 5006 in
585 4957 862 5007 Beelzebud
889 4973 966 5008 me
989 4957 1190 5020 ejicere.

571 5021 595 5087 ξ
627 5021 730 5087 Gut.
756 5027 801 5070 et
823 5023 938 5087 Mm.
967 5021 1141 5087 aufert.
1175 5022 1318 5087 Vulg.
1343 5022 1551 5073 auferet.

575 5082 596 5111 ³
628 5084 745 5130 Mm.
779 5084 998 5143 spiritum
1020 5084 1195 5132 bonum
1218 5082 1382 5133 datum
1407 5085 1704 5148 petentibus.

2247 4898 2268 4929 "
2301 4899 2407 4948 Gal.
2432 4899 2679 4948 Belzebul.
2709 4905 2823 4952 Mm.
2848 4903 3142 4957 Beelzebud.

2246 4961 2268 4991 ⁸
2301 4961 2403 5009 ϐαι.
2433 4969 2478 5010 et
2503 4964 2618 5010 Mm.
2642 4963 2874 5015 adversus
2894 4979 2991 5018 me.

2248 5021 2268 5052 ⁸
2301 5023 2406 5072 σω.
2430 5023 2671 5084 dispergit
2691 5037 2718 5073 a
2742 5039 2840 5076 me.

1184 5183 1472 5222 LECTIONES
1500 5183 1700 5222 CODICIS
1730 5181 2133 5222 VINDEBONENSIS
2158 5183 2431 5223 ABEUNTES
2461 5183 2524 5222 ΑΒ
2554 5184 2798 5226 EDITIONE
2820 5188 3082 5230 VULGA’I'A.

571 5257 645 5304 ιι.
665 5255 869 5319 Ειγρτθι,
895 5258 1010 5305 dum
1046 5260 1157 5307 eicit
1179 5260 1504 5319 daemonium,
1532 5258 1647 5308 illud
1663 5257 1828 5307 fuit....
1853 5259 2084 5319 ejecisset

512 5326 695 5366 mutum
713 5318 1036 5377 daemonium,
1060 5319 1246 5367 locutus
1271 5327 1345 5367 est
1377 5318 1561 5380 mutbs;
1608 5328 1659 5368 et
1699 5318 1888 5369 omnes
1908 5321 2081 5368 turbae

510 5380 784 5440 stupebant.
855 5381 928 5428 15.
975 5394 1036 5427 ex
1101 5381 1362 5438 l’bariseis,
1398 5381 1664 5430 dixerunt:
1711 5381 1764 5430 In
1796 5381 2080 5430 Beelzebu].

513 5440 586 5488 iii.
623 5446 673 5486 et
729 5440 804 5488 alii
851 5448 1160 5501 temptantes.
1231 5440 1303 5488 17.
1339 5448 1390 5489 ttt
1430 5443 1606 5491 vidit...
1652 5445 1792 5492 dixit.
1863 5445 1933 5491 18.
1960 5443 2084 5492 Etsi

510 5501 709 5574 Satanas
753 5503 1265 5574 Satanati.eicit'.li_i.lse
1292 5503 1666 5574 ipsumdivisus
1709 5513 1805 5574 est,
1846 5506 2085 5574 quomodo

512 5561 657 5610 stabit
687 5575 893 5622 regnum
925 5562 1061 5624 ejus?
1086 5562 1214 5612 Ibid.
1242 5561 1351 5625 quia
1380 5564 1558 5626 dicitis,
1581 5561 1805 5627 quoniam
1847 5561 1896 5614 ih
1934 5565 2084 5614 Beel-

2187 5257 2324 5328 zebul
2351 5258 2622 5330 Principem
2655 5260 3012 5330 daemoniorum
3031 5265 3164 5330 eicio
3182 5265 3451 5330 daemonia.
3522 5268 3601 5319 1‘).
3627 5270 3760 5330 Quod

2189 5322 2237 5382 si
2252 5333 2345 5381 ego
2380 5321 2428 5366 in
2475 5320 2735 5369 Beelzebul
2779 5324 2978 5374 cicio....
3025 5327 3108 5375 lilii
3151 5329 3297 5376 vestri
3331 5331 3378 5376 in
3411 5342 3510 5382 quo
3545 5320 3763 5382 reiciunt?

2191 5380 2313 5454 Ideo.
2332 5389 2384 5430 et
2404 5381 2594 5441 judices
2608 5389 2977 5454 Δσξιιιῃιινξιειδιιςξ.
3045 5389 3238 5454 ευμερά
3262 5390 3319 5437 si.
3359 5380 3463 5454 Δ21.
3491 5405 3549 5454 pa
3566 5380 3764 5443 :e’sunt

2189 5443 2372 5500 omnia,
2399 5455 2544 5502 quae.
2608 5443 2682 5492 22.
2718 5445 2884 5494 fortior
2928 5448 3028 5499 illo.
3091 5449 3169 5500 25.
3198 5456 3250 5501 et
3287 5451 3455 5514 qui....
3492 5443 3549 5504 ’κ
3566 5467 3760 5505 versum

2191 5518 2270 5553 me
2297 5513 2449 5554 est....
2470 5516 2680 5567 mecum,
2701 5514 2919 5569 Sparget.

1839 5669 2200 5728 BLANCHINI
2235 5673 2459 5730 ΝΟΤᾸΕ.

587 5757 658 5828 (a)
700 5761 772 5835 Ita
803 5771 854 5814 et
881 5761 1002 5835 cod.
1020 5761 1374 5835 Caiit._&7a96v
1395 5759 1694 5834 Seium—(b)
1721 5762 1850 5817 Post
1869 5763 2212 5835 daemonium,
2240 5765 2392 5820 deest
2413 5766 2610 5819 loculus
2633 5775 2704 5820 est
2725 5777 2916 5834 mutus,
2944 5770 3102 5826 etiam
3133 5773 3184 5826 in
3205 5772 3327 5830 cod.
3356 5774 3511 5833 Cant.
3544 5776 3627 5833 Ib.
3650 5796 3758 5834 onl-

705 5831 1050 5899 °"""‘P"’“"‘-
1072 5831 1206 5889 εοά·
1228 5831 1410 5899 eam"
1442 5831 1696 5895 πάντεςλο·
1725 5833 2170 5906 εθαύμαξονο-<ε)
2203 5835 2274 5890 Ha
2305 5847 2359 5891 ει
2384 5846 2494 5890 m-
2523 5835 2616 5893 ατο
2640 5831 2934 5912 eum...
3009 5840 3091 5913 (ά)
3116 5840 3193 5901 ιιι
3215 5852 3274 5904 et
3293 5851 3400 5905 tes.
3431 5831 3528 5907 cr.
3566 5831 3750 5910 gs...
