3920 6402
600 301 699 358 6U
1126 297 1395 356 EUSEBII
1433 293 1770 354 VERCELL.
1811 290 2264 352 EVANGELIUM
2300 291 2441 350 CUM
2484 291 2704 350 VARIIS
2740 290 2894 350 COD.
2932 268 3322 350 COLLATUM.
3754 288 3852 345 6ιέ

986 412 1211 470 CODEX
1254 414 1784 469 VERCELLENSIS.

607 510 696 563 15.
737 510 879 564 Dixit
906 517 1083 565 autem
1425 507 1522 572 bo;
1552 522 1604 563 et
1631 508 1703 562 ibi
1730 521 1857 563 con-

607 579 684 633 illi
713 580 925 648 quidam
1425 594 1605 648 geram
1638 594 1756 631 om-

606 649 673 703 de
705 652 889 705 turba:
915 650 1023 704 Ma-
1426 663 1524 701 nes
1556 651 1755 703 fructus

606 722 794 788 gister,
824 722 908 775 die
1430 718 1515 772 19.
1559 734 1740 781 meos,
1766 727 1820 773 et
1846 716 1933 771 dic
1960 753 1975 768 .
2010 759 2024 769 .
2059 754 2075 769 .

608 790 757 844 fratri
789 808 927 855 meo,
1427 791 1635 843 animae
1663 805 1812 843 meae
1836 806 1847 839 :

610 870 669 915 ut
695 863 955 929 partiatur
1426 858 1602 914 Habes
1636 860 1799 913 multa

609 927 817 985 meeum
849 934 943 987 heu
1424 930 1505 1051 ab)
1532 931 1663 984 bona
1688 930 1763 1000 -ξο;
1808 927 2028 997 aepula-

609 1003 909 1051 reditatem.
1462 1004 1515 1051 υ.
1558 1015 1635 1051 re.
1672 1001 1810 1051 Dixit
1835 1007 2013 1051 autem

607 1003 909 1056 reditatem.
1424 1001 1515 1054 20.
1558 1015 1635 1053 re.
1672 1001 1810 1053 Dixit
1835 1007 2013 1053 autem

610 1071 697 1124 14.
740 1073 840 1137 Qui
863 1074 996 1125 dixit
1019 1074 1067 1125 ei
1103 1090 1116 1124 :
1429 1070 1503 1123 illi
1548 1070 1685 1125 Deus
1710 1089 1723 1124 :
1752 1070 1955 1132 Stulte,

611 1141 628 1171 ¹
657 1142 853 1209 Homo,
887 1143 1005 1211 quis
1430 1138 1530 1193 bac
1556 1154 1713 1195 nocte
1740 1140 1853 1194 ani-

613 1250 628 1265 .
674 1253 687 1265 .
733 1252 748 1266 .
792 1252 807 1264 .
854 1253 867 1267 .
910 1253 923 1267 .
954 1213 1033 1266 uit
1431 1225 1568 1263 mam
1600 1220 1741 1264 tuam

613 1320 627 1333 .
672 1322 684 1334 .
734 1324 746 1336 .
792 1322 806 1336 .
850 1322 862 1334 .
907 1323 920 1336 .
951 1298 1097 1338 rvos
1430 1281 1450 1310 ²
1481 1291 1769 1348 reposcunt

613 1356 985 1407 .....m?
1429 1360 1858 1420 atezquaeer-

612 1422 699 1477 15.
743 1459 757 1474 .
803 1462 814 1475 .
860 1466 873 1478 .
921 1464 933 1478 .
978 1464 992 1475 .
1038 1463 1052 1474 .
1097 1460 1110 1474 .
1175 1429 1353 1474 autem
1425 1435 1493 1490 go
1517 1422 1735 1490 parasti,
1764 1438 1857 1477 cu-

613 1530 628 1545 .
672 1533 682 1543 .
731 1534 742 1545 .
791 1534 801 1546 .
848 1534 860 1547 .
907 1535 919 1546 .
966 1535 978 1547 .
1021 1532 1039 1549 .
1422 1491 1509 1559 jus
1537 1492 1831 1562 erunt?(c)

614 1605 626 1616 .
674 1604 686 1615 .
733 1603 747 1618 .
793 1603 805 1615 .
852 1604 864 1615 .
910 1606 921 1617 .
965 1578 1123 1618 cave-
1427 1562 1514 1613 22.
1563 1563 1700 1616 Dixit
1728 1574 1908 1617 autem

610 1643 662 1688 te
690 1635 757 1687 ab
788 1637 929 1689 omni
1426 1634 1492 1685 ad
1521 1632 1812 1699 discipulos

1433 1717 1559 1757 suos
1592 1721 1605 1757 :
1640 1704 1860 1757 Propte-

1427 1786 1517 1827 rea
1551 1774 1701 1827 vobis
1730 1774 1811 1827 di-

1426 1858 1490 1895 co
1516 1859 1529 1893 :
1559 1844 1723 1904 nolite
1748 1844 1856 1897 sol-

1428 1912 1558 1965 liciti
1598 1928 1719 1967 esse
1757 1914 1825 1967 de

1428 1984 1603 2035 anima
1635 1992 1835 2044 vestra,

1429 2053 1557 2121 quid
1580 2052 1785 2115 edatis;

1428 2137 1600 2191 neque
1625 2123 1693 2176 de
1716 2137 1833 2177 cor-

1427 2204 1559 2259 pore
1589 2201 1790 2258 vestro,

1427 2263 1553 2329 quid
1585 2262 1605 2292 ³
1637 2262 1898 2318 induami-

1427 2333 1517 2403 25.
1552 2333 1627 2386 ni.
1660 2336 1874 2398 Anima,
1900 2333 2015 2403 plu-

1428 2402 1503 2456 ris
1534 2414 1637 2467 est,
1662 2420 1820 2473 quam
1847 2402 1933 2459 es-

1427 2486 1524 2538 ca;
1555 2485 1609 2529 et
1638 2489 1832 2543 corpus
1851 2516 1865 2538 ,

1430 2544 1548 2625 plus
1578 2560 1733 2615 quam
1761 2561 1882 2601 ves-

1428 2623 1576 2667 titus.

1423 2682 1515 2737 24.
1548 2684 1897 2741 Considerate

1426 2768 1641 2819 corvos,
1666 2757 1787 2826 quia

608 1708 872 1768 avaritia;
901 1705 1023 1774 quia

608 1790 715 1828 non
746 1776 798 1828 in
830 1790 983 1843 snpe—

607 1846 778 1899 rando
808 1845 963 1899 alicui
986 1889 1000 1910 ,

609 1914 721 1975 vita
745 1915 911 1983 ipsius

607 1994 714 2048 est,
746 1984 812 2038 de
842 1984 1006 2040 facul-

610 2054 698 2108 16.
740 2064 846 2109 tate
874 2071 991 2111 sua.
1027 2056 1119 2110 Di-

606 2125 683 2178 xit
708 2136 883 2180 autem

607 2197 915 2263 parabolam

571 2285 579 2291 ·
604 2266 673 2319 ad
702 2266 843 2333 illos,
872 2268 1058 2319 dicens
1086 2282 1100 2317 :

604 2334 849 2390 Hominis
878 2352 973 2391 cu-

598 2404 817 2474 jusdam
849 2407 982 2460 divi-

606 2477 677 2531 tis
705 2478 897 2531 uberes

544 2610 547 2613 ν
605 2544 815 2601 fructus
842 2556 981 2599 attu-

606 2615 692 2669 17.
737 2617 800 2669 lit
826 2632 987 2686 ager:
1020 2626 1075 2671 et
1101 2630 1185 2671 re-

603 2688 872 2756 cogitabat
921 2688 1002 2741 in-

604 2765 682 2809 tra
714 2772 795 2818 se.
817 2758 1000 2812 dicens
1023 2772 1036 2808 :

606 2825 744 2893 Quid
773 2828 999 2890 faciam,
1429 2839 1534 2878 non
1568 2866 1581 2877 .
1626 2865 1641 2878 .
1686 2825 1700 2880 .
1744 2863 1758 2878 .
1803 2864 1818 2879 .
1864 2870 1875 2879 .
1922 2866 1935 2881 .
1983 2868 1997 2891 ,

604 2899 747 2963 quod
781 2913 885 2951 non
916 2899 1008 2951 ha-
1213 2899 1217 2903 ’
1428 2910 1569 2965 nequ
1598 2935 1613 2949 .
1649 2935 1662 2949 .
1707 2937 1721 2951 .
1770 2934 1783 2948 .
1828 2937 1842 2951 .
1874 2908 1967 2961 nt;

604 2965 709 3021 beo
739 2967 828 3021 ubi
857 2982 986 3022 con-
1427 2964 1531 3035 qui
1558 3006 1571 3020 .
1619 3006 1633 3019 .
1681 3006 1692 3020 .
1738 3004 1750 3018 .
1793 2983 1828 3020 n
1866 2976 1949 3022 est

603 3051 787 3105 geram
816 3036 961 3092 t‘ruc—
1426 3036 1505 3089 cel
1539 3076 1551 3089 .
1586 3074 1599 3087 .
1633 3073 1648 3087 .
1685 3074 1699 3088 .
1735 3075 1750 3089 .
1781 3053 1855 3102 m,
1884 3053 1919 3091 n
1949 3075 1963 3090 .
1990 3066 2015 3077 -

607 3108 1005 3163 tusmeos?Et
1240 3140 1247 3146 -
1425 3116 2036 3174 q..........et

604 3179 868 3247 cogitans,
903 3178 985 3232 di-
1034 3246 1039 3247 ί
1427 3175 1567 3230 Deus
1598 3191 1631 3245 p
1658 3214 1673 3230 .
1708 3218 1724 3231 .
1757 3216 1771 3231 .
1805 3216 1819 3231 .
1857 3218 1871 3232 .
1905 3215 1920 3229 .

607 3246 693 3303 18.
736 3250 857 3302 xit:
890 3248 999 3303 Hoc
1023 3246 1152 3303 faci-
1432 3285 1446 3299 .
1538 3281 1555 3295 .

602 3332 688 3389 am
721 3336 733 3370 :
767 3319 1027 3389 deponam

602 3387 796 3443 horrea
820 3387 847 3452 ;‘
866 3400 918 3443 et
952 3404 1062 3442 ma-

598 3457 717 3527 jora
746 3460 995 3513 aediﬁca-

600 3639 741 3695 Dicit
761 3638 811 3694 ei
835 3640 1048 3709 quidam
1078 3640 1145 3695 de
1172 3640 1343 3695 turba.
1379 3641 1626 3709 Magister
1648 3641 1735 3695 dic
1765 3641 1915 3696 fratri
1962 3658 2081 3696 meo
2114 3653 2169 3695 ut

599 3711 800 3767 dividat
831 3727 1038 3765 mecum
1070 3711 1419 3764 hereditatem
1460 3711 1538 3763 Ad
1587 3712 1677 3764 ille
1722 3712 1856 3764 dixit
1883 3713 1952 3765 ei.
1999 3714 2169 3771 Homo

598 3782 717 3847 quis
745 3797 828 3833 me
858 3780 1133 3834 constituit
1160 3779 1391 3847 judieem
1422 3788 1511 3831 aut
1549 3780 1832 3833 divisorem
1860 3796 2023 3847 supra
2049 3796 2164 3833 vos.

601 3850 740 3904 Dixit
769 3857 945 3904 autem
975 3851 1040 3904 ad
1089 3852 1225 3901 illos.
1258 3849 1445 3903 Videte
1489 3858 1543 3901 et
1568 3859 1754 3903 cavete
1793 3864 1888 3902 vos
1931 3853 1996 3903 ab
2023 3854 2166 3903 omni

598 3921 841 3976 avaritia.
887 3922 1008 3989 quia
1057 3934 1161 3972 non
1210 3934 1276 3973 ex
1323 3918 1642 3989 abundantia
1691 3922 2003 3988 euju~quznn
2059 3923 2168 3973 vita

599 3990 716 4057 ejus
748 4001 829 4044 est
850 3988 915 4044 ex
957 3990 1037 4043 bis
1069 4000 1205 4053 quae
1234 3990 1490 4057 possidet.
1525 3988 1661 4043 Dixit
1707 4005 1881 4043 autem
1926 3990 2171 4043 similitu-‘

599 4060 779 4113 dinem
800 4061 864 4115 ad
896 4061 1014 4115 illos
1042 4059 1243 4113 dicens.
1284 4060 1519 4113 llominis
1541 4060 1813 4127 cujusdam
1840 4061 2014 4113 divitis
2044 4062 2171 4114 ube-

601 4145 691 4200 res
719 4132 918 4186 fructus
948 4146 1074 4200 ager
1103 4130 1311 4183 adtulit.
1346 4138 1399 4184 et
1428 4131 1692 4197 cogitabat
1714 4135 1849 4184 intra
1878 4146 1936 4184 se
1961 4134 2164 4185 dicens.

602 4198 735 4266 Quid
767 4204 949 4255 iaciam
981 4198 1102 4271 quia
1151 4217 1253 4271 nou
1288 4202 1455 4254 habeo
1484 4203 1571 4253 ubi
1606 4216 1926 4270 congregem
1961 4202 2165 4255 fructus

602 4284 771 4323 meos.
804 4272 870 4324 Et
891 4271 1041 4323 dixit.
1074 4272 1176 4325 hoc
1214 4270 1401 4324 faciam
1436 4272 1709 4325 Destruam
1754 4272 1942 4324 borreu
1976 4288 2089 4326 mea
2118 4282 2171 4326 et

603 4339 804 4407 majom
834 4341 1150 4411 acdilieabo.
1193 4352 1246 4393 et
1300 4342 1371 4394 ibi
1424 4342 1758 4409 caugregubo
1803 4344 1980 4395 omnia
2030 4358 2166 4411 quae

600 4420 722 4464 nata
749 4421 871 4461 sunt
895 4407 1027 4461 mibi
1065 4418 1120 4461 et
1140 4410 1277 4462 bona
1301 4425 1437 4463 mea.
1471 4407 1723 4463 et'dicam
1755 4414 1964 4465 animae
1996 4407 2165 4467 meae.

2271 647 2459 711 gister,
2487 646 2573 701 dic

1897 3497 2128 3604 CODE.X
2164 3497 2553 3606 BRIXIANDS‘.

2702 408 2933 467 CODEX
2971 408 3415 467 VERONENSIS.

2276 504 2364 559 15.
2398 505 2463 557 Ει
2492 505 2567 559 ait
2593 503 2812 573 quidam
3095 502 3360 573 graegabo
3386 515 3502 557 om-

2273 574 2341 629 de
2367 575 2521 629 turba
2546 592 2561 629 :
2587 573 2697 631 Ma—
2816 622 2819 623 ν
3096 573 3203 635 nia,
3235 588 3371 643 quae

3068 708 3069 711 η
3095 653 3219 698 nata
3247 651 3374 697 sunt

3096 714 3183 770 19.
3224 715 3303 784 (α)
3334 712 3464 769 mihi
3483 712 3553 785 1';
3579 723 3637 770 et

3095 786 3268 839 dicam
3297 785 3514 840 animae

2273 714 2425 769 fmtri
2453 731 2595 778 meo.

2274 795 2335 839 ut
2362 786 2566 841 dividat
2602 801 2715 840 me-

2273 870 2394 909 cum
2424 858 2791 912 hereditatem.
3095 868 3245 909 meae
3269 871 3283 907 :
3317 854 3490 909 Habes

2277 928 2364 981 14.
2398 927 2476 981 Ad
2506 928 2596 981 ille
2626 926 2705 981 di-
3093 925 3254 979 multa
3287 923 3362 996 (b)
3392 924 3625 996 bona'i';

2273 999 2353 1050 xit
2378 1000 2426 1051 ei
2456 1015 2469 1050 :
2502 997 2546 1052 Ο
2574 999 2668 1053 bo-
3092 996 3365 1063 aepulare.

3090 1066 3181 1122 20.
3225 1066 3368 1120 Dixit
3388 1072 3566 1120 autem
3596 1064 3680 1120 illi

3096 1138 3236 1191 Deus
3262 1154 3276 1191 :
3310 1136 3481 1192 Stulte
3497 1176 3513 1200 ,

3096 1206 3196 1262 hac
3231 1214 3389 1262 nocte
3417 1207 3536 1260 ani-

3097 1293 3238 1332 mam
3267 1288 3411 1332 tuam
3442 1291 3528 1331 1‘6-

3092 1357 3283 1418 petuut
3310 1367 3339 1403 a
3372 1359 3445 1402 te.

3096 1459 3109 1472 .
3156 1459 3167 1470 .
3213 1460 3227 1474 .
3274 1460 3287 1473 .
3332 1456 3347 1471 ο
3386 1428 3565 1472 autem

3096 1532 3107 1544 .
3159 1529 3171 1540 .
3218 1530 3231 1542 .
3276 1532 3289 1545 .
3333 1488 3575 1559 ti,.cujms

3091 1562 3290 1644 εειιηεὲ
3318 1560 3394 1644 (ρ)

3091 1630 3181 1685 22.
3220 1630 3363 1687 Dixit
3390 1639 3571 1684 autem

3092 1703 3158 1755 ad
3191 1702 3483 1769 discipulos

3092 1785 3220 1825 suos
3250 1789 3263 1824 :
3296 1771 3585 1840 Propterea

3095 1842 3247 1895 vobis
3276 1842 3419 1905 dico,

3099 1910 3266 1967 nolite
3290 1910 3503 1965 solliciti

3095 1996 3217 2037 esse
3245 1982 3321 2052 (ά)
3350 1982 3562 2052 animae
3580 1980 3642 2051 -i-,

3095 2053 3220 2120 quid
3252 2051 3538 2106 manduce-

2319 2120 2370 2174 6.
2390 2191 2394 2192 ί
2415 2122 2554 2176 Dixit
2582 2134 2759 2179 autem
3094 2123 3195 2186 tis;
3225 2138 3397 2192 neque
3424 2136 3552 2177 cor--

2281 2191 2682 2263 similitudinem
3090 2194 3229 2263 pori,
3261 2191 3399 2263 quid,
3414 2192 3495 2263 in-

2277 2263 2345 2314 ad
2370 2262 2511 2327 illos,
2551 2264 2775 2320 dicens:
3091 2262 3183 2319 23.
3223 2262 3485 2319 duamiui.
3514 2262 3653 2319 Ani-

2277 2332 2641 2406 ilominisgu-
3095 2350 3179 2406 ma
3209 2333 3283 2406 (ρ)
3306 2335 3451 2388 enim
3474 2333 3533 2403 1-,

2272 2401 2484 2474 jusdam
2514 2401 2692 2458 divitis
3095 2401 3339 2474 plus'e'st,
3364 2401 3527 2472 quam

2278 2472 2474 2527 uberes
2502 2474 2705 2530 fructus
3094 2472 3250 2541 esca;
3282 2485 3335 2528 et
3359 2488 3559 2541 corpus
3581 2514 3599 2538 ,

2276 2543 2456 2616 attulit
2482 2560 2695 2613 posses-
2752 2614 2757 2616 Α
3095 2546 3214 2616 plus
3244 2560 3404 2614 quam
3434 2558 3527 2599 ve-

2281 2613 2380 2686 17._
2408 2615 2489 2669 sio
2520 2633 2533 2667 :
2561 2625 2619 2670 et
2646 2614 2789 2686 cogi-
2816 2635 2824 2643 ’
3094 2613 3428 2686 slimentum.

2280 2684 2411 2738 tavit
2439 2687 2579 2740 intra
2720 2684 2735 2686 ⁷
3090 2685 3180 2743 24.
3220 2684 3574 2740 Considerate
3603 2697 3732 2739 cor-

2277 2770 2368 2826 se,
2400 2755 2584 2826 dicens
2610 2772 2626 2810 :
3093 2772 3209 2823 vos,
3239 2756 3364 2826 quia
3386 2769 3496 2809 non

2278 2825 2414 2893 Quid
2446 2825 2697 2897 faciam...
3092 2825 3385 2887 seminant.
3410 2840 3505 2881 ne-

2276 1082 2385 1133 mo,
2412 1068 2532 1135 quis
2563 1085 2648 1125 me

2275 1140 2550 1209 constituit
2574 1140 2660 1209 ju-

2276 1207 2471 1275 dicem,
2496 1207 2587 1263 aut

2276 1277 2700 1346 dispensatorem

2278 1364 2439 1417 super
2470 1352 2602 1405 vos?

2280 1420 2366 1471 15.
2410 1419 2550 1473 Dixit
2576 1429 2752 1476 autem

2278 1490 2341 1541 ad
2371 1504 2463 1542 eos
2492 1509 2506 1541 :
2541 1490 2698 1545 Vide~

2278 1568 2353 1624 te,
2377 1568 2430 1611 ct
2457 1574 2640 1617 cavete

2277 1628 2346 1681 ab
2375 1632 2517 1682 omni
2547 1647 2670 1684 ava-

2279 1699 2400 1752 ritia
2422 1714 2436 1763 ;
2461 1705 2585 1769 quia

2280 1783 2385 1822 non
2418 1771 2468 1821 in
2501 1771 2642 1825 abun
2657 1800 2675 1811 -

2277 1838 2456 1893 dantia
2481 1841 2663 1910 cujus-

2277 1922 2456 1977 quam,
2489 1913 2598 1966 vita

2277 1981 2393 2047 ejus
2418 1992 2499 2033 est
2527 1997 2592 2036 ex
2624 1982 2738 2047 his,

2276 2053 2705 2172 qtéaenpossidet.

2357 2159 2370 2172 .
2459 2132 2554 2172 ιιιι
2582 2134 2703 2172 ante

2276 2898 2420 2965 quod
2449 2912 2552 2951 non
3092 2911 3195 2965 que
3224 2903 3467 2960 metunt,

2280 2965 2473 3031 habeo,
2500 2982 2607 3037 quo
3066 3019 3069 3023 ,
3097 2968 3290 3037 quibus
3319 2982 3425 3021 non
3452 2974 3542 3021 est

2279 3036 2600 3106 congregem
3094 3036 3394 3101 cellarium,

2279 3106 2484 3160 fructus
2510 3107 2694 3160 meos?
3094 3120 3267 3171 neque
3299 3106 3581 3171 horreum,

2282 3120 2484 3160 [ructus
2510 3120 2694 3160 meos:
3094 3120 3129 3158 n
3203 3120 3267 3158 ne
3299 3120 3522 3161 norreur

2282 3176 2369 3229 18.
2411 3176 2480 3230 Et
2505 3177 2641 3229 dixit
2673 3213 2687 3227 .
2731 3212 2745 3227 .
2794 3214 2808 3227 .
2854 3215 2866 3227 .
2910 3214 2925 3229 .
2970 3213 2984 3227 .
3092 3120 3318 3229 eﬂeus
3348 3175 3522 3244 pascit

2282 3245 2564 3300 Destruam
2594 3246 2726 3300 bor-
3097 3245 3217 3300 illos
3249 3262 3261 3297 :
3290 3254 3493 3314 quanto

2278 3331 2371 3371 rea
2400 3332 2515 3371 mea
2543 3357 2557 3379 ,
2586 3324 2642 3371 et
3097 3316 3270 3385 magis
3292 3328 3391 3369 vos

2279 3388 2489 3455 majora
2515 3386 2704 3441 faciam
2734 3402 2751 3451 ;

2278 3469 2333 3511 et
2362 3458 2490 3512 illuc
2529 3472 2659 3513 con-

3095 3386 3280 3455 plures
3309 3386 3441 3439 estis

3106 3454 3175 3528 (ί)
3203 3455 3393 3510 avibus
3413 3454 3487 3527 τε

2274 3645 2465 3700 Anima
2497 3646 2661 3697 babes
2693 3645 2855 3696 multa
2884 3644 3021 3697 bona
3047 3644 3214 3711 posita
3262 3644 3315 3697 in
3344 3657 3516 3698 annos
3567 3642 3855 3710 plurimos.

2276 3716 2552 3782 requiesce
2579 3714 2819 3779 comede,
2879 3715 2999 3767 bibe
3049 3720 3103 3766 et
3156 3712 3427 3778 aepulare.
3481 3712 3621 3767 Dicit
3676 3723 3855 3768 autem

2278 3782 2352 3835 illi
2388 3783 2544 3835 Deus.
2592 3782 2789 3836 Stulte.
2835 3783 2932 3834 hac
2962 3792 3116 3836 nocte
3146 3784 3375 3839 animam
3408 3792 3553 3837 tuam
3599 3792 3860 3850 repetunt

2277 3863 2405 3904 ate.
2456 3866 2591 3920 quae
2640 3859 2815 3904 autem
2847 3853 3042 3920 parasti
3093 3852 3245 3920 cujus
3296 3866 3469 3908 erunt.
3505 3854 3597 3908 Sic
3652 3864 3743 3906 est
3770 3856 3857 3922 qui

2278 3923 2375 3973 sibi
2404 3922 2795 3976 'tbensaurizat.
2825 3932 2890 3975 et‘
2908 3937 3012 3975 non
3040 3930 3121 3975 est
3149 3923 3202 3975 in
3234 3924 3342 3977 Deo
3376 3924 3546 3977 dives.
3583 3925 3730 3975 Dixit
3760 3939 3857 3975 au-

2279 4002 2383 4044 tem
2414 3994 2477 4045 ad
2511 3991 2804 4061 discipulos
2828 4006 2972 4045 suos.
2996 3991 3120 4046 ideo
3157 3993 3278 4046 dico
3310 3995 3482 4047 vobis.
3520 3986 3690 4046 nolite
3718 3993 3862 4045 stilli-

2274 4063 2361 4115 citi
2392 4078 2510 4117 esse
2531 4062 2620 4134 (ά)
2652 4065 2871 4134 animae
2898 4061 3089 4134 fqnid
3136 4062 3488 4134 manducetis.
3527 4076 3714 4129 neque
3742 4078 3860 4115 cor-

2277 4138 2387 4199 pori
2419 4132 2890 4202 quid‘iuduamini.
2939 4133 3129 4186 Anima
3158 4132 3279 4202 plus
3320 4142 3401 4184 est
3440 4147 3601 4197 quam
3645 4145 3773 4202 esea
3807 4146 3857 4183 et

2273 4200 2469 4271 corpus
2511 4219 2668 4273 quam
2721 4204 3116 4257 vestimentum.
3183 4201 3532 4273 Considerate
3591 4200 3853 4253 volatilia.

2273 4269 2393 4342 quia
2426 4269 2541 4327 nou'
2576 4276 2843 4329 seminant
2897 4288 3071 4341 neque
3119 4282 3348 4326 metunt.
3397 4269 3591 4342 quibus
3643 4286 3754 4322 non
3779 4283 3856 4323 est

2272 4338 2565 4398 cellarium.
2601 4359 2774 4411 neque
2804 4338 3071 4397 horreum.
3096 4353 3151 4398 et
3182 4344 3317 4396 Deus
3337 4338 3507 4411 pascit
3534 4338 3629 4393 illa
3655 4350 3856 4409 quanto

2274 4415 2439 4483 magis
2478 4427 2575 4468 vos
2618 4410 2865 4469 meliores
2910 4415 3040 4469 estis
3070 4412 3137 4484 (f)
3163 4413 3352 4467 avibus
3380 4410 3443 4480 τ.

1867 4506 2095 4561 CODEX
2131 4508 2589 4566 CORBEIENSIS.

676 4602 761 4657 16.
803 4602 994 4655 uberes
1027 4598 1230 4652 fructus
1261 4597 1435 4651 attulit
1471 4598 1758 4665 possessio.

678 4674 762 4727 18.
808 4672 1006 4726 Omittit
1033 4679 1087 4724 et
1110 4670 1249 4725 bona
1276 4683 1417 4722 mea.

674 4744 761 4799 19.
804 4743 978 4797 Habes
1001 4742 1163 4795 multa
1193 4740 1365 4803 bona;
1395 4738 1615 4807 epulare
1639 4736 1693 4790 in
1720 4752 1891 4791 annos
1922 4738 2137 4791 multos.

2353 4601 2443 4653 20.
2485 4601 2627 4654 Dixit
2652 4612 2853 4657 autem.

2354 4671 2443 4722 21.
2484 4680 2537 4723 et
2564 4687 2669 4724 non
2694 4681 2776 4725 est
2804 4674 2857 4725 in
2880 4673 2989 4726 Deo
3014 4673 3181 4729 dives.

2353 4739 2444 4792 25.
2485 4738 2507 4769 ⁸
2538 4741 2703 4807 pluris
2729 4744 2859 4797 estis
2886 4742 3091 4797 avibus.

1844 4828 2223 4884 VARIANTES
2258 4828 2651 4884 LECTIONES.

564 4918 569 4925 ’
601 4955 603 4958 ι
668 4928 684 4959 ³
721 4927 833 4987 Gut.
852 4932 896 4976 et
928 4930 1045 4976 Mm.
1066 4929 1145 4975 ei:
1168 4927 1208 4977 Ο
1228 4928 1387 4977 homo.
1420 4921 1565 4987 Vulg.
1591 4921 1659 4970 illi
1681 4937 1693 4971 :
1716 4922 1886 4973 Homo.
1915 4923 2018 4972 Gal.
2048 4924 2177 4972 inter

606 5000 693 5038 vos
718 4986 883 5051 .Vutg.
907 5000 1052 5051 super
1071 5002 1171 5037 vos.

667 5052 687 5080 ³
722 5049 897 5100 Gatﬁet
932 5049 1050 5095 Mm.
1086 5057 1328 5110 repetent.
1362 5049 1504 5114 Vulg.
1532 5054 1784 5111 repetunt.

2343 4922 2364 4987 f
2396 4922 2497 4987 (gat.
2525 4888 3013 4987 et'ummestiamini.
3048 4922 3191 4987 Vulg.
3215 4922 3496 4987 induamini.

2341 4984 2363 5015 δ
2396 4985 2501 5033 Gut.
2525 4985 2679 5045 magis
2700 4999 2784 5034 vos
2808 4985 2988 5047 plures.
3017 4984 3313 5046 Mmfmagis
3343 4984 3514 5047 pluris.

1296 5148 1587 5187 LECTIONES
1615 5148 1816 5188 CODlClS
1834 5148 2236 5193 VINDEBONENSIS
2257 5149 2528 5189 ABEUNTES
2550 5150 2615 5188 ΑΒ
2644 5147 2887 5187 EDITIONE
2905 5146 3167 5186 VULGATA.

668 5203 745 5253 15.
772 5200 832 5250 Ει
877 5201 941 5248 ait
986 5200 1193 5260 quidam.
1265 5201 1337 5264 11.
1383 5203 1455 5249 Ad
1496 5204 1579 5252 ille
1623 5205 1746 5252 dixit
1770 5206 1875 5253 ei...
1900 5216 2042 5264 supra
2070 5215 2167 5251 vos.

607 5265 681 5315 16.
708 5264 1167 5327 ῑτιιςιυδλιλωςερδδίο
1192 5262 1387 5327 attulit._
1406 5265 1507 5327 _17.
1545 5270 1595 5312 et
1614 5267 1895 5327 cegitavit...
1927 5262 2053 5327 quod
2078 5277 2171 5312 non

602 5327 835 5384 habeam,
870 5324 949 5387 ubi
971 5335 1303 5387 congregem.
1371 5321 1444 5371 18.
1480 5321 1719 5373 ύεδὶινυεῖη
1752 5321 1959 5387 horrea;
1996 5332 2047 5373 et
2069 5338 2171 5371 ma-

594 5391 784 5499 ἐπὶ...
826 5394 877 5434 et
917 5385 982 5431 ibi
1028 5384 1335 5445 congregabo
1358 5387 1541 5443 omnia,
1567 5400 1693 5446 quae
1739 5394 1848 5435 nata
1890 5384 2005 5434 sunt
2037 5386 2169 5433 mihi.

650 5449 843 5498 tdicam
874 5448 1061 5495 animae
1099 5456 1259 5494 meae.
1324 5446 1395 5494 19.
1432 5446 1481 5494 iu
1514 5459 1663 5496 annos
1702 5450 1904 5499 multos;
1954 5445 2169 5499 epulare.

650 5449 843 5498 tdicam
874 5448 1061 5495 animae
1099 5456 1259 5494 meae.
1324 5446 1395 5494 19.
1432 5446 1481 5494 iu
1514 5445 1663 5496 annos
1702 5450 1904 5509 multos;
1954 5445 2172 5509 epulare:

2275 5204 2425 5254 Dixit.
2489 5206 2567 5253 20.
2607 5210 2835 5265 repetunt
2859 5217 2882 5249 a
2910 5202 3185 5265 teganimam
3212 5208 3342 5250 tuam
3362 5216 3381 5265 _:
3400 5214 3528 5263 quae
3568 5213 3852 5265 ergopara-

2275 5216 2425 5254 vixit.
2489 5216 2567 5253 zu.
2607 5216 2835 5265 repetunt
2859 5217 2882 5249 a
2910 5216 2959 5250 te
2984 5216 3185 5249 annnam
3212 5216 3342 5250 tuam
3370 5216 3528 5263 :qnae
3568 5216 3627 5250 er
3668 5216 3697 5247 ο
3720 5216 3851 5263 para-

2274 5269 2367 5332 sti,
2408 5268 2483 5315 cui
2522 5266 2703 5332 erunt?
2730 5326 2738 5332 _
2765 5266 2840 5332 21.
2884 5265 2931 5332 i_n
2966 5263 3073 5332 Περ
3107 5262 3259 5312 dives.
3326 5263 3400 5313 22.
3443 5276 3561 5313 suos
3575 5216 3851 5332 gguine...

2278 5323 2492 5389 animae,
2520 5324 2949 5389 quid...rinduatis.
3010 5326 3088 5389 25.
3112 5338 3285 5387 corpus
3303 5363 3317 5387 ,
3344 5336 3509 5387 quam.
3573 5324 3660 5373 24.
3687 5323 3853 5373 Nonne

2278 5400 2364 5436 vos
2389 5387 2552 5451 plures
2571 5389 2688 5437 estis
2706 5388 2808 5435 istis
2825 5388 2991 5437 avibus
3004 5387 3030 5438 τ

1965 5506 2325 5562 BLANCHINI
2363 5508 2584 5563 NOTAE.

684 5601 754 5673 (α)
786 5602 906 5653 Post
930 5601 1074 5665 mihi,
1096 5600 1261 5673 deest
1304 5610 1347 5653 et
1384 5602 1513 5654 bona
1550 5618 1679 5673 mea,
1711 5606 1867 5659 etiam
1898 5606 1948 5657 in
1981 5603 2097 5654 rod.
2127 5602 2281 5673 Cant.
2332 5635 2396 5643 —
2432 5604 2503 5673 (ὁ)
2539 5606 2658 5659 POSt
2703 5606 2852 5665 bona.
2884 5604 3034 5659 deest
3063 5605 3224 5672 posita
3261 5604 3313 5655 in
3350 5616 3511 5673 annos
3559 5600 3812 5671 plurimos
3839 5617 3854 5652 :

608 5668 891 5742 requiesce,
933 5672 1149 5732 comede.
1172 5671 1320 5742 Abibe,
1354 5674 1550 5742 parit_er
1571 5672 1621 5724 in
1667 5676 1791 5728 cod.
1831 5677 1985 5728 Cant.
2012 5702 2082 5713 —-
2107 5671 2175 5742 (ι’)
2213 5673 2358 5727 Vers.
2388 5676 2448 5726 2t
2486 5668 2634 5728 deest
2658 5676 2814 5729 etiam
2846 5678 2895 5728 in
2918 5675 3036 5729 cod.
3064 5668 3217 5729 Cant.
3241 5668 3418 5742 -‘(d)
3451 5668 3581 5723 Post
3614 5675 3850 5733 animae.

613 5739 760 5795 deest
783 5750 988 5809 vestrae,
1012 5741 1066 5796 in
1086 5740 1207 5796 cod.
1236 5757 1445 5813 quoque
1464 5740 1688 5797 Cant.-—-—
1715 5744 1787 5813 (ε)
1814 5745 1975 5801 Addit
2000 5739 2324 5807 enim,'etiam
2355 5745 2475 5799 cod.
2508 5746 2667 5799 Cant.
2696 5749 2892 5821 yép.—-
2908 5744 2977 5816 (ι’)
3008 5744 3081 5798 Ita
3105 5752 3160 5798 et
3186 5752 3293 5798 tex.
3336 5740 3432 5794 Gr.
3465 5748 3567 5795 τῶν
3596 5752 3851 5797 πετεινῶν.
