5106 6448
30 379 142 441 615
506 436 510 443 .

439 498 670 556 (senex
709 474 1242 556 VERCELLENSIS.

584 598 634 648 -.’
679 632 695 649 .
787 634 801 648 .
877 601 957 647 ter
984 603 1197 658 vester,

30 635 129 719 '25.
149 631 194 717 ’.
225 704 240 718 .
271 633 294 715 ἶ
324 637 431 720 test
654 632 695 707 -’
787 634 801 648 ’
873 628 1201 734 (Ἠίέῖῖἱζὶὲ
1230 678 1346 718 om-

28 748 168 789 cere
193 745 281 788 sta
315 773 331 789 .
367 775 381 788 .
414 774 428 788 .
464 772 479 787 .
516 742 544 788 .'
876 735 958 787 nia
990 748 1123 803 opus
1148 744 1275 788 sunt

30 819 173 877 suae
205 806 455 877 cubitum
473 804 553 877 (a)
606 875 618 877 Α
872 804 958 877 5i.
1000 805 1170 859 vobis.
1201 804 1221 835 ⁸
1249 803 1425 871 Quae.

873 875 975 929 rite
1002 883 1179 929 autem

868 944 944 1016 (ε)
971 960 1193 1016 regnum
1220 944 1260 1011 1‘
1282 943 1433 1011 ejus;
1508 974 1509 977 η

869 1014 923 1069 et
950 1016 1079 1069 haec
1105 1014 1272 1068 adici-

872 1093 1028 1139 entur
1060 1098 1153 1139 V0-

872 1155 959 1209 32.
1003 1155 1104 1209 bis.
1144 1153 1293 1208 Noli-

875 1233 926 1279 te
957 1226 1144 1280 timere
1168 1225 1278 1277 mi-

872 1296 1014 1365 ninia
1038 1310 1198 1365 grex;

870 1364 892 1395 δ
913 1364 1165 1434 quoniam
1191 1364 1300 1434 pla-
1346 1386 1349 1389 λ

867 1438 977 1489 cuit
1005 1434 1149 1489 Patri
1174 1449 1292 1490 vcs-

870 1514 954 1560 tro
978 1504 1106 1560 dare
1132 1520 1225 1560 vo-

868 1575 949 1630 bis
971 1590 1214 1644 regnum.

868 1645 959 1701 55.
1004 1646 1233 1702 Vendite
1275 1646 1367 1701 bo-
1418 1694 1420 1697 .

871 1731 937 1769 na
969 1726 1145 1771 vestra
1170 1733 1186 1782 ;
1215 1725 1268 1771 et

868 1785 992 1842 date
1016 1786 1219 1842 elemo-

868 1871 1079 1927 synam.
1113 1856 1264 1911 Faci-

28 874 130 928 26.
178 877 387 929 unum?
429 874 562 946 -ι-Ει
589 875 657 931 de

29 946 270 1009 ceteris,
299 946 422 1014 quid

26 1015 260 1069 solliciti
289 1017 457 1072 estis?

27 1084 131 1142 27.
172 1082 505 1143 Considera-

30 1165 85 1208 te
115 1156 237 1210 lilia
267 1158 409 1227 agri,

26 1226 321 1293 quomodo

29 1296 112 1365 (b)
144 1313 259 1350 non
293 1306 499 1363 texunt,
522 1298 565 1367 ’τ’

28 1381 221 1436 neque
254 1379 420 1423 neunt
444 1387 457 1423 :

28 1435 161 1491 dico
194 1438 372 1504 vobis,
400 1453 499 1493 nec

28 1505 307 1575 Solomon
340 1510 391 1562 in

29 1578 188 1631 omni
218 1579 387 1647 gloria

34 1656 602 1704 .....tUSCI'...

29 1729 295 1786 tanquam
330 1734 393 1771 u-

30 1802 169 1839 num
204 1803 271 1841 ex
302 1789 438 1843 istis.

27 1857 125 1910 28.
168 1858 327 1923 Quod
352 1860 394 1913 si
426 1860 531 1914 iae-

28 1943 167 1981 num
204 1969 220 1983 .
258 1967 273 1982 .
308 1968 323 1983 .
358 1969 372 1982 .
406 1968 420 1983 .
871 1936 925 1982 te
951 1927 1103 1981 vobis
1137 1942 1259 1981 sae»
1338 1949 1343 1953 ’

33 1996 209 2053 hodie
240 2040 254 2052 .
293 2038 308 2052 .
346 2039 358 2052 .
389 2040 403 2054 .
435 2040 448 2053 .
482 2039 496 2051 .
530 2038 545 2053 .
868 1998 1040 2063 culos,
1069 1998 1157 2067 qui
1190 2012 1294 2052 non

34 2108 50 2122 .
158 2110 171 2122 .
270 2109 286 2125 .
368 2112 378 2123 .
458 2103 473 2122 .
562 2106 577 2122 .
666 2107 682 2122 .
865 2078 1228 2132 veterescunt,

35 2178 49 2190 .
101 2179 114 2191 .
150 2179 166 2193 .
199 2179 214 2193 .
251 2177 265 2190 .
299 2179 315 2194 .
344 2180 357 2193 .
391 2155 478 2194 um
865 2139 1214 2192 thensaurum

35 2225 487 2265 ......ur..
865 2208 1185 2263 nondeﬁei—

101 2320 115 2331 .
162 2279 355 2343 vestit;
598 2337 602 2341 ,
864 2286 1045 2333 cutem
1067 2279 1148 2332 in-

866 2349 1053 2413 caelis,
1085 2348 1172 2402 ubi
1197 2347 1279 2402 l'ur

865 2432 972 2472 non
999 2418 1227 2498 accedit,

867 2502 966 2541 nec
996 2497 1133 2540 tinea
1164 2501 1295 2541 con-

31 2357 246 2417 quanto
286 2363 399 2402 ma-

30 2418 117 2486 gis
150 2433 252 2471 vos
282 2432 478 2485 parvae

27 2488 125 2542 29.
175 2487 341 2541 ﬁdei?
375 2489 442 2543 Et
466 2499 560 2543 vos

31 2559 206 2611 nolite
231 2573 395 2627 quae-

34 2643 163 2681 rere
193 2629 321 2695 quid
350 2646 408 2681 e-

31 2698 201 2761 datis,
235 2704 329 2751 aut
349 2697 477 2766 quid

32 2766 238 2819 bibatis
261 2784 277 2820 :
307 2766 444 2820 noli-
468 2826 469 2829 η

34 2846 89 2889 te
118 2836 136 2866 ¹
167 2836 385 2891 solliciti
411 2851 503 2891 es-
616 2883 620 2887 «

30 2905 124 2960 30.
170 2921 230 2960 se
259 2923 275 2959 :
306 2906 439 2963 haec
461 2905 605 2963 enim

32 2976 219 3030 omnia
247 2991 379 3048 gen-

35 3056 119 3099 tes
148 3047 350 3101 saeculi

32 3124 324 3183 quaerunt.

36 3188 155 3243 Scit
184 3188 329 3242 enim
352 3187 454 3243 Pa—

866 2555 953 2612 34.
993 2557 1175 2611 sumit.
1208 2554 1311 2611 Ubi
1340 2557 1483 2611 enim

864 2626 1027 2681 fuerit
1057 2626 1209 2681 then-

864 2710 1058 2751 saurus
1077 2711 1171 2751 νεε
1182 2728 1198 2735 -

866 2776 969 2831 ter,
998 2766 1071 2821 ibi
1101 2767 1204 2821 erit

864 2843 919 2891 et
942 2850 1036 2890 cor
1059 2846 1318 2892 vestrum.

862 2906 953 2962 35.
995 2908 1061 2960 Et
1083 2908 1191 2961 sint.
1211 2906 1377 2961 lumbi

863 2978 1029 3031 vestri
1056 2992 1176 3032 sue-

863 3045 1015 3109 cinti.
1040 3058 1095 3101 et
1122 3048 1207 3102 lu-

863 3132 1059 3173 cernae
1089 3119 1111 3150 ³
1138 3132 1223 3172 ar-

862 3188 957 3244 56.
996 3188 1212 3255 dentes;
1242 3197 1298 3244 et
1319 3203 1416 3243 vos

1094 387 1544 445 EVANGELIUM
1581 386 1953 445 SECUNDUM
1990 387 2239 445 LUCAM.

3193 392 3294 447 6H

2151 498 2380 555 (ZODEX
2407 497 2859 555 VERONENSIS.
2890 526 2891 529 η

1722 594 1813 649 ‘25.
1855 594 1988 659 Quis
2012 602 2209 647 autem
2546 592 2797 656 quoniam
2828 590 3020 647 horum

1728 674 1967 718 vestrum
1998 664 2147 732 cogi-
2464 718 2465 721 η
2547 662 2622 730 (d)
2654 660 2892 715 omnium
2917 662 2957 732 ’ί-

1722 734 1909 797 tando,
1948 742 2125 804 potest
2546 732 2816 804 indigetis.

1723 804 1939 858 adicere
1951 801 2027 858 'ad
2545 801 2605 856 5t
2620 841 2633 854 .
2677 801 3053 859 Verumtamen

1723 882 1925 927 statum
1952 888 2106 928 suum
2545 871 2785 938 quaerite
2814 872 2884 937 (ε)
2913 888 3001 926 re-

1722 946 1958 997 cobitum
1993 944 2069 1013 (a)
2104 943 2310 998 unum?
2335 942 2376 1013 -ι-
2540 957 2701 1011 gnum
2725 941 2818 996 Dei
2844 941 2920 1012 ’ἴς

1723 1013 1812 1069 26.
1858 1015 1920 1066 Et.
1943 1014 2009 1068 de
2036 1016 2251 1080 ceteris,
2543 1022 2599 1067 et
2629 1013 2758 1065 haec
2785 1014 2961 1065 omnia

1723 1095 1780 1136 ut
1804 1083 1933 1153 quid
1962 1084 2179 1138 Solliciti
2208 1084 2371 1140 estis?
2546 1083 2842 1153 adicientur
2870 1082 3040 1137 vobis.

1721 1153 1811 1207 27.
1824 1151 1837 1153 “
1853 1153 2201 1210 Considerate
2544 1153 2634 1207 32.
2675 1151 2847 1206 Nolite
2876 1153 3061 1207 timere

1724 1224 1834 1277 lilia
1867 1225 2004 1294 agri,
2036 1240 2169 1293 quo-

1724 1295 1885 1347 modo
1913 1303 2200 1350 crescunt:

2548 1222 2771 1292 pusillus
2800 1237 2960 1291 grex;

2581 1294 2995 1374 uia_conplacuit

2589 1374 2687 1417 all‘l
2714 1374 2892 1417 VCSU‘O

2543 1433 2670 1488 dare
2691 1433 2840 1504 vobis
2871 1448 3114 1504 regnum.

2544 1504 2633 1560 53.
2676 1503 2921 1574 Vendite,
2939 1503 3087 1574 quae

2547 1573 2858 1642 possidetis;
2890 1583 2943 1629 et

2548 1645 2669 1698 date
2698 1645 3056 1714 elemosynam
3085 1661 3099 1699 :

2549 1724 2604 1769 et
2630 1716 2784 1769 facile
2812 1715 2966 1772 vobis
2992 1728 3145 1771 sacu-

2548 1786 2648 1847 los,
2680 1787 2766 1855 qui
2791 1802 2895 1840 non

2547 1864 2902 1919 vetereseant,

2548 1926 2890 1981 thensaurum
2950 1966 2953 1971 .

2545 1994 2937 2052 indeiicientem

2546 2067 2599 2137 in
2627 2067 2811 2134 caelis,
2836 2083 2943 2137 quo

2542 2136 2627 2191 fur
2648 2152 2752 2192 non
2781 2136 2976 2205 adpro-

1724 1380 1829 1418 non
1849 1364 2112 1427 laborant,

1723 1450 1897 1505 neque
1922 1445 2108 1496 neunt.

1723 1505 1795 1576 (b)
1825 1520 1997 1575 neque
2030 1515 2215 1559 texunt
2239 1505 2279 1575 -ι-
2313 1522 2325 1557 :

1722 1575 1844 1629 dico
1873 1586 2051 1630 autem
2082 1592 2177 1629 vo-

1723 1645 1827 1709 bis,
1860 1642 1930 1716 (ο)
1954 1647 2204 1713 quoniam
2222 1645 2263 1716 ἰ-

1723 1730 1825 1770 nec
1854 1715 2104 1770 Solomon

1730 1786 1784 1839 in
1808 1787 1949 1840 omni
1972 1786 2059 1840 illa

1725 1857 1893 1924 gloria
1922 1872 2015 1910 sua
2048 1872 2140 1911 ve-

1723 1927 2007 1991 stiebatur,
2036 1926 2176 1981 sicut

1725 2011 1865 2051 unus
1894 2012 1959 2051 ex
1992 1999 2126 2051 istis.

1722 2066 1814 2123 28.
1855 2067 1961 2122 Aut
1984 2066 2159 2122 videte

1722 2140 1958 2193 faenum.
2000 2178 2016 2193 .
2061 2179 2074 2192 .
2106 2138 2140 2191 d

1724 2206 1815 2263 ho.
1862 2249 1876 2264 .
1922 2247 1937 2261 .
1983 2249 1996 2261 .
2040 2248 2053 2263 .
2099 2222 2228 2278 agro
2272 2218 2371 2263 εει.
2543 2209 2674 2275 piat,
2700 2223 2871 2277 neque

1722 2292 1844 2332 cras
1875 2279 1926 2333 in
1958 2280 2225 2333 elibanum
2544 2278 2682 2333 tinea
2709 2293 2948 2333 corrum-

1723 2347 2148 2412 mittitur,-Deus
2542 2348 2641 2417 pit,
2672 2359 2724 2402 et
2756 2350 2843 2402 ubi

2544 2416 2691 2471 fures
2720 2434 2824 2472 non
2854 2417 2932 2473 ei-

2542 2487 2772 2552 fudiunt,
2802 2496 2857 2542 et

2541 2555 2632 2610 54.
2673 2556 2934 2613 furantur.
2962 2557 3113 2623 Nam,

2458 2661 2461 2665 -
2542 2625 2629 2679 ubi
2660 2624 2980 2685 thensaurus

1722 2419 1801 2469 sic
1829 2420 2015 2482 vestit;
2040 2427 2241 2487 quanto

1723 2490 1893 2556 magis
1918 2502 2012 2541 vos
2039 2503 2155 2542 mo-

1722 2556 1874 2611 dicae
1903 2556 2028 2611 ﬁdei
2047 2556 2071 2609 ?

1720 2626 1808 2681 29.
1858 2626 1927 2680 Et
1952 2641 2046 2680 vos
2066 2626 2232 2681 nolite

1720 2711 1982 2764 quaerere
2009 2697 2136 2765 quid
2541 2704 2719 2749 vester
2746 2704 2849 2761 est,
2900 2737 2905 2745 .

1721 2767 2080 2830 manducetis,
2110 2775 2202 2819 aut
2541 2765 2611 2819 ibi
2638 2766 2743 2819 erit
2770 2776 2822 2821 et
2846 2782 2940 2822 cor

1719 2836 1845 2903 quid
1875 2836 2097 2899 bibatis;
2126 2847 2182 2891 et
2540 2844 2801 2890 vestrum.

2541 2904 2630 2960 55.
2670 2906 2789 2961 Sint
2810 2916 2990 2964 autem

2510 3005 2515 3009 ‹
2544 2975 2706 3030 lumbi
2737 2979 2911 3033 vestri.

2582 3047 2857 3113 raeeincti,
2886 3061 2939 3104 et

2567 3132 2794 3173 ucernae
2815 3134 2904 3173 ar-

2546 3188 2636 3243 56.
2676 3189 2896 3251 dentes;
2934 3200 2990 3246 et

1721 2906 2104 2961 nolitcsoliciti
2173 2942 2179 2949 η

1720 2974 1810 3033 3i).
1853 2991 2017 3032 esse:
2053 2977 2184 3031 haec
2209 2976 2353 3031 enim

1722 3056 1911 3116 gentes
1942 3047 2101 3117 hujus
2126 3047 2311 3103 mundi
2360 3088 2363 3089 ν

1723 3128 2006 3185 quaerunt.
2047 3116 2302 3174 Scit......

1724 3186 1885 3244 Pater
1908 3198 2110 3255 vester,

1360 3300 1592 3357 consx
1627 3297 2020 3371 BRleANUS.
2086 3300 2089 3303 ·

34 3395 169 3461 Quis
192 3404 372 3449 autem
398 3405 634 3449 vestrum
659 3393 941 3464 cogitando
970 3404 1144 3463 potest
1171 3394 1383 3447 adicere
1408 3393 1473 3447 ad
1495 3401 1606 3464 sta-

38 3470 215 3517 turam
235 3479 385 3517 suam
406 3465 643 3517 cubitum
666 3462 848 3533 unum.
870 3466 923 3517 Si
951 3462 1077 3532 ergo
1099 3478 1271 3533 neque
1291 3464 1430 3533 quod
1454 3462 1612 3533 mini-

38 3549 184 3586 mum
212 3543 299 3586 est
325 3535 546 3598 poteSIis
573 3533 698 3602 quid
728 3532 796 3586 de
820 3532 1011 3588 ceteris
1052 3532 1260 3586 solliciti
1292 3532 1439 3586 estis.
1474 3532 1615 3585 Con-

37 3604 273 3656 siderate
299 3602 402 3654 lilia
431 3602 697 3671 quomodo
723 3611 990 3657 crescunt.
1024 3616 1130 3656 non
1159 3602 1417 3655 laborant.
1440 3615 1611 3669 neque

38 3682 212 3726 neunt
231 3672 538 3725 dit-cantem
555 3672 723 3726 vobis.
746 3674 819 3741 (ε)
833 3672 951 3741 quia
967 3672 1119 3743 fnec
1130 3673 1376 3743 Salomon
1394 3673 1444 3743 in
1467 3672 1610 3724 omni

36 3743 215 3806 gloria
248 3756 342 3795 sua
369 3743 696 3797 vestiebatur
728 3746 864 3796 sicut
893 3742 1055 3797 unum
1082 3758 1148 3797 ex
1185 3743 1319 3797 istis.
1349 3742 1405 3796 Si
1434 3753 1611 3795 autem

37 3810 257 3883 faenum
286 3811 425 3880 quod
458 3812 615 3866 hodie
644 3813 694 3865 in
726 3829 854 3883 agro
882 3822 979 3868 est.
1012 3822 1068 3868 et
1104 3828 1222 3867 cras
1252 3816 1301 3867 in
1343 3814 1611 3867 clibanum

38 3882 299 3954 n1_itt_itu_r.
342 3882 481 3935 Deus
509 3884 587 3936 sic
618 3882 794 3937 vestit.
826 3895 1026 3954 quanto
1054 3885 1221 3951 magis
1251 3899 1343 3938 vos
1377 3883 1615 3936 modicae

41 3950 189 4025 lidei.
224 3950 294 4025 Et
316 3966 412 4025 vos
457 3954 622 4007 nolite
661 3950 921 4022 quaerere
963 3954 1119 4025 quid
1144 3950 1493 4025 manducetis.
1526 3963 1616 4025 aut

44 4023 168 4092 quid
227 4021 419 4077 bibatis
460 4036 632 4093 neque
676 4021 888 4080 Solliciti
937 4021 1076 4088 esse.
1107 4023 1240 4078 haec
1266 4024 1406 4078 enim
1438 4023 1612 4075 omnia

1721 3404 1911 3462 gentes
1938 3392 2095 3458 hujus
2122 3392 2305 3446 mundi
2332 3393 2615 3463 requirunt
2642 3392 2755 3450 Scit
2781 3403 2960 3450 autem
2994 3394 3150 3450 Pater
3172 3411 3291 3451 ves-

1717 3472 1801 3516 tcr
1846 3463 2095 3534 quoniam
2145 3463 2395 3534 omnibus
2420 3464 2504 3534 his
2562 3464 2829 3534 indigetis.
2892 3465 3289 3522 Verumtamen.

1716 3532 1957 3601 quaerite
1984 3531 2055 3602 (ε)
2081 3546 2299 3601 regnum
2328 3533 2420 3586 Dei
2452 3532 2513 3602 1-.
2551 3542 2607 3587 et
2634 3531 2763 3587 haec
2792 3537 2970 3589 omnia
3001 3537 3295 3592 adicientur

1716 3603 1889 3655 vobis.
1920 3601 2035 3655 Neti
2066 3601 2256 3655 timere
2290 3601 2513 3668 pusillus
2534 3618 2683 3671 grex.
2718 3606 2839 3669 quia
2866 3606 3163 3672 conplacnit
3196 3607 3292 3660 Pa-

1721 3672 1787 3726 tri
1806 3682 1985 3725 vestro
2015 3672 2140 3726 dare
2168 3672 2318 3725 vobis
2350 3687 2590 3742 regnum.
2626 3673 2848 3734 ,Vendite
2892 3688 3027 3742 quae
3057 3676 3293 3741 posside-

1719 3744 1806 3797 tis.
1822 3742 2013 3796 etdate
2042 3743 2423 3813 elemOsynam.
2444 3741 2623 3797 Facite
2644 3744 2797 3813 vobis
2818 3741 3060 3797 Saccuios
3081 3745 3169 3812 qui
3184 3760 3289 3799 non

1722 3822 2084 3867 veterescunt.
2112 3811 2454 3867 thensaurum
2496 3828 2600 3867 non
2640 3811 2975 3867 deiicientem
3018 3813 3069 3869 in
3104 3811 3287 3869 caelis.

1720 3899 1826 3953 quo
1850 3882 1936 3937 fur
1962 3900 2064 3937 non
2094 3885 2397 3952 adpropiat.
2440 3899 2613 3953 neque
2654 3887 2795 3937 tinea
2835 3885 3149 3952 corrumpit.
3185 3885 3285 3940 Ubi

1721 3954 1862 4009 enim
1877 3965 1956 4008 cst
1977 3954 2291 4008 thensaurus
2314 3965 2510 4007 veSIer.
2532 3954 2601 4008 ibi
2620 3956 2783 4009 eritet
2800 3968 2892 4008 cor
2903 3967 3157 4007 vestrum.
3174 3955 3291 4009 Sint

1722 4034 1898 4077 autem
1924 4024 2086 4077 lumbi
2110 4026 2269 4078 vestri
2295 4026 2580 4092 praecincti
2605 4032 2659 4079 ct
2680 4025 2929 4079 lucernae
2946 4023 3212 4079 ardentes.
3238 4036 3293 4080 et

1278 4134 1507 4188 CUDEX
1545 4133 2008 4190 CURBEIENSIS.

112 4230 208 4288 26.
252 4229 471 4295 Omittit,
499 4229 555 4284 Si
585 4244 713 4299 ergo
738 4243 909 4297 neque
935 4226 1074 4295 quod
1107 4225 1381 4279 minimum
1409 4232 1493 4277 est
1522 4238 1616 4291 po-

45 4309 223 4424 tesﬁlils.’
254 4386 356 4423 non
408 4370 677 4426 laborant,
740 4380 843 4419 non
900 4374 1096 4431 neunt,
1148 4378 1319 4433 neque
1374 4372 1607 4416 texunt:

51 4440 171 4495 ideo
200 4440 320 4494 dico
348 4439 523 4500 vobis,
558 4437 830 4489 Salomon.

120 4510 210 4563 28.
250 4525 346 4563 vos
375 4507 627 4561 minimae
655 4505 796 4575 lidci.

1792 4224 1881 4279 29.
1924 4228 2165 4295 aut,quid
2191 4228 2383 4283 bibatis
2414 4246 2427 4283 :
2460 4229 2623 4284 nolite
2655 4232 2867 4287 solliciti
2898 4249 3039 4289 esse.

1924 4295 2052 4350 haec
2075 4299 2214 4375 enim
2239 4308 2424 4365 gentes
2442 4300 2605 4375 hujus
2631 4304 2813 4357 tnundi
2852 4305 3147 4375 inquirunt.

1788 4366 1876 4458 ﬂ.
1920 4367 2160 4458 quaerite
2187 4384 2416 4458 regnum.
2441 4366 2566 4438 Dei,
2598 4375 2783 4458 omisso
2807 4375 2828 4405 ⁸
2862 4366 3117 4458 primum.
3146 4379 3186 4450 1-

1786 4437 1878 4492 55.
1920 4439 2036 4492 Sint
2059 4448 2235 4495 autem
2258 4440 2420 4496 lumbi
2450 4446 2619 4498 vestri
2646 4437 2899 4501 adcincti.

1273 4596 1660 4653 VARIANTES
1696 4594 1984 4652 LECTION
1994 4594 2095 4652 ES.

116 4694 289 4764 illim.
316 4689 499 4764 estolli.
525 4688 849 4764 .iI’ng‘Jolli.“
927 4754 968 4764 η
1010 4749 1051 4764 ,ί
1088 4752 1133 4764 μ
1188 4754 1198 4763 _
1251 4753 1281 4764 υ

118 4756 138 4783 ²
172 4754 291 4801 Mm.
316 4752 389 4815 bis
408 4749 909 4815 omnibus’indigetis.
927 4749 1070 4815 Vulg.
1088 4752 1164 4800 bis
1186 4753 1432 4815 indigetis.

117 4815 137 4845 ³
171 4815 289 4875 alni.
312 4811 545 4875 Quaerite
579 4811 783 4875 regnum
820 4811 1065 4875 DeitGa't.
1237 4811 1359 4863 Dei:
1389 4823 1441 4864 et
1475 4815 1616 4864 haec.

58 4876 207 4987 {aug}.
227 4873 457 4933 Quaerite
476 4873 680 4937 primum
702 4887 908 4936 regnum
925 4874 1040 4934 Dei,
1066 4882 1117 4924 et
1138 4875 1371 4935 justitiam
1396 4876 1533 4938 ,ejus.
1559 4876 1621 4927 Et

122 4954 148 4988 e
179 4972 191 4984 .

1784 4690 1806 4722 ⁸
1841 4689 1997 4762 (ξᾳιηει
2023 4693 2138 4762 litin.
2163 4693 2239 4741 cui
2263 4692 2545 4755 complacuit
2560 4693 2695 4745 Patri
2717 4707 2843 4744 meo.
2874 4693 3016 4762 Vulg.
3034 4699 3145 4760 quia
3164 4712 3291 4748 com-

1724 4751 1905 4814 placuit
1925 4751 2054 4802 Patri
2082 4761 2260 4802 vestro.

1781 4815 1803 4847 υ
1839 4814 1943 4864 Gut.
1972 4815 2217 4875 ardentes,
2243 4819 2294 4865 et
2316 4827 2417 4863 vos.
2446 4814 2590 4879 Vulg.
2615 4816 2845 4867 ardentes
2883 4819 2931 4868 in
2961 4822 3181 4872 manibus
3203 4835 3289 4875 ve-

1722 4880 1865 4995 su‘llsi
1879 4938 2020 4987 Deest
2043 4938 2245 4998 primum
2267 4933 2319 4985 in
2340 4939 2457 4986 Mm.
2482 4944 2529 4987 et
2552 4938 2681 5003 Gal.)

736 5051 1027 5094 LECTIONES
1050 5052 1248 5092 CODICIS
1273 5053 1674 5094 VINDEBONENSIS
1702 5053 1970 5095 ABEUNTES
1989 5054 2053 5092 ΔΒ
2079 5053 2325 5093 EDITIONE
2350 5054 2613 5097 VULGATA.

120 5133 195 5184 25.
221 5130 470 5181 cubitum?
494 5128 553 5179 Et
567 5129 630 5179 de
647 5131 872 5189 caeteris,
896 5130 1008 5192 quid
1035 5129 1224 5180 Solliciti
1248 5126 1407 5178 estis?
1469 5131 1620 5179 27.n-

66 5196 125 5243 lia
144 5195 276 5254 agri:
302 5204 394 5240 non
418 5200 697 5242 crescunt...
722 5206 886 5254 neque
911 5201 1078 5254 neunt,
1106 5205 1265 5254 neque
1293 5199 1496 5254 texunt:
1512 5192 1621 5243 dico

963 5256 1032 5303 sic
1065 5252 1389 5302 vestiebatur.
1451 5252 1526 5302 28.
1570 5259 1619 5302 in

70 5331 177 5380 agro
199 5314 330 5366 est...
356 5316 568 5367 medione
603 5316 749 5368 ﬁdei?
811 5318 885 5367 29.
909 5316 1057 5366 nolite
1093 5314 1280 5365 solliciti
1320 5326 1449 5363 esse.
1484 5315 1620 5365 Haec

67 5257 209 5313 vobis,
246 5256 475 5316 quoniam,
505 5268 594 5305 nec
636 5255 917 5304 Salomon...

1725 5132 1852 5181 enim
1868 5135 2047 5193 gentes
2069 5128 2211 5190 hujus
2232 5131 2393 5193 mundi
2417 5141 2674 5193 quaerunt.
2695 5136 2797 5185 Scit
2818 5144 2981 5187 autem
3018 5139 3163 5188 Pater
3184 5136 3289 5189 ves-

1725 5200 1818 5242 ter.
1881 5191 1957 5239 51.
1983 5203 2189 5252 regnum
2230 5191 2324 5240 Dei
2354 5191 2444 5243 :et‘
2475 5194 2598 5243 haec
2634 5201 2789 5247 omnia
2827 5200 3093 5249 adiciuntur
3133 5204 3285 5250 vobis.

1722 5253 1884 5318 Nolite
1902 5253 2074 5300 timere
2097 5290 2110 5313 ,
2148 5253 2369 5318 pusillum
2392 5268 2618 5318 gregem.
2682 5259 2744 5310 55
2762 5261 2934 5311 date...
2962 5268 3283 5312 veterasceut.

1724 5317 1804 5369 35.
1849 5315 1946 5363 sint
1984 5320 2146 5362 autem
2188 5314 2337 5364 lumbi
2378 5314 2624 5369 a'rde'ntes.

1345 5418 1703 5475 BLANCHINI
1741 5419 1967 5477 ΝΟΤᾹΞ.

138 5520 208 5591 (a)
238 5520 366 5573 Post
390 5536 574 5585 unum,
599 5517 818 5591 decstsi
842 5531 1135 5591 ergoneque
1154 5513 1290 5587 quod
1318 5513 1579 5591 minimum
1605 5522 1708 5583 est,
1736 5516 1972 5591 potestis,
2014 5513 2195 5591 etiam
2215 5515 2267 5568 in
2296 5516 2421 5570 cod.
2446 5514 2597 5591 Cant.
2644 5517 2775 5591 ibid.
2806 5533 2922 5575 cum
2951 5521 3171 5585 eodem,
3200 5529 3283 5578 καὶ

77 5580 301 5663 περἴτῶν
319 5591 511 5646 λοιπῶν
540 5580 604 5645 ri.
646 5618 714 5627 ——
751 5586 823 5708 (b)
850 5580 1007 5642 Addit
1046 5580 1203 5652 neque
1242 5593 1444 5645 texunt,
1476 5586 1644 5653 etiam
1694 5580 1814 5641 cod.
1845 5587 1995 5663 Cant.
2025 5580 2141 5636 οὔτε
2170 5584 2381 5658 ὑφαίνει.
2434 5616 2489 5625 -
2528 5587 2598 5657 (c)
2629 5587 2785 5642 Addit
2825 5592 3087 5656 quoniam,
3120 5580 3277 5648 ciiam

80 5662 187 5708 rod-
214 5660 366 5708 Cant.
412 5658 509 5708 ὅτι.
541 5689 610 5700 --
636 5659 712 5708 (di
737 5656 797 5708 At
820 5656 892 5708 dit
922 5656 1143 5708 omnium
1163 5697 1177 5708 .
1208 5656 1365 5708 etiam
1401 5666 1541 5707 vers.
1582 5654 1813 5708 .‘Ethioo.
1846 5654 2097 5708 multtuue
2128 5656 2217 5707 alii
2246 5656 2365 5708 cod.
2410 5655 2584 5708 Grazci
2611 5660 2749 5708 apud
2797 5659 3039 5708 Millinm_
3068 5668 3277 5708 omnm-

80 5652 187 5715 co'd.
214 5660 366 5713 Cant.
412 5658 509 5715 ὅτι.
541 5689 610 5700 —
636 5659 712 5724 (ά)
736 5652 892 5711 Addit
922 5656 1143 5710 omnium
1163 5697 1177 5718 ,
1208 5656 1365 5709 etiam
1401 5652 1541 5707 vers.
1582 5654 1813 5725 .‘Ethiop.
1846 5652 2097 5725 multique
2128 5652 2221 5707 alii
2246 5656 2365 5710 cod.
2410 5652 2588 5711 Grazci
2611 5660 2749 5725 apud
2797 5652 3040 5721 Millinm,
3068 5652 3280 5718 conlur-

81 5728 489 5803 "manv-eme".
524 5741 576 5782 ει
603 5730 753 5803 Β...χῖ
775 5743 837 5803 φη
867 5726 1131 5803 Μτηίῂςιὶη,
1162 5755 1231 5803 ..__.
1260 5726 1332 5803 tr)
1366 5728 1497 5803 Ait-ts
1524 5724 1789 5803 ,τεςηωμ
1813 5724 2226 5803 ἀςθξιέρνὶυιηηι,
2254 5730 2453 5794 pariter
2488 5727 2539 5780 in
2570 5724 2675 5779 texi.
2704 5727 2794 5781 Gr.
2823 5729 2953 5783 Ibid.
2989 5732 3038 5785 in
3060 5734 3268 5803 eodem,

85 5811 188 5871 post
211 5797 330 5867 Dei,
370 5798 525 5856 deest
552 5810 597 5854 et
634 5800 879 5877 iustitium
916 5801 1056 5869 ejus,
1088 5808 1139 5851 ut
1178 5796 1230 5850 in
1266 5795 1488 5850 Ven-ccli.
1524 5792 1740 5862 Veron"
1769 5805 1823 5850 et
1851 5793 2110 5847 Brixiano.
2261 5792 2269 5794 ’
2316 5808 2317 5811 ‘
