3920 6406
499 446 728 504 CODEX
769 448 1304 506 VERCELLENSIS.

113 789 127 802 ο
210 789 227 803 ο
305 791 321 808 0
401 792 415 806 0
493 792 508 807 0
586 791 600 806 0
683 792 698 809 ο
775 794 792 821 ε
938 790 952 805 0
1031 790 1046 806 0
1125 794 1141 810 ο
1220 794 1233 805 0
1313 792 1328 806 0
1408 793 1424 810 ο
1503 793 1517 808 0
1597 794 1612 808 ο

914 1271 922 1278 ο

108 1427 124 1442 0
205 1425 225 1442 0
304 1425 320 1442 0
398 1426 412 1440 0
491 1427 504 1441 0
585 1423 597 1437 ο
677 1427 692 1441 0
773 1425 787 1439 ο
937 1425 954 1442 ο
1031 1423 1046 1438 0
1126 1427 1138 1440 0
1221 1426 1234 1438 ο
1315 1427 1327 1439 0
1409 1427 1422 1439 ι
1504 1426 1516 1438 0
1595 1425 1609 1441 ο

499 1615 507 1622 ο

109 2197 126 2212 0
210 2198 226 2213 0
305 2197 320 2213 0
401 2197 417 2213 0
496 2198 510 2212 0
590 2200 604 2212 0
682 2201 693 2212 ι
775 2197 790 2212 0
941 2201 954 2217 α
1034 2195 1048 2209 Ο
1128 2198 1143 2213 0
1220 2197 1236 2214 0
1281 2188 1290 2197 ’
1316 2201 1330 2213 0
1411 2199 1422 2210 α
1504 2199 1516 2212 0
1597 2202 1610 2214 ο

1126 2668 1139 2678 ε

112 3321 148 3335 ⁶“
208 3322 226 3338 ο
305 3323 322 3340 ο
399 3325 415 3340 ο
493 3324 603 3349 ο..
681 3325 696 3340 0
777 3324 792 3338 ο
941 3323 954 3336 0
1034 3321 1048 3336 0
1127 3322 1142 3337 0
1222 3323 1237 3338 0
1315 3319 1330 3336 0
1410 3322 1423 3336 0
1503 3321 1517 3335 0
1597 3322 1610 3336 0

1167 334 1602 393 EVANGELIUM
1643 338 2005 398 SECUNDUM
2046 337 2216 394 LUCA
2229 337 2294 390 Μ.

1624 2664 1631 2672 ·
1708 2661 1719 2699 τ
1784 2648 1875 2702 48.
1917 2650 2014 2713 Qui
2044 2657 2221 2703 autem

3255 339 3356 394 618

2209 442 2437 507 (JODEX
2476 451 2702 508 VERON
2712 451 2924 507 ENSIS.

2608 543 2695 597 49.
2730 543 2978 607 Nescitis,
3012 558 3142 610 quo-

2606 616 2750 667 niam
2788 614 2961 681 ignem

2606 685 2724 737 veni
2752 687 2916 736 mitth
2933 699 2963 738 c

2609 755 2660 806 in
2696 767 2913 807 terram:

2609 832 2662 876 et
2691 824 2813 892 quid
2846 825 2989 889 volo,

2610 893 2630 922 ³
2659 895 2702 946 si
2735 894 2997 948 accenda-

2609 965 2729 1017 tur?

2609 1034 2694 1087 50.
2731 1034 2801 1103 (b)
2834 1035 2855 1064 ‘
2887 1034 3154 1101 Baptisma
3177 1035 3215 1101 -ί-

1786 564 1905 613 suo,
1934 548 2146 602 dicens;

1785 619 1981 672 Moram
2015 616 2143 669 facit

1788 689 2043 741 Dominus
2072 701 2222 739 meus

1786 759 2001 813 venire:
2034 765 2088 810 et

1786 827 2022 896 coeperit
2047 840 2166 894 per-

1787 909 1967 952 cutere
1995 909 2210 964 pueros,

1786 979 1837 1022 et
1867 967 2111 1032 ancillas,

1787 1048 1841 1092 et
1865 1037 2043 1103 edere,
2078 1046 2131 1091 et

1786 1108 1993 1172 bibere,
2022 1115 2076 1160 et
2608 1113 2784 1157 autem
2817 1105 2985 1158 habeo

1785 1177 2059 1240 inebriari;
2609 1174 2890 1242 baptizari;

1785 1247 1874 1301 46.
1908 1248 2106 1301 veniet.
2150 1285 2164 1299 .
2207 1289 2222 1303 .
2269 1288 2281 1300 .
2331 1287 2342 1299 .
2389 1283 2401 1298 .
2608 1254 2662 1297 et
2694 1243 2960 1308 quomodo

1786 1318 1929 1371 servi
1954 1318 2094 1370 illius
2609 1316 2819 1380 turbor,

1786 1387 1838 1441 in
1868 1388 1976 1450 die,
2012 1401 2115 1456 qua
2607 1400 2777 1456 usuue

1786 1472 1891 1512 non
1923 1455 2121 1526 Sperat.
2607 1455 2731 1508 dum
2765 1455 3007 1523 perlicia—
3067 1465 3097 1477 "

2613 1526 2731 1576 tur?

1785 1537 1838 1582 et
1867 1529 2016 1608 hora,
2048 1527 2062 1557 ³
2095 1541 2196 1611 qua

1786 1605 1988 1663 nescit;
2017 1605 2073 1652 et

1786 1668 1989 1722 dividet
2010 1681 2156 1730 eum,

2744 1594 2970 1659 Putatis,
3002 1611 3133 1663 quo-

2614 1681 2644 1716 1]
2654 1680 2753 1717 18111
2786 1680 2968 1733 ρπονιη

1789 1748 2100 1807 partemque
2613 1738 2730 1807 veni
2762 1735 2780 1762 ⁵
2807 1737 3019 1807 mittere

1791 1805 1907 1877 ejus
1932 1805 2050 1862 cum
2614 1805 2666 1877 in
2701 1805 2933 1877 terram?

1791 1874 2094 1941 inﬁdelibus
2615 1874 2752 1938 Non,
2782 1875 2901 1928 dico

1791 1959 1974 2016 ponet.
2617 1947 2772 1998 vobis
2804 1961 2817 2007 ;
2842 1945 2934 1998 sed
2965 1961 3054 2000 se-

1790 2017 1879 2073 47.
1923 2019 2014 2073 Ille
2030 2031 2238 2082 servm,
2617 2019 2970 2084 partitionem.

1907 2062 2158 2158 cognovit
2224 2062 2238 2082 ν
2617 2062 2706 2139 gi.
2752 2087 2915 2158 Erunt
2943 2088 3085 2140 enini

1793 2156 2002 2214 Domini
2035 2161 2118 2214 sui
2617 2160 2848 2224 quinque
2871 2156 2925 2210 in

1793 2233 2143 2295 voluntatem,
2617 2225 2779 2280 domo
2813 2242 2912 2280 una

1788 2309 1842 2353 et
1863 2317 1968 2354 non
1999 2300 2075 2370 (a)
2101 2315 2193 2369 pa-
2617 2295 2771 2370 divisi
2801 2313 2814 2360 ;
2843 2307 2952 2350 tres

1787 2367 2064 2439 raverit-i?
2102 2367 2119 2369 “
2617 2367 2668 2439 in
2702 2367 2828 2439 dim,
2859 2379 2914 2421 et

1788 2440 1852 2493 'd
1895 2436 2223 2495 voluntatem
2616 2436 2722 2490 duo
2750 2438 2798 2489 in
2828 2446 2938 2490 tres

1787 2509 1988 2580 eiusa.
2033 2548 2046 2562 .
2093 2549 2106 2562 .
2152 2549 2166 2564 .
2210 2549 2224 2562 .
2272 2551 2284 2563 .
2316 2541 2334 2552 -
2615 2506 2957 2580 dividentur;

1785 2577 1862 2633 vit
1888 2581 1908 2610 '
1937 2580 2064 2633 mul.
2111 2618 2124 2631 .
2172 2619 2184 2632 .
2218 2587 2259 2621 τ’
2614 2586 2786 2629 mater
2815 2577 2865 2628 in

2615 2644 2747 2708 filia,
2778 2654 2831 2698 et
2858 2646 2962 2698 lilia

2613 2715 2665 2767 in
2695 2726 2920 2770 matrem
2957 2732 2971 2767 ;

2616 2787 2704 2839 55.
2750 2798 2898 2854 paler
2928 2786 2980 2842 in
3010 2787 3074 2839 li-

2612 2856 2765 2919 lium,
2798 2866 2854 2912 et
2879 2857 2939 2910 li-

1784 2734 1890 2773 non
1922 2719 2124 2784 sciens,
2155 2718 2228 2772 fe-

1784 2789 1938 2854 cerit,
1959 2789 2227 2859 vapulavit

1785 2874 2003 2928 paucas.

1784 2926 1938 2986 Omni
1967 2940 2167 2994 autem,
2611 2926 2714 2980 lius
2742 2927 2796 2980 in

1786 3001 1870 3056 cui
1893 3002 2117 3055 multum
2609 3006 2817 3066 patrem

1785 3070 1964 3125 datum
1997 3072 2178 3136 fuerit,
2609 3083 2765 3121 suum
2795 3066 2929 3121 divi-

2611 3138 2796 3192 detur:
2825 3152 3014 3192 socrus

2609 3208 2664 3262 in
2690 3223 2944 3275 sponsam

2613 3294 2786 3347 suam,
2818 3288 2872 3332 et

2612 3362 2806 3416 Sponsa
2841 3347 2891 3401 in

2614 3433 2825 3472 SOCl’llm
2858 3433 3029 3472 suam.

2615 3488 2704 3542 54.
2745 3487 2968 3543 Dicebat
2993 3503 3087 3542 au-

1787 3143 2011 3196 multum
2038 3156 2200 3212 quae-

1786 3221 1934 3268 retur
1954 3214 2022 3266 ab
2041 3229 2108 3266 eo
2129 3229 2141 3264 :

1785 3290 1838 3336 et
1866 3284 1954 3336 cui
1979 3297 2130 3336 com-

1786 3351 2127 3406 mendaverit

1784 3424 2032 3485 multum,
2057 3423 2176 3488 plus

1792 3499 1935 3559 petet
1964 3489 2031 3544 ab
2051 3504 2135 3545 eo.

1409 3597 1637 3654 CODEX
1672 3599 2068 3658 BBIXIANUS.

105 3689 262 3754 Quod
294 3689 338 3744 si
356 3689 551 3745 dixerit
585 3705 772 3746 servus
803 3690 892 3745 ille
924 3692 974 3744 in
1002 3689 1161 3746 corde
1186 3705 1283 3745 suo
1307 3690 1504 3744 Moram
1548 3690 1672 3744 facit

106 3761 368 3815 Dominus
399 3775 548 3814 meus
577 3762 783 3816 venire.
814 3771 869 3815 et
913 3761 1128 3830 incipiat
1170 3772 1447 3830 percutere
1486 3776 1672 3815 servos

105 3842 160 3884 et
187 3832 428 3884 ancillas.
454 3840 508 3886 et
535 3833 815 3886 comedere
837 3841 890 3886 et
918 3832 1098 3886 bibere
1126 3841 1179 3887 et
1200 3833 1472 3887 inebriari.
1496 3832 1674 3899 veniet

106 3900 532 3972 Dominusservi
559 3902 698 3955 illius
726 3903 777 3956 in
812 3902 896 3956 die
941 3919 1041 3972 qua
1070 3917 1174 3956 non
1215 3913 1412 3971 sperat.
1456 3911 1506 3956 et
1541 3902 1670 3954 hora

103 3987 205 4042 qua
239 3970 429 4025 nescit.
463 3982 515 4026 et
543 3972 744 4026 dividet
772 3989 916 4027 eum.
952 3970 1256 4042 partemque
1295 3973 1410 4040 ejus
1440 3972 1558 4025 Cum
1593 3974 1671 4023 in-

105 4040 350 4095 ﬁdelibus
384 4043 547 4109 punit.
598 4043 691 4097 llle
745 4057 922 4097 autem
953 4040 1151 4096 servus
1175 4040 1263 4109 qui
1306 4041 1551 4109 cognovit
1583 4055 1674 4092 vo-

102 4112 364 4167 luntatem
404 4113 606 4166 Do:uiiii
634 4115 712 4168 sui
745 4125 798 4166 et
825 4130 928 4166 non
954 4115 1290 4181 praeparavit
1315 4126 1410 4163 nec
1437 4112 1557 4181 iecit
1577 4123 1667 4162 sc-

101 4182 335 4236 cunduni
365 4187 688 4238 voluntatem
716 4183 848 4252 ejus.
885 4180 1149 4249 vapulavit
1179 4182 1377 4252 multis.
1426 4180 1523 4245 Qui
1547 4193 1660 4252 au;

103 4262 212 4306 tem
262 4270 366 4307 non
397 4255 644 4322 cognovit
692 4248 757 4306 et
792 4248 1139 4322 fecit._’digna
1195 4250 1359 4318 plagis
1404 4248 1672 4322 vapulavit

101 4326 290 4387 paucis
315 4319 694 4378 Omni'autem.
725 4323 808 4376 cui
840 4320 1063 4374 multum
1104 4320 1282 4372 datum
1309 4327 1410 4371 est.
1445 4319 1668 4370 multum

103 4392 402 4460 inquiretur
428 4392 495 4444 ab
531 4406 617 4445 eo.
669 4401 721 4444 et
767 4391 852 4444 cui
893 4389 1404 4445 commendaveruut
1444 4389 1666 4441 multum

99 4463 332 4533 amplius
358 4471 537 4532 petent
565 4461 631 4515 ab
661 4475 744 4515 eo.
1422 4466 1424 4468 '

170 4644 264 4702 45.
305 4636 622 4716 percutere‘
651 4663 872 4717 pueros,
897 4656 951 4702 et
975 4647 1210 4702 ancillas.
1241 4646 1282 4717 -ι-

171 4717 262 4769 47.
290 4727 358 4788 μαι
403 4719 424 4750 '
455 4733 559 4772 non
610 4720 945 4788 praeparavit
1001 4718 1292 4788 secundum
1338 4717 1662 4771 voluntatem

99 4787 241 4857 ejus.
276 4785 471 4857 Omittit
501 4785 656 4856 usque
679 4785 774 4850 adi,
807 4788 1075 4857 vapulabit
1105 4787 1307 4856 paucis.

169 4855 261 4911 49.
302 4852 710 4928 Nescitis,'quia
755 4852 928 4928 igneiu
974 4852 1371 4919 veni'mittere.
1398 4865 1505 4912 etc.
1537 4852 1664 4924 quid

1845 3693 2024 3760 Ignem
2051 3691 2170 3745 veni
2202 3691 2414 3746 mittere
2446 3692 2499 3744 in
2528 3699 2746 3746 terram.
2793 3700 2844 3744 et
2874 3691 3000 3760 quid
3032 3692 3150 3744 volo
3184 3703 3236 3746 ut
3266 3709 3357 3748 ac-

1777 3763 2056 3834 cendatur.
2083 3764 2154 3833 (b)
2189 3763 2458 3831 Baptisma
2495 3761 2535 3831 τ·
2565 3769 2741 3834 autem
2780 3761 2951 3815 haben
2980 3762 3260 3834 baptizari.
3305 3773 3360 3818 et

1778 3831 2048 3902 quomodo
2092 3831 2347 3887 eoharlor
2386 3836 2558 3886 donec
2602 3831 2926 3902 perficiatur.
2977 3831 3198 3884 Putatis.
3232 3837 3352 3899 quia

1779 3901 1960 3971 paceni
1994 3905 2110 3957 veni
2151 3905 2200 3956 in
2237 3915 2428 3956 terram
2460 3905 2585 3954 dare
2631 3901 2744 3954 Non
2776 3901 2895 3954 dico
2929 3903 3098 3954 vobis.
3144 3904 3234 3954 scd
3264 3920 3354 3957 se-

1779 3976 2130 4041 paraliuiiem.
2182 3973 2349 4026 Erunt
2392 3975 2537 4025 eiiim
2567 3986 2631 4025 ex
2665 3972 2783 4024 hoc.
2827 3971 3064 4038 quinque
3109 3972 3159 4023 in
3192 3983 3352 4026 dumo

1782 4060 1880 4094 una
1914 4044 2066 4095 divisi
2114 4053 2238 4095 tres.
2292 4044 2572 4094 adversum
2620 4042 2772 4092 duos.
2824 4049 2877 4092 et
2917 4041 3022 4092 duo
3068 4042 3346 4097 adverunn

1777 4119 1882 4164 tres
1910 4113 2230 4164 dividentur.
2266 4123 2416 4178 pater
2437 4110 2692 4162 adversus
2716 4108 2899 4161 lilium.
2929 4119 2979 4162 et
3005 4111 3141 4162 lilins
3165 4115 3352 4167 adver-

1775 4195 1868 4233 sus
1899 4193 2100 4246 patrem
2129 4196 2304 4233 suum.
2337 4189 2503 4232 mater
2530 4181 2784 4231 adversus
2815 4179 2994 4232 tiliam.
3030 4192 3082 4232 et
3107 4181 3206 4235 filia
3249 4187 3347 4238 ad-

1777 4263 1966 4303 versus
1994 4261 2214 4303 matrem
2248 4265 2419 4303 suam.
2452 4263 2637 4302 socrus
2666 4250 2922 4301 adversus
2953 4266 3139 4305 nurum
3172 4268 3344 4309 suam.

1776 4330 1826 4372 et
1857 4336 2020 4374 nurus
2049 4319 2309 4374 adversus
2335 4335 2544 4374 socrum
2565 4333 2735 4373 suam.
2765 4318 2981 4374 Dicebat
3001 4336 3094 4374 au-

1363 4551 1589 4610 CODEX
1625 4541 2080 4606 CORBEIENSIS.

1770 4639 1893 4693 volo
1912 4678 1925 4702 ,
1969 4637 2014 4690 si
2043 4633 2398 4688 accendatur?

1836 4699 1923 4764 50.
1967 4707 2237 4773 Baptisma
2271 4703 2440 4756 habeo
2472 4699 2765 4770 baptizari;
2815 4710 2868 4754 et
2912 4703 3177 4770 quomodo
3224 4713 3332 4759 tur-

1767 4780 1885 4842 bor,
1919 4792 2084 4845 usque
2107 4780 2230 4845 dum
2272 4773 2594 4845 perﬁciatur.

1837 4839 1925 4904 52.
1968 4839 2019 4899 in
2054 4859 2152 4897 una
2184 4839 2375 4902 domo,
2403 4853 2454 4894 et
2487 4840 2592 4894 duo
2621 4841 2672 4893 in
2704 4849 2811 4894 tres
2835 4839 3154 4897 dividentur.

1321 4944 1709 5004 VARIANTES
1745 4936 2137 4998 LECTIONES.

159 5043 177 5073 ί
344 5047 390 5091 et
409 5041 915 5114 umnquajgnorat...
950 5055 1060 5092 cum
1082 5041 1357 5106 hypocritis.
1390 5035 1530 5103 Vulg.
1564 5050 1658 5100 qua

99 5104 318 5153 nescit...
343 5117 451 5153 cum
473 5102 746 5152 inﬁdelibus
1115 5102 1151 5106 ”

161 5165 182 5238 ξ
217 5167 337 5238 ἔξω.
361 5171 406 5237 et
426 5165 530 5237 ραι.
557 5164 779 5238 multum;
806 5162 948 5238 Kuig.
973 5166 1151 5238 multis.

160 5226 182 5258 ³
215 5226 322 5276 ϐαι.
351 5227 438 5274 nisi
456 5226 779 5276 accendatur?
809 5224 927 5292 Vulg
969 5231 1056 5277 nisi
1083 5234 1134 5274 ut
1158 5224 1476 5292 accendatur?

1789 5023 1846 5070 ει
1879 5029 1980 5077 Gat.
2009 5025 2249 5085 Baptisma
2275 5031 2453 5072 autem.
2478 5022 2884 5086 Fulg.ABaptismo
2907 5034 3087 5077 autem.

1825 5093 1846 5152 φ
1881 5089 1980 5152 Gut.
2010 5085 2518 5152 iiiittererinterram?
2550 5084 2693 5152 Vulg.
2717 5088 2833 5136 dare
2858 5091 2908 5136 in
2934 5092 3149 5141 terram?

1827 5151 1938 5197 ο-ει
1960 5149 2024 5195 ita
2049 5146 2150 5193 Gut.
2176 5151 2218 5193 et
2243 5147 2361 5195 Mm.

1827 5213 1846 5242 τ
1885 5212 2000 5258 Mm.
2029 5221 2121 5254 non
2147 5206 2256 5254 facit
2279 5207 2559 5256 secundum.
2590 5244 2615 5257 η.

762 5330 1050 5369 ιεῦτιοκεε
1083 5331 1283 5371 CODICIS
1305 5321 1703 5367 \‘lNDEBONENSIS
1733 5315 1995 5360 ABEUNTES
2019 5312 2081 5350 ΑΒ
2114 5313 2360 5351 εῡιτιυΝΕ
2386 5314 2642 5352 γυιςΑτΑ.

157 5409 218 5460 45
257 5410 457 5459 dicens:
490 5406 683 5470 Moram
709 5407 821 5470 facit
863 5408 1095 5470 Dominus
1131 5407 1360 5470 venire.._.
1389 5415 1584 5466 pueros,
1611 5406 1664 5450 et

96 5471 309 5530 ancillas,
335 5477 389 5518 et
411 5469 561 5518 edere
578 5506 591 5529 ,
615 5466 683 5517 et
703 5468 893 5530 bibere.
956 5469 1032 5517 46.
1082 5468 1229 5530 ponit.
1295 5466 1373 5514 ιγ.
1400 5479 1499 5530 non
1526 5474 1661 5521 prae-

99 5535 278 5592 paravit
295 5526 904 5592 secundum;..__vapulavit
933 5526 1108 5592 multis“.
1174 5526 1250 5592 ιδ.
1288 5527 1526 5592 vapulavit
1552 5535 1660 5592 pau-

245 5581 477 5654 repetent
514 5590 574 5640 ab
619 5581 736 5639 illo.‘
779 5591 856 5641 49.
881 5589 994 5652 quid
1019 5589 1160 5650 volo,
1199 5590 1240 5636 si
1280 5581 1600 5635 accendatur?

1767 5396 1842 5448 50.
1867 5391 2106 5451 Baptisma
2128 5389 2282 5438 habeo
2310 5389 2638 5450 baptizari.....
2662 5388 2845 5448 turbor,
2871 5403 3024 5451 usque
3047 5393 3173 5440 dum.
3239 5396 3319 5446 51.

1768 5456 1978 5513 Putatis,
2001 5451 2150 5513 quod.»
2217 5453 2291 5500 52.
2322 5459 2424 5499 tres
2446 5451 2491 5497 iu
2522 5451 2631 5499 duo.
2701 5453 2776 5499 53.
2806 5459 2940 5510 pater
2967 5453 3011 5497 in
3051 5452 3243 5501 (ilius...
3273 5460 3320 5505 in

1767 5511 1949 5589 patrem
1966 5511 2116 5589 suurn
2126 5511 2593 5589 dividetur...socrus
2612 5515 2660 5559 in
2678 5524 2894 5572 Sponsam
2916 5524 3069 5574 suam,
3086 5522 3132 5562 et
3147 5528 3319 5577 Sponsa

1767 5585 1815 5628 in
1833 5587 2014 5626 socrum
2035 5585 2187 5626 suam.

1386 5659 1745 5719 BLANCHINI
1783 5653 2006 5712 NOTAE.

169 5763 243 5838 (α)
274 5763 406 5823 Post
433 5763 712 5836 paraverit,
739 5763 890 5818 deest
927 5776 1084 5832 neque
1115 5759 1265 5831 fecit,
1295 5772 1418 5818 cum
1462 5755 1584 5827 Syr.
1619 5782 1689 5794 —
1713 5749 1788 5822 (b)
1825 5747 1896 5802 ιιει
1924 5755 1979 5801 ει
2005 5752 2117 5799 ῑει·
2142 5742 2237 5799 δι’·
2266 5746 2554 5815 Βάπτισμαο

535 5855 804 5917 Ρηιιοι..
853 5851 995 5914 ΧΠ.

2962 5835 3043 5896 20
