3920 6420
175 339 282 398 625
1221 341 1668 401 EVANGELIUM
1707 339 2074 400 SECUNDUM
2115 343 2369 402 LUCAM.

568 456 803 517 CODEX
832 456 1368 516 VERCELLENSIS.
2285 458 2511 516 CODEX
2554 461 3007 522 VERONENSIS.

174 547 269 604 24.
304 546 424 603 los:
462 546 661 605 Intrate
1011 566 1108 606 vos
1133 559 1314 623 autem
1861 546 1953 602 24.
1996 547 2315 623 Contendite
2339 552 2420 606 in-
2685 564 2875 609 euntes
2907 557 2957 609 in
2986 570 3072 616 ree

176 634 278 687 per
304 633 502 694 angtts-
1009 623 1182 694 proic_i
1203 620 1355 694 foris.
1863 629 2007 674 trare
2043 634 2137 688 per
2158 620 2256 674 ati-
2685 640 2789 694 gno
2819 627 2944 690 Dei,
2978 640 3074 680 vos

175 697 291 743 tum
322 690 521 766 ostium
541 705 568 766 ;_
1010 690 1101 766 29.
1120 691 1212 766 AE‘t
1237 693 1452 746 venient
1861 697 2075 766 gustant
2084 699 2306 766 portam
2327 709 2343 757 ;
2686 690 2862 766 autem
2899 695 3101 766 expelli

176 758 434 828 quoniam
461 761 598 814 mul-
1010 764 1079 818 ab
1107 763 1348 828 Oriente,
1861 758 1986 828 quia
2005 801 2020 821 .
2043 760 2163 816 dico
2189 761 2360 826 vobis,
2684 764 2779 820 29.
2821 758 2988 820 foras:
3024 768 3088 820 Et
3114 782 3207 822 ve-

178 833 243 895 ti,
273 830 396 884 dico
416 830 594 896 vobis,
1007 845 1062 889 et
1081 832 1342 889 Occiden-
1861 831 2015 886 multi
2043 840 2327 900 quaerent,
2683 837 2836 890 nient
2859 836 2925 890 ab
2946 836 3136 892 Orien-

177 910 472 970 quaerent,
1008 915 1082 970 te,
1106 913 1161 959 et
1188 905 1254 956 ab
1273 905 1439 974 Aqui-
1860 911 1916 958 et
1939 917 2044 956 non
2077 917 2171 972 po-
2686 915 2741 962 ιε
2759 948 2777 974 ν
2805 917 2858 962 ει
2881 905 3036 962 θερί-

3341 357 3445 412 626

1047 694 1101 748 9.
1144 691 1212 747 Et
1237 693 1452 746 venient

1010 764 1079 818 ah
1107 763 1348 828 Oriente,

1007 845 1062 889 et
1081 832 1342 889 Occiden-

1008 915 1082 970 te,
1106 913 1161 959 et
1188 904 1254 956 ab
1279 902 1439 971 Aqui-

177 986 284 1027 nec
313 981 568 1039 poterunt
1011 976 1155 1041 Ione,
1181 981 1236 1027 et
1256 972 1393 1027 Auso
1858 981 2059 1042 terunt.
2685 972 2875 1042 dente,
2910 984 2967 1032 et

178 1042 426 1116 introire.
1010 1055 1126 1108 tro;
1158 1052 1213 1116 et
1239 1043 1475 1097 discum-
1860 1042 1951 1097 25.
1995 1041 2071 1114 (a)
2114 1044 2190 1116 Eg
2222 1059 2329 1115 quo
2355 1059 2475 1101 sur-
2689 1048 2983 1116 Aquilone,
3009 1056 3066 1105 et

176 1112 271 1187 25.
313 1112 447 1187 Cum
476 1122 655 1170 autem
1003 1117 1137 1171 bent
1162 1115 1214 1167 in
1241 1129 1366 1187 [εει
1389 1182 1428 1187 _
1861 1112 2069 1187 rexerit,
2095 1115 2134 1187 ’ζ-
2163 1112 2264 1170 Pal
2688 1112 2918 1184 Austro;
2951 1112 3006 1173 et

119 1206 122 1208 ν
179 1184 465 1240 intraverit
1003 1188 1096 1242 50.
1140 1199 1210 1238 no
1241 1183 1359 1238 Dei.
1389 1182 1460 1238 Et
1483 1197 1572 1239 ec-
1862 1182 2210 1254 terfamili'as,
2691 1182 3003 1244 recumbent
3030 1188 3083 1243 in

178 1254 496 1328 Paterfami-
520 1325 531 1328 _
1005 1272 1068 1312 ce
1091 1262 1215 1328 sunt
1239 1271 1355 1328 no-_
1861 1264 1916 1308 et
1939 1256 2158 1328 cluserit
2688 1275 2855 1328 regno
2885 1258 2999 1314 Dei.

180 1325 306 1391 lias,
337 1335 393 1382 et
415 1325 598 1380 adciti-

178 1398 316 1452 serit
339 1397 534 1450 ostium
560 1437 577 1461 ,

179 1475 238 1538 et
269 1466 538 1538 incipietis

178 1537 312 1591 foris
338 1548 504 1599 stare,

1007 1326 1211 1380 vissimi
1224 1365 1238 1388 ,
1269 1325 1360 1393 qui

1008 1405 1166 1452 erunt
1198 1395 1352 1462 primi
1371 1412 1386 1458 ;

1009 1477 1064 1523 et
1093 1474 1221 1521 sunt
1251 1465 1429 1535 primi,

1010 1539 1099 1610 qui
1127 1539 1345 1610 luerunt

1861 1327 2055 1379 ostium
2073 1368 2088 1390 ,
2119 1336 2175 1381 et

1862 1395 2130 1465 incipietis
2171 1397 2300 1453 foris

1861 1475 2036 1541 stare,
2067 1466 2157 1541 (ὁ)
2172 1481 2228 1523 et
2252 1469 2370 1538 pul-

1861 1549 1984 1591 sare
2011 1537 2084 1608 1',
2111 1537 2292 1608 dicen-

2687 1331 2776 1385 30.
2818 1329 2884 1384 Et
2913 1345 3040 1384 ecce
3067 1338 3193 1384 sunt

2688 1400 2996 1466 novissimi,
3029 1401 3121 1471 qui

2689 1484 2847 1526 erunt
2875 1471 3065 1543 primi;

2691 1552 2745 1596 et
2774 1542 2898 1596 sunt
2928 1542 3117 1610 primi,

182 1606 745 1682 dicentes_:.Domine,
1009 1606 1317 1682 novissimi.
1385 1675 1418 1682 __
1861 1615 1942 1682 tes
1969 1625 1981 1662 :
2015 1606 2099 1682 (ei
2121 1607 2228 1663 Do-
2689 1612 2781 1682 qui
2806 1606 2968 1668 erunt
2997 1626 3093 1667 no-

182 1677 333 1746 aperi
360 1675 558 1732 nobis:
1009 1679 1098 1735 51.
1141 1678 1340 1733 Eadem
1367 1675 1454 1732 die
1478 1690 1568 1732 ac—
1861 1675 2038 1744 mine,
2072 1675 2253 1734 Domi-
2691 1675 2924 1742 vissimi.

179 1755 238 1823 et
267 1761 492 1823 respon-
1008 1757 1307 1823 cesserunt
1863 1750 2022 1823 nej,
2054 1750 2200 1817 aperi
2691 1754 2781 1808 51.
2822 1753 2876 1807 In
2905 1754 3018 1823 ipsa
3046 1769 3140 1810 au-

180 1818 340 1891 dens,
366 1817 555 1876 dicet:
1009 1821 1225 1891 quidam
1253 1818 1391 1874 Plta-
1865 1819 2059 1891 nobis:
2090 1828 2145 1874 et
2178 1837 2264 1876 re-
2692 1834 2797 1879 tem
2829 1817 3035 1879 dic'ac-

179 1889 499 1966 Nes_cio_v_os
1010 1889 1357 1966 rfisaeorum‘,‘
1864 1890 2134 1966 spondens
2151 1933 2165 1959 ,
2691 1905 2973 1966 cesserunt
3007 1895 3126 1966 qui-

183 1961 330 2014 unde
355 1959 475 2016 sitis
508 1977 522 2014 :
1011 1963 1256 2017 dicentes
1283 1960 1360 2014 illi
1391 1977 1407 2014 :
1868 1961 2044 2015 dicet:
2573 1983 2576 1986 λ
2691 1965 2813 2020 dam
2840 1959 3028 2020 Pltari-i

179 2030 275 2085 26.
320 2041 446 2102 tunc
475 2030 703 2102 incipie-
1012 2033 1260 2099 Discede,
1289 2041 1342 2086 et
1370 2045 1458 2086 va-
1867 2031 2060 2086 Nescio
2089 2048 2184 2087 vos
2692 2052 2964 2099 saeorum,
3004 2036 3086 2091 di-

180 2104 254 2156 tis
279 2101 462 2157 dicere
491 2119 504 2156 :
1013 2106 1080 2158 de
1107 2104 1263 2158 hinc:
1291 2117 1424 2158 ouo-
1865 2103 2011 2157 unde
2037 2103 2154 2158 sitis
2182 2123 2194 2156 :

1013 2106 1080 2159 de
1107 2104 1263 2165 hinc;
1291 2117 1424 2172 quo-
1865 2104 2011 2157 unde
2037 2104 2154 2158 sitis
2182 2123 2194 2156 :
2693 2116 2878 2162 centes
2908 2108 2986 2162 illi
3015 2125 3028 2161 :

181 2172 476 2228 Manduca-
1013 2175 1157 2228 niam
1189 2173 1360 2228 Hcro-
1867 2173 1958 2228 26.
1993 2183 2120 2229 tunc
2147 2175 2282 2230 inci-
2697 2177 2796 2232 Exi
2818 2219 2832 2241 ,
2859 2186 2913 2232 et
2941 2177 3077 2232 vade

179 2241 360 2297 vimus
380 2257 573 2318 coram
1012 2245 1110 2318 des
1139 2247 1255 2318 vult
1282 2255 1337 2318 te
1444 2313 1464 2318 _
1871 2245 2030 2318 pictis
2066 2245 2245 2318 dicere
2271 2263 2285 2299 :
2700 2248 2859 2313 hinc;
2893 2250 3014 2318 quia

180 2321 267 2371 te.
296 2324 350 2368 et
379 2313 641 2378 bibimus;
1011 2316 1101 2369 52.
1145 2315 1412 2369 occidere.
1444 2313 1525 2382 lp-
1871 2313 2209 2370 Manducavi-
2700 2313 2946 2373 Herode's

180 2393 237 2439 et
264 2384 317 2438 in
356 2385 580 2454 plataeis
1011 2401 1072 2440 se
1098 2395 1276 2440 autem
1305 2383 1386 2437 di-
1871 2399 1992 2438 mus
2021 2400 2202 2439 coram
2703 2389 2818 2442 vult
2849 2399 2902 2443 te

180 2453 386 2510 nostris
411 2453 510 2509 do—
1009 2458 1087 2510 xit
1113 2459 1191 2511 eis
1214 2473 1228 2508 :
1263 2454 1406 2507 Eun-
1874 2463 1954 2518 te,
1983 2464 2038 2508 et
2061 2455 2326 2523 bibimus;
2700 2459 2972 2514 occidere.

178 2526 273 2581 27.
315 2526 493 2580 cuisti.
529 2524 597 2579 Et
621 2525 701 2579 di-

179 2606 268 2652 cet
295 2597 448 2650 vobis
474 2613 488 2647 :
521 2595 658 2649 Nes-

181 2669 270 2722 cio
301 2681 397 2721 vos
423 2665 565 2720 unde

181 2737 305 2792 sitis
333 2755 346 2790 :
374 2734 605 2790 discedi-

181 2818 238 2862 te
267 2823 295 2859 a
324 2820 408 2861 me
435 2807 452 2837 ¹
477 2821 669 2863 omnes

180 2877 415 2946 operarii
443 2876 548 2931 ini-
821 2903 823 2906 ⁴

180 2949 273 3004 28.
317 2947 560 3012 quitatis.
584 2951 605 2981 ³
637 2948 752 3007 lllic

181 3019 288 3075 erit
317 3018 476 3073 ﬂetus
495 3060 510 3085 ,

1011 2536 1091 2580 tes
1109 2567 1124 2591 ,
1153 2525 1390 2580 indicate

1009 2597 1156 2664 vulpi
1183 2595 1338 2649 huic:

1009 2663 1154 2723 Ecce
1177 2666 1314 2720 eicio
1339 2663 1466 2718 dae-

1009 2738 1190 2792 monia
1211 2778 1224 2801 ,
1248 2745 1304 2791 et
1327 2749 1413 2789 sa-

1009 2809 1208 2863 nitates
1239 2822 1360 2875 per-

1009 2879 1130 2934 ﬁcio
1161 2879 1321 2934 hodie
1343 2919 1357 2941 ,

1011 2961 1066 3006 et
1095 2964 1214 3005 cras
1231 2989 1246 3014 ,
1277 2957 1330 3002 et
1357 2947 1444 3004 die

1014 3022 1174 3075 tertia
1203 3034 1456 3073 consum-

2700 2528 2790 2584 32.
2834 2529 2898 2583 Et
2935 2529 3010 2582 ait
3036 2528 3143 2583 illis

2699 2597 2853 2652 Jcsus
2884 2615 2895 2650 :
2930 2598 3041 2661 Ite,

2699 2668 2861 2722 dicite
2890 2669 3033 2736 vulpi

2699 2738 2777 2791 illi
2805 2757 2817 2791 :
2849 2738 2990 2792 Ecce

2698 2808 2836 2863 eicio
2880 2809 3094 2862 daemo-

2699 2879 2785 2933 nia
2805 2921 2818 2945 ,
2851 2889 2904 2933 et
2929 2878 3073 2933 saui-

2702 2959 2837 3004 tates
2870 2949 3030 3017 perﬁ-

2700 3023 2784 3075 cio
2813 3020 3004 3082 hodie,

1869 2533 1956 2590 et,
1989 2525 2040 2577 in
2068 2527 2258 2591 plateis
2283 2542 2386 2582 tto-

1869 2597 1994 2649 stris
2023 2595 2270 2650 doettisti.

1870 2665 1960 2718 27.
2004 2664 2070 2718 Et
2095 2665 2352 2734 dicetvo-

1870 2734 1952 2789 bis
1987 2753 2000 2788 :
2031 2735 2219 2790 Nescio
2249 2753 2350 2791 un-

1870 2804 1939 2859 de
1967 2808 2097 2861 estis
2128 2823 2140 2858 :
2175 2807 2350 2862 disce-

1871 2875 1979 2930 dite
2001 2892 2028 2928 a
2053 2893 2137 2930 tne
2158 2891 2274 2931 om-

1872 2962 1970 3001 nes
1993 2948 2226 3016 operarii

1871 3017 1962 3071 28.
1997 3017 2312 3088 iniquitatis.
2341 3021 2417 3077 Ibi

181 3101 236 3145 et
264 3091 464 3145 stridor
492 3089 626 3147 den-
1011 3093 1101 3148 55.
1147 3107 1285 3145 mor.
1320 3089 1428 3145 Sed
1456 3104 1630 3160 opor-
1871 3090 1976 3143 erit
1998 3089 2154 3144 ﬂetus
2175 3131 2190 3156 ,
2223 3103 2278 3146 et
2700 3101 2755 3146 et
2784 3105 2904 3144 cras
2924 3133 2939 3157 ,
2968 3101 3019 3145 et

183 3161 318 3216 tium
344 3181 357 3214 :
1014 3171 1092 3218 tet
1121 3178 1205 3217 me
1236 3162 1428 3229 hodie,
1872 3160 2073 3215 stridor
2702 3161 2858 3216 tertia
2890 3161 2977 3216 die

181 3247 305 3286 cum
331 3232 575 3288 videritis
1010 3247 1063 3289 et
1084 3249 1236 3298 cras,
1263 3244 1316 3286 et
1342 3233 1393 3286 in
1425 3233 1566 3286 futu—
1873 3231 2114 3286 dentium
2140 3250 2153 3284 :
2699 3246 3067 3287 consummor.

183 3303 491 3373 Abraham,
522 3311 578 3358 et
1012 3321 1166 3369 rum;
1199 3303 1454 3373 quoniam
1483 3318 1588 3357 non
1871 3315 1993 3355 eum
2035 3303 2276 3357 videritis
2697 3305 2787 3360 55.
2829 3303 3015 3369 Abite;
3045 3301 3169 3372 quia

182 3373 320 3437 lsac,
351 3386 405 3428 et
424 3372 616 3438 Jacob,
1010 3372 1227 3440 Oportet
1253 3375 1384 3427 Pro-
1872 3373 2146 3426 Abraham
2165 3413 2180 3436 ,
2208 3387 2213 3393 '
2699 3389 2807 3428 non
2833 3382 3047 3440 Oportet

183 3451 242 3514 et
268 3456 460 3514 omnes
489 3442 621 3514 Pro-
1013 3441 1228 3514 phetam
1259 3443 1397 3514 peri-
1872 3451 1926 3514 et
1952 3441 2095 3514 Istic,
2123 3453 2178 3496 et
2697 3443 3022 3511 Propltetam

184 3513 377 3579 phetas
403 3512 495 3567 Dei
521 3513 602 3566 in-
669 3539 676 3548 -
1012 3509 1074 3570 re
1102 3509 1269 3568 extra
1288 3513 1414 3568 Hie-
1869 3509 2065 3575 Jacob,
2094 3522 2149 3566 et
2697 3509 2874 3579 perire
2900 3524 3051 3566 extra

185 3590 468 3637 troeuntes
1011 3585 1269 3639 rusaleoi.
1871 3595 2060 3635 omnes
2087 3583 2216 3636 Pro-
2698 3582 3054 3637 Hierusalem.

185 3652 237 3704 in
270 3667 437 3723 regno
467 3652 593 3720 Dei,
1011 3655 1102 3710 54.
1145 3654 1514 3720 Hierusalem,
1871 3651 2061 3723 phetas
2092 3654 2260 3708 intro-

1497 3773 1731 3830 CODEX
1770 3774 2157 3834 BRIXIANUS.

2697 3653 2787 3706 54.
2829 3651 3168 3706 Hierusalem
3188 3689 3204 3714 ,

183 3869 328 3944 illos.
356 3868 700 3929 Contendite.
731 3874 932 3930 intrare
965 3891 1063 3944 per
1093 3883 1371 3944 angustam
1405 3882 1610 3941 portam
1646 3871 1768 3926 dico

182 3942 532 4016 vobisxquia
587 3945 741 4000 multi
793 3942 1058 4014 quaerunt
1112 3942 1308 4016 intrare
1362 3953 1423 4016 et
1473 3959 1577 3997 non
1619 3953 1768 4016 pote-

183 4023 328 4066 runt.
360 4013 492 4068 Cum
542 4027 720 4070 autem
772 4013 1052 4070 intraverit
1103 4014 1509 4069 Paterfamilias.
1543 4023 1597 4065 et
1626 4015 1770 4064 clau-

181 4085 319 4155 serit
362 4086 582 4139 ostiutn.
631 4087 896 4155 incipietis
945 4089 1070 4140 loris
1115 4094 1277 4137 stare.
1329 4095 1403 4155 et_
1432 4084 1642 4155 puls:ir_e
1684 4098 1771 4133 os-

183 4153 340 4228 tiuttt.
381 4152 760 4228 dicentes.i(c_)
820 4158 1042 4210 Domine
1092 4157 1321 4228 illonti‘ue
1378 4152 1418 4228 fi-
1470 4152 1614 4216 apcri
1671 4166 1768 4228 tio-

182 4223 288 4278 bis.
336 4236 390 4294 et
439 4221 772 4294 respondens
823 4228 965 4278 dit-et
1019 4225 1189 4294 Voltis.
1243 4223 1434 4294 Nescio
1482 4235 1575 4271 vos
1631 4221 1770 4272 unde

183 4292 358 4348 sitis.~
397 4290 543 4349 tune
573 4295 834 4362 incipietis
881 4296 1057 4347 dicere
1105 4290 1548 4362 Mauducavimus
1588 4304 1766 4362 comiti

186 4374 237 4418 te
284 4375 340 4418 et
381 4367 628 4419 bibimus.
676 4359 727 4417 et
787 4365 836 4416 iu
895 4364 1082 4428 plateis
1140 4363 1336 4414 noStris
1397 4359 1645 4413 docuisti.
1702 4359 1769 4411 Et

184 4435 322 4486 dicet
358 4438 530 4489 vobis.
579 4436 770 4488 Nescio
802 4448 900 4486 vos
934 4433 1074 4486 unde
1109 4436 1246 4484 sitis.
1299 4431 1558 4484 diSCedite
1611 4443 1638 4480 a
1685 4445 1768 4482 me

185 4520 377 4558 omnes
407 4506 498 4574 qui
526 4505 821 4573 operamini
847 4505 1200 4569 iniquitatem.
1255 4502 1324 4574 Ilii
1373 4502 1472 4554 erit
1511 4499 1682 4574 lletus.
1716 4510 1769 4552 et

184 4574 390 4627 stridor
421 4571 682 4630 dentium.
713 4590 832 4630 cum
862 4575 1106 4628 videritis
1128 4573 1400 4628 Abraham
1439 4582 1490 4624 et
1520 4571 1684 4625 Isaac.
1715 4578 1772 4624 et

182 4641 374 4698 Jacob.
404 4653 462 4699 et
487 4661 679 4702 omnes
701 4643 1000 4714 PrOphetas
1021 4645 1074 4698 in
1103 4660 1268 4712 regno
1296 4644 1410 4698 Dei.
1452 4658 1548 4697 vos
1592 4652 1770 4695 autem

1873 3875 2068 3943 expelli
2095 3875 2256 3930 foras.
2290 3876 2356 3930 Et
2382 3877 2599 3930 venient
2625 3875 2691 3929 ab
2713 3874 2932 3929 Oriente
2958 3881 3011 3930 et
3036 3869 3357 3943 Occidente.
3394 3878 3452 3943 et

1873 3939 2230 4011 ali'Aquilone
2260 3957 2313 3998 et
2345 3951 2562 3999 Austro.
2618 3955 2671 3999 et
2700 3944 3036 3998 discutnlient
3065 3945 3114 3993 in
3139 3955 3302 4011 regno
3332 3939 3445 3994 Dei.

1877 4014 1942 4066 Et
1971 4010 2096 4067 ecce
2126 4024 2248 4067 sunt
2279 4017 2327 4068 in
2369 4017 2675 4069 novissimis
2719 4016 2806 4078 qui
2844 4022 3001 4066 erunt
3044 4010 3216 4077 priuii.
3261 4022 3314 4064 et
3355 4013 3448 4077 qui

1875 4094 1999 4136 sunt
2029 4086 2181 4149 primi
2208 4096 2364 4137 erunt
2391 4084 2686 4137 novissimi.
2721 4084 2776 4137 in
2798 4085 2906 4152 ipsa
2934 4081 3240 4152 autemdie.
3266 4096 3452 4134 arces-

1876 4163 2062 4204 serunt
2107 4154 2170 4203 ad
2220 4169 2339 4206 eum
2385 4155 2594 4220 quidam
2632 4169 2696 4206 ex
2741 4151 3040 4206 Pharisaeis
3071 4151 3312 4205 dicentes
3345 4152 3444 4205 illi.

1877 4222 1972 4274 Exi
2001 4234 2054 4274 et
2081 4223 2214 4275 vade
2245 4223 2386 4276 hinc.
2416 4226 2535 4291 quia
2574 4223 2810 4277 llermles
2839 4228 2950 4274 vult
2989 4230 3040 4276 te
3086 4221 3337 4276 occidere
3385 4221 3450 4274 Et

1874 4294 1947 4343 ait
1977 4292 2080 4345 illis
2106 4292 2278 4346 Jesus.
2308 4294 2383 4347 lle
2412 4306 2463 4346 et
2490 4293 2652 4347 dicite
2683 4294 2827 4362 vulpi
2859 4292 2956 4346 illi.
2995 4294 3129 4347 Ecce
3155 4291 3290 4345 eicio
3319 4292 3444 4362 dae:

1875 4363 2073 4417 monia.
2105 4373 2158 4416 et
2184 4364 2441 4417 sanitates
2471 4366 2716 4433 perlicio.
2760 4361 2918 4419 hodie
2944 4375 2996 4420 et
3036 4379 3174 4418 cras.
3214 4375 3266 4417 et
3294 4361 3447 4433 tertia

1875 4434 1962 4486 die
2011 4440 2426 4489 consutumalior
2475 4435 2853 4490 Verumtamen
2895 4447 3106 4504 oportet
3138 4449 3240 4488 me.
3293 4432 3452 4504 hodie

1876 4515 1927 4558 et
1957 4520 2095 4559 cras.
2130 4517 2190 4558 et.
2209 4508 2451 4573 sequenti
2482 4507 2778 4561 ambulare.
2811 4500 2944 4575 quia
2962 4522 3063 4560 nou
3093 4515 3176 4575 est
3197 4500 3447 4575 possibile

1878 4577 2196 4645 l’ropbetam
2243 4569 2418 4646 perire
2472 4587 2622 4634 extra
2671 4569 3028 4632 Hierusalem.
3089 4569 3441 4629 Hierusalem.

1449 4733 1676 4792 CODEX
1707 4733 2170 4790 CORBEIENSIS.

255 4829 351 4904 gl.
394 4830 594 4888 intrare
623 4849 722 4901 per
749 4842 1034 4904 angustum
1064 4833 1282 4886 ostium.

257 4899 349 4953 52.
391 4910 448 4955 et
469 4899 719 4972 sequenti
745 4899 1185 4960 consutnmabor.

1948 4830 2037 4884 55.
2078 4828 2155 4884 lte
2179 4844 2194 4892 ;
2223 4826 2345 4897 quia
2378 4839 2482 4880 non
2504 4823 2648 4893 capit
2676 4823 3018 4894 Prophetam,
3046 4830 3151 4876 etc.

1401 4987 1792 5046 VARIANTES
1827 4983 2222 5041 LECTIONES.

183 5119 189 5125 -
251 5089 266 5118 ¹
308 5085 414 5150 Gal.
449 5098 620 5150 omnes
654 5090 923 5147 operamini
958 5090 1255 5150 iniquitates.
1296 5091 1412 5138 Mm.
1447 5098 1652 5150 omnes.
1687 5085 1770 5146 qui

183 5149 458 5211 operamini
478 5147 775 5209 iniquitates.
810 5151 954 5213 Vulg.
977 5147 1147 5198 omnes
1163 5152 1373 5214 operarii
1400 5149 1676 5210 iniquitatis.

1938 5081 1958 5110 ε
1994 5080 2098 5128 σαι.
2123 5082 2168 5127 ει
2185 5081 2300 5128 Mm.
2321 5077 2414 5127 Ubi
2432 5079 2545 5128 erit.
2566 5080 2745 5128 recenti
2759 5090 2920 5140 manu,
2941 5077 3060 5129 lllic.
3088 5046 3228 5140 mg.
3251 5077 3324 5126 Ibi
3340 5079 3451 5127 erit.

896 5246 1186 5286 LECTIONES
1211 5245 1412 5287 CODICIS
1437 5242 1840 5284 VINDEBONENSIS
1861 5237 2133 5280 ABEUNTES
2156 5239 2218 5276 ΑΒ
2246 5239 2486 5278 EDITIONE
2513 5239 2767 5278 VULGATA.

251 5327 330 5377 24.
359 5336 447 5385 per
467 5326 723 5385 angustum
749 5323 925 5385 ostium
947 5336 959 5378 ;
985 5325 1095 5382 quia
1115 5324 1221 5372 dico
1243 5325 1380 5371 vobis
1403 5339 1412 5372 :
1447 5323 1584 5370 multi
1626 5333 1777 5385 quae-

185 5381 530 5441 runtititrare.
595 5383 673 5431 25.
703 5388 751 5444 et
776 5381 974 5429 cluserit
1005 5381 1179 5433 Ostium
1205 5422 1216 5440 ,
1263 5391 1314 5432 et
1352 5381 1654 5444 incipietis...’
1679 5383 1778 5430 Do-

187 5454 326 5502 mine
348 5488 362 5510 ,
391 5447 659 5510 Domine...
691 5443 852 5510 dicet_:
889 5443 1065 5510 Nescio
1092 5459 1211 5510 los.
1258 5446 1352 5510 326.
1391 5443 1779 5510 Maudu_cahimus

190 5505 358 5565 coram
381 5516 495 5559 te...
519 5506 714 5563 Nescio,
741 5505 869 5552 unde
897 5507 1019 5553 silis.
1087 5505 1162 5554 27.
1185 5508 1267 5567 qui
1306 5508 1572 5566 operamini
1601 5506 1774 5567 iniqui-

1885 5324 2050 5366 tatem.
2116 5315 2190 5364 28.
2218 5315 2488 5376 Prophetas
2511 5319 2814 5365 introeuntes
2844 5316 2889 5362 in
2924 5327 3095 5376 regno.
3162 5312 3236 5376 29.
3276 5317 3327 5359 et
3369 5323 3451 5360 re-

1884 5379 2127 5428 cuubent.
2191 5374 2748 5438 5l.quidamdicvntes.
2816 5374 3450 5438 32.et$equentieonsum-

1884 5454 2004 5489 mor.
2067 5441 2140 5486 55.
2160 5435 2323 5497 Deest,
2341 5447 2362 5482 ι
2378 5449 2680 5489 ρι-υιιιιςιωειι
2701 5447 2891 5500 oportet
2911 5451 2990 5484 me
3015 5435 3176 5490 hodie,
3191 5441 3241 5483 et
3262 5447 3386 5495 cras,
3402 5443 3453 5484 et

1883 5502 2106 5561 sequenti
2146 5500 2226 5548 die
2243 5501 2509 5551 ambulare.

1489 5605 1851 5660 BLANCHINI
1878 5601 2099 5658 NOT.E.

271 5701 448 5774 (a)]la
480 5709 535 5754 et
562 5709 668 5754 tex.
698 5696 793 5774 Gr.
823 5694 966 5771 ὰφόὖ
995 5693 1052 5752 ἂν
1081 5699 1360 5773 ὲγερθῇ.-
1389 5698 1466 5766 (b)
1499 5697 1624 5751 Post
1652 5700 1877 5765 pulsare,
1907 5695 2055 5750 deest
2079 5695 2282 5748 ostium.
2316 5698 2471 5749 etiam
2505 5697 2554 5747 in
2585 5695 2703 5747 rod.
2732 5692 2885 5746 Cant.
2917 5722 2986 5734 ——
3006 5691 3078 5760 τε)
3102 5691 3308 5746 Textus
3329 5701 3434 5763 quoi

195 5770 302 5848 que
330 5770 438 5826 ’(ἶτ.
473 5773 704 5843 geminat
733 5770 898 5846 Κύριέ.
