3920 6406
596 344 697 401 6:27
1127 345 1389 403 EUSEBll
1430 344 1759 401 VERCELL.
1804 338 2240 399 EVANGELIUM
2279 337 2418 397 CUM
2459 340 2686 397 VARUS
2721 340 2874 398 COD.
2915 341 3300 399 COLLATUM.

985 459 1209 516 conex
1242 457 1773 517 vencetmasrs.
2222 428 2225 430 ’

599 554 927 609 Hierusalem
946 595 960 617 ,

597 640 735 691 quae
765 624 960 679 occidis

600 696 891 764 Prophetas
905 735 920 760 ,

600 775 653 822 et
680 767 875 835 lapidas
899 779 990 818 eos
1008 806 1023 830 ,

599 839 686 903 qui
710 835 856 889 missi
884 844 1008 890 sunt

598 916 651 959 at
680 917 728 961 te
746 923 760 971 ;
790 905 1004 974 saepius

600 977 738 1030 volui
769 991 903 1031 ccn-

599 1062 819 1117 gregare
848 1046 951 1119 illi:

595 1132 655 1173 os
695 1127 817 1172 tuos
836 1157 849 1179 ,
882 1133 1065 1188 quem-

597 1188 883 1242 admodum

598 1259 791 1329 gallina
815 1259 898 1313 ni-

598 1329 722 1383 dum
750 1345 904 1385 suum

544 1466 547 1469 ἢ
597 1399 697 1454 sub
725 1400 837 1452 alas
866 1413 1022 1466 suas,

598 1480 653 1524 et
679 1470 925 1524 noluistis
948 1472 961 1524 !

598 1541 687 1595 55.
721 1541 857 1595 Ecce
877 1541 1038 1596 relin-

598 1612 778 1679 quitur
805 1626 907 1664 vo-'

597 1681 681 1736 bis
704 1681 890 1736 domus
914 1697 1035 1738 ves-

603 1761 681 1805 tra
709 1751 943 1806 deserta.

598 1822 729 1875 Dico
751 1823 891 1875 enim
916 1824 932 1853 ⁸
960 1836 1051 1878 vo—

599 1892 688 1973 bis
702 1893 864 1973 ,_qn.ia
890 1908 997 1946 non

600 1961 851 2016 videbitis
872 1977 957 2016 me
971 2003 987 2029 ,

602 2032 774 2086 donec
798 2032 947 2086 veni-
972 2050 978 2055 ·

601 2109 657 2155 at
682 2102 797 2156 dies
812 2143 826 2168 ,
860 2117 1027 2172 quan-

601 2172 671 2225 do
699 2172 920 2226 dicatis:
954 2173 1050 2228 8e-

603 2241 877 2308 nedictus,
906 2246 997 2313 qui

605 2314 756 2367 venit
787 2315 836 2367 in
862 2330 955 2367 no—

602 2384 746 2439 mine
775 2383 1005 2440 Domini.

776 2496 1001 2555 CAPUT
1028 2499 1167 2558 XIV.

606 2585 657 2644 1.
700 2588 766 2643 Ει
797 2588 993 2647 factum
1022 2602 1103 2648 est
1123 2634 1139 2660 ,

1416 562 1540 608 ante
1572 554 1742 607 illum.

1415 626 1466 680 5.
1515 626 1577 678 Et
1602 623 1929 691 respondens
1942 663 1956 685 ,

1414 695 1549 749 dixit
1579 695 1732 749 Jesus

1415 765 1664 834 ad‘Legis

1415 836 1662 890 doctores
1682 878 1696 899 ,
1729 839 1784 889 et

1417 906 1733 960 I‘harisaeos
1763 922 1776 957 :

1415 978 1459 1031 si
1492 978 1616 1032 licet
1634 976 1754 1031 sab-

1419 1048 1555 1102 batis
1582 1048 1602 1078 '
1632 1061 1784 1100 cura-

1417 1118 1473 1172 4.
1516 1116 1611 1171 re?
1642 1117 1719 1170 Ad
1746 1118 1820 1172 illi
1850 1124 1929 1172 ta-

1417 1196 1659 1243 cuerunt.
1683 1185 1767 1255 lp-

1418 1274 1477 1313 sc
1508 1260 1683 1327 itaque
1711 1256 1732 1288 ⁸
1761 1257 1854 1312 ad-

1415 1328 1753 1398 prehendens

1417 1415 1632 1453 manum
1664 1401 1726 1453 il-

1418 1470 1518 1525 lius
1539 1513 1554 1536 ,
1584 1478 1824 1524 curatum

1417 1555 1537 1595 eum
1560 1540 1780 1595 dimisit.

1419 1611 1471 1665 5.
1515 1611 1581 1664 Et
1610 1611 1687 1680 (ά)
1717 1609 1911 1680 antu;
1939 1610 2005 1665 ad

1422 1681 1542 1735 illos
1576 1700 1588 1735 :
1616 1681 1779 1749 Cujus

1420 1763 1652 1805 vestrum
1675 1792 1689 1816 ,
1720 1752 1829 1805 asi-

1417 1838 1537 1885 nus,
1569 1830 1660 1874 aut
1688 1823 1782 1875 bos

1418 1894 1462 1945 si
1488 1893 1743 1946 ceciderit

1418 1963 1470 2016 in
1499 1973 1716 2029 puteum

1416 2033 1638 2086 sabbato
1656 2074 1669 2097 ,
1699 2049 1804 2089 non

1417 2105 1672 2156 conﬁnuo

1418 2175 1667 2228 extrahet
1690 2175 1753 2229 il-

1418 2242 1525 2297 lum
1555 2244 1605 2297 in
1634 2244 1723 2299 die

1423 2311 1476 2367 6.
1518 2313 1760 2369 sabbati?
1788 2313 1857 2369 Et
1886 2326 1991 2368 non

1424 2393 1665 2451 poterant
1690 2386 1737 2438 ei

1420 2454 1746 2524 respondere

1417 2524 1647 2579 adhaec.

1420 2594 1472 2647 7.
1520 2596 1735 2652 Dicebat
1760 2600 1937 2650 autem

2685 458 2914 514 CODEX
2957 456 3403 514 VERONENSIS.

2265 549 2597 605 Hierusalem
2614 594 2629 617 ,

3083 565 3170 603 nio
3201 547 3242 619 -ι-
3273 546 3474 619 hydro-

2262 635 2399 686 quae
2428 621 2625 674 occidis
2998 642 3001 643 ν
3083 622 3231 688 picus
3257 628 3376 673 erat

2262 688 2563 758 Prophetas
2582 733 2597 755 ,
3083 701 3209 757 ante
3240 689 3414 744 illum.

2261 770 2317 814 et
2339 760 2547 829 lapidas
3083 761 3136 815 5.
3162 760 3230 814 Et
3254 773 3475 828 respon-

2262 847 2357 886 eos
2376 872 2390 894 ,
2414 832 2503 899 qui
2536 832 2600 893 ad

3083 831 3215 884 dens
3237 829 3412 883 Jesus.

2264 910 2317 956 te
2342 901 2651 970 mittuntur;
3084 903 3149 955 ad
3179 901 3336 969 Legis
3364 915 3458 969 pe-

2262 974 2513 1037 quotiens
2537 987 2634 1026 vo-
3014 990 3018 992 ‘
3082 974 3240 1036 ritos,
3268 980 3323 1024 et

2263 1043 2334 1097 lui
2362 1057 2588 1111 congre-
3086 1042 3404 1097 Pbarisaeos
3424 1083 3439 1108 ,

2262 1128 2390 1182 gare
2430 1098 2570 1168 ﬁlios
3091 1150 3103 1164 .
3267 1152 3281 1164 .
3327 1152 3340 1167 .
3386 1098 3656 1168 .'Si'iicet

2264 1176 2415 1248 tuos,
2447 1198 2635 1251 quem-
3087 1176 3311 1239 sabbato
3336 1198 3401 1236 cu

2266 1254 2550 1326 admodum
2947 1282 2973 1287 -η
3088 1269 3231 1326 rare,
3268 1251 3341 1326 (ε)
3368 1269 3436 1326 an

2264 1324 2460 1395 gallina
2492 1327 2673 1385 nidum
3083 1325 3137 1379 4.
3182 1320 3288 1377 non
3312 1320 3349 1394 ιι-
3377 1323 3399 1378 ?
3443 1320 3526 1379 Ad

2264 1410 2417 1449 suum
2448 1398 2548 1451 sub

3088 1396 3161 1449 illi
3193 1405 3371 1449 tacue-

2264 1466 2467 1535 pinniS,
2496 1478 2548 1523 et
3088 1478 3234 1520 runt.
3271 1466 3389 1534 Ipse

2268 1537 2517 1593 noluisti!
3087 1551 3216 1590 vero
3247 1537 3445 1606 adpre-

2265 1606 2353 1661 55.
2396 1607 2534 1665 Ecce
2569 1610 2732 1666 relin-
3090 1607 3315 1661 hensum
3343 1620 3466 1661 eum

2266 1686 2459 1745 quetur
2489 1682 2641 1735 vobis
3090 1682 3320 1742 sanavit,
3349 1690 3415 1731 ac

2268 1748 2458 1801 domus
2488 1763 2664 1805 vestra
3090 1747 3292 1801 dimisit

2264 1817 2497 1873 deserta.
2531 1821 2657 1875 Dico

2265 1885 2341 1957 (a)
2380 1889 2531 1944 vobis
2550 1889 2591 1960 -ι-
2614 1933 2631 1956 ,

2268 1971 2375 2010 non
2406 1975 2491 2014 me
2520 1963 2599 2014 vi-

2267 2026 2461 2097 debitis
2480 2070 2494 2094 ,
2524 2031 2621 2084 do-

2271 2112 2369 2152 nec
2396 2102 2576 2155 veniat

3091 1833 3211 1871 eum
3222 1856 3234 1869 .

3090 1889 3151 1959 ὅσ,
3186 1886 3254 1959 ΕΡ
3283 1886 3363 1957 (ά)
3394 1887 3531 1959 dixit
3558 1887 3600 1959 ‘l'

3091 1957 3156 2012 ad
3186 1957 3310 2011 illos
3338 1974 3351 2010 :
3383 1958 3489 2015 Cu-

3088 2028 3176 2097 jus
3206 2038 3443 2084 vestram

3092 2098 3296 2165 a’sinus,
3326 2109 3419 2153 aut

2269 2168 2387 2222 dies
2408 2209 2422 2231 ,
2454 2185 2575 2225 cum
3094 2169 3193 2224 bos
3218 2170 3270 2222 in
3298 2186 3387 2237 μυο

2270 2238 2464 2294 dicetis
2494 2259 2507 2295 :
2537 2243 2639 2301 Bc-
2674 2256 2677 2257 '
3095 2248 3239 2294 tcum
3266 2238 3465 2296 cadens
3488 2282 3505 2308 ,

2269 2310 2519 2386 nedictus
2542 2356 2559 2382 ,
2588 2314 2677 2386 qui
3094 2318 3275 2386 etnon
3298 2326 3429 2386 com

604 2674 723 2716 cum
752 2663 944 2717 intras-
1418 2677 1473 2720 et
1501 2667 1565 2720 ad
1594 2667 1785 2722 invita-

602 2741 686 2806 set
712 2732 1007 2806 in_domum
1419 2744 1502 2791 tos
1531 2739 1756 2806 parabo-

602 2802 878 2873 cujusdam
962 2828 965 2829 ν
1417 2802 1548 2873 iam,
1574 2808 1739 2864 deno-

604 2871 865 2953 Principis
895 2874 1031 2929 Pha~
1420 2871 1540 2953 tans
1565 2894 1658 2933 eos
1674 2894 1814 2953 quo—

605 2949 901 2997 risaeorum
1421 2949 1580 3002 modo
1608 2951 1715 3013 pri-

602 3013 825 3067 sabbato
853 3029 1002 3069 man-
1424 3033 1539 3071 mos
1570 3018 1746 3072 discu-

552 3142 555 3147 _
604 3082 802 3139 ducare
830 3101 921 3157 pa-
1420 3088 1561 3142 bitos
1582 3088 1745 3157 elige-

576 3160 577 3163 “
607 3168 728 3208 nem
747 3197 761 3220 ,
790 3166 845 3209 et
874 3156 942 3210 ibi
1421 3168 1539 3212 rcnt
1560 3201 1573 3220 ,
1602 3156 1785 3214 dicens

603 3236 759 3279 erant
781 3226 965 3281 obser-
1145 3238 1149 3243 ’
1420 3228 1485 3281 ad
1511 3243 1602 3281 eos
1634 3244 1649 3281 :

1421 3299 1473 3353 8.
1516 3297 1646 3352 Cum
1678 3301 1865 3355 invita-

1423 3380 1505 3423 tus
1534 3370 1690 3423 fuerit

1418 3442 1610 3509 aliquis
1638 3440 1700 3495 ad

1418 3512 1627 3580 nuptias
1648 3553 1662 3574 ,
1698 3529 1799 3566 non

605 3305 789 3350 vantes
821 3297 988 3351 illum.

604 3364 659 3417 2.
703 3366 767 3419 Et
792 3382 918 3422 ecce
947 3369 1105 3422 homo

605 3435 818 3507 quidam
848 3437 943 3507 hy-

606 3506 855 3576 dr0picus
883 3506 995 3563 erat

2270 2381 2418 2435 venit
2449 2384 2501 2438 in
2534 2380 2631 2441 no:-
3096 2382 3245 2435 tinuo
3274 2380 3509 2436 extrahit

2271 2453 2417 2506 mine
2441 2458 2548 2511 Do-
3095 2452 3240 2506 illum
3272 2452 3358 2506 die
3382 2449 3639 2507 sabbati?

2270 2524 2424 2577 mini.
3094 2522 3149 2581 6.
3189 2521 3258 2577 Et
3284 2537 3389 2576 non
3418 2539 3517 2588 po-

2445 2638 2671 2735 (ξΑνυτ
2704 2637 2845 2695 xw-
3094 2592 3531 2735 :2:;:ii§.2‘°°

2271 2736 2320 2788 i.
2364 2733 2431 2788 Et
2461 2731 2658 2787 factum
2964 2784 2965 2787 η
3095 2736 3148 2789 7.
3185 2731 3286 2789 illi.
3318 2734 3539 2790 Dicebat

2272 2814 2354 2859 est
2377 2846 2393 2869 ,
2421 2813 2478 2857 ut
2501 2805 2670 2856 intra-
2796 2826 2801 2831 ι
3092 2817 3269 2861 autem
3299 2806 3366 2859 ad

2270 2886 2351 2929 ret
2377 2877 2426 2927 in
2450 2874 2666 2927 domum
3095 2877 3366 2939 invitatos,
3392 2875 3476 2930 in-

2270 2945 2548 3015 cujusdani
3098 2947 3321 3002 tendens
3342 2952 3480 3014 qam

2272 3017 2537 3083 Principis
3098 3018 3255 3071 modo
3286 3018 3487 3081 primos

2273 3088 2683 3141 Pharisaeorum
3094 3089 3337 3142 acubitos
3359 3084 3457 3139 eli-

2270 3158 2491 3211 sabbato
2523 3171 2672 3210 man-
3092 3158 3308 3227 gebant,
3332 3154 3416 3227 di-

2269 3229 2468 3281 ducare
2501 3243 2592 3295 pa-
3090 3225 3221 3281 cens
3248 3227 3313 3279 ad
3342 3225 3404 3279 il-

2269 3314 2390 3352 nem
2414 3341 2427 3359 .
2460 3311 2510 3352 et
2543 3299 2642 3367 ipsi
3088 3300 3141 3353 8.
3184 3302 3263 3351 los
3288 3316 3303 3351 :
3329 3296 3464 3367 cum

2268 3366 2625 3424 observabant
3054 3398 3057 3401 λ
3096 3370 3352 3422 invitatus
3381 3366 3500 3421 fue-

2268 3441 2322 3493 ‘2.
2365 3455 2507 3494 eum.
2546 3439 2612 3493 Et

2270 3441 2322 3493 :2.
2365 3455 2507 3494 eum.
2546 3439 2612 3493 Et
3098 3440 3172 3492 ris
3197 3439 3268 3509 (e)
3294 3439 3361 3492 ab
3388 3438 3487 3491 ali-

2270 3527 2396 3566 ecce
2432 3509 2505 3582 (b)
2539 3511 2637 3564 ho-
3098 3525 3203 3579 quo
3230 3502 3271 3579 ’ἶ-
3292 3550 3307 3575 ,
3341 3509 3451 3563 noli

3098 3502 3271 3579 quos}
3292 3550 3307 3575 ,
3341 3509 3451 3563 noli

1889 3625 2119 3680 CODEX
2157 3626 2432 3681 BRIXIAN
2442 3624 2540 3682 US.

607 3712 959 3791 Hierusalem.
978 3730 1130 3791 ,gnae
1156 3716 1363 3791 occidis!
1389 3717 1703 3791 Prophetas.
1751 3726 1802 3771 et
1818 3742 1830 3755 -
1850 3718 2053 3791 lapidas
2071 3733 2172 3791 eos

603 3783 692 3846 qui
722 3783 1091 3855 mittnmtnriad
1123 3798 1189 3838 te.
1222 3789 1469 3853 quotiens
1499 3783 1640 3838 volui
1670 3783 1995 3855 cotigregare
2036 3787 2171 3839 lilios

609 3864 743 3906 tuos.
775 3854 1220 3922 quemadmodum
1263 3857 1458 3924 gallina
1509 3857 1682 3922 pullos
1712 3872 1836 3909 suos
1876 3854 1973 3909 Sub
1999 3857 2173 3922 pinnis

605 3924 714 3992 suis
738 3935 786 3977 et
817 3925 1051 3978 noluisti.
1090 3926 1227 3979 Ecce
1249 3928 1585 3992 relinquetur
1612 3926 1762 3980 vobis
1791 3927 1979 3979 d0tntts
1996 3939 2169 3979 vestra

606 3991 810 4065 deserta
856 3994 984 4049 Dico
1032 4005 1213 4050 autem
1264 3991 1431 4050 vobis.
1478 3999 1603 4065 quia
1641 4013 1742 4049 non
1777 3997 2020 4050 videbitis
2062 4013 2167 4051 me.

606 4061 777 4132 donec
809 4066 983 4118 veniat
1012 4066 1126 4119 dies
1157 4082 1277 4118 cum
1305 4061 1517 4120 dicetis;
1567 4068 1880 4120 \‘enedicttts
1909 4069 1996 4132 qui
2028 4069 2171 4121 venit
2194 4061 2204 4074 ’

605 4131 659 4183 in
690 4133 901 4187 nomine
927 4135 1158 4189 Domini.
1194 4137 1252 4191 Et
1286 4138 1480 4189 factum
1512 4146 1596 4191 est
1624 4138 1746 4190 dum
1776 4131 2049 4191 introisset
2077 4138 2168 4191 Je-

607 4203 792 4275 SII_s_in
845 4202 1058 4258 domum
1096 4208 1371 4273 cujusdam
1424 4208 1686 4275 Principis
1734 4208 2162 4262 Pharisaeorum.

607 4270 827 4325 sabbato
866 4270 1186 4346 manducare
1214 4293 1424 4343 panem.
1477 4288 1530 4331 et
1571 4270 1665 4346 ipsi
1698 4288 1847 4331 erant
1877 4278 2167 4332 observan-

609 4350 688 4394 tes
715 4354 858 4395 eum.
892 4341 958 4395 Et
980 4359 1103 4397 ecce
1125 4341 1284 4398 homo
1315 4347 1529 4413 quidam
1555 4341 1877 4417 hydropicus
1898 4361 2014 4402 erat
2042 4359 2164 4402 ante

2277 3720 2446 3787 illum.
2482 3719 2544 3771 Et
2570 3718 2901 3787 respondens
2931 3718 3086 3772 Jesus
3116 3718 3247 3772 dixit
3276 3718 3343 3771 ad
3371 3718 3528 3784 Legis
3561 3718 3768 3787 peritos
3809 3728 3861 3771 et

2278 3786 2598 3840 Pharisaeos
2629 3786 2778 3858 Licet
2807 3788 3026 3841 sabbato
3054 3803 3241 3841 curare
3272 3788 3344 3857 (τ)
3393 3799 3482 3840 aut
3531 3786 3642 3843 non
3675 3788 3738 3858 -j-.
3779 3789 3860 3839 Ad

2279 3858 2352 3909 illi
2385 3865 2683 3910 tacuerunt.
2732 3856 2851 3924 ipse
2881 3858 3006 3910 vero
3031 3856 3421 3925 adprehensum
3463 3856 3742 3912 hominem
3776 3874 3862 3908 sa-

2279 3929 2422 3979 navit
2446 3943 2588 3980 eum.
2624 3935 2679 3980 et
2702 3926 2920 3979 dimisit.
2974 3929 3034 3980 Et
3062 3930 3390 3994 reSpondens
3433 3928 3574 3980 dixit
3603 3930 3672 3979 ad
3714 3930 3855 3979 illos.

2275 3997 2439 4065 Cujus
2473 4007 2703 4050 vestrum
2734 3997 2889 4050 tilins.
2911 4010 2998 4049 aut
3028 4002 3122 4050 bus
3143 3999 3282 4049 cadit
3310 3997 3361 4049 in
3397 4010 3643 4064 puteum.
3672 4010 3722 4048 cl
3754 4012 3859 4047 non

2276 4071 2531 4120 continuo
2561 4070 2751 4121 levavit
2778 4068 2923 4121 illum
2946 4070 2995 4119 in
3021 4069 3104 4120 die
3132 4068 3373 4120 sabbato.
3393 4068 3459 4118 Et
3480 4085 3587 4119 non
3609 4075 3863 4135 poterant

2276 4140 2323 4191 ei
2355 4140 2681 4207 respondere
2709 4139 2771 4191 ad
2805 4139 2951 4192 haec.
3007 4138 3227 4191 Dicebat
3267 4146 3441 4189 autem
3486 4138 3553 4186 ad
3604 4140 3859 4187 invitatos

2277 4211 2603 4277 parabolatn.
2655 4210 2938 4263 intendens
2964 4208 3415 4277 quemadmodum
3442 4207 3650 4275 primos
3677 4208 3856 4277 di~cn-

2276 4274 2414 4333 bitos
2446 4281 2734 4347 eligebant.
2769 4280 2951 4333 dicens
2982 4274 3045 4332 ad
3075 4295 3190 4333 eos.
3239 4274 3370 4332 Cum
3400 4274 3665 4330 invitatus
3695 4276 3857 4327 ito-ris

2270 4350 2343 4421 (ε)
2372 4352 2438 4403 ab
2462 4352 2635 4419 aliquo
2656 4350 2696 4419 οξ-
2725 4352 2789 4403 ad
2822 4354 3051 4419 nuptias.
3084 4350 3191 4403 noli

1858 4459 2085 4513 concx
2120 4458 2586 4537 consumas.

676 4547 767 4603 54.
808 4561 969 4616 saepe
1002 4545 1146 4599 volui
1177 4562 1503 4616 congregare
1535 4548 1691 4601 ﬁlios.

683 4616 805 4674 CAP.
833 4616 971 4671 XIV.
1000 4617 1142 4671 —-8.
1176 4618 1311 4671 Cum
1343 4617 1595 4672 invitatus
1625 4618 1785 4673 fuerit
1810 4619 1927 4687 quis
1945 4619 2008 4672 ad
2040 4636 2174 4688 nup-

2282 4555 2402 4619 tias,
2437 4571 2540 4608 non
2573 4556 2871 4611 discumbat
2894 4557 2948 4611 in
2976 4558 3151 4626 primo
3179 4559 3313 4612 loco.

1831 4735 2217 4791 VARIANTES
2255 4730 2654 4790 LECTIONES.

670 4834 687 4863 ³
725 4832 831 4882 Gat.
855 4832 1028 4881 vobis:
1050 4842 1141 4877 non
1182 4828 1407 4878 videbitis
1430 4841 1527 4877 me.
1554 4830 1668 4877 Mm.
1696 4827 1861 4877 vobis:
1884 4839 1977 4874 non
2002 4840 2079 4873 me
2100 4831 2169 4875 vi-

605 4894 787 4943 debitis
806 4893 992 4945 amodo,
1016 4893 1172 4940 donec
1193 4891 1361 4938 dicatis
1389 4905 1399 4938 :
1426 4890 1737 4939 Benedictus.
1775 4888 1877 4937 ϐαι.
1906 4901 2014 4935 cum
2038 4888 2164 4935 dica-

604 4960 679 5005 tis.
713 4949 855 5017 Vulg.
882 4953 1034 5013 vobis,
1054 4954 1166 5014 quia
1185 4965 1275 4999 non
1296 4952 1529 5011 videbitis
1551 4965 1647 5011 me,
1671 4951 1826 5000 donec
1847 4950 2035 5011 veniat,
2060 4962 2169 4998 cum
2198 4998 2217 5002 υ

604 5018 794 5067 dicetis.

2336 4827 2355 4889 ξ
2389 4827 2507 4889 Illm.
2532 4825 2973 4889 curare,-autnon?
3000 4824 3142 4889 Vulg.
3169 4820 3387 4889 curare?

2337 4888 2357 4917 ³
2391 4886 2493 4949 (ξας.
2521 4886 2875 4946 adprehensum
2900 4884 3169 4949 hominem,
3192 4886 3539 4949 sanavit._Mm.
3574 4884 3853 4949 adprehen-

2272 4960 2378 4996 sum
2401 4947 2685 5008 Johannem,
2711 4950 2893 4996 sanavit
2917 4954 3044 4997 eum.
3079 4946 3218 5010 Vulg.
3246 4946 3650 5009 apprehensum;
3668 4950 3853 4995 sanavit

2276 5022 2407 5057 eum.

1300 5109 1581 5148 LBCTIONES
1604 5109 1801 5148 CODlClS
1821 5106 2225 5147 VINDEBDNENSIS
2250 5106 2522 5145 ABEUNTES
2550 5107 2615 5145 AD
2641 5105 2885 5147 EDITIONE
2908 5108 3163 5147 VULGA'I'A.

668 5188 745 5236 54.
779 5188 1030 5234 mittuntur
1071 5185 1127 5231 ad
1154 5192 1201 5232 te
1224 5199 1235 5242 ;
1272 5195 1420 5244 saepe
1444 5184 1691 5232 volni......
1710 5182 1885 5243 gallina
1905 5181 2055 5242 pullos
2078 5182 2170 5244 sub

609 5249 706 5297 alas
728 5261 854 5311 suas,
876 5254 945 5295 et.
1012 5246 1086 5294 55.
1118 5254 1292 5293 vestra.
1337 5243 1453 5291 Dico
1483 5245 1632 5311 vobis,
1657 5256 1805 5293 non...
1822 5244 1979 5292 donec
2000 5243 2175 5292 dicatis

612 5308 923 5358 Benedictus.

670 5370 779 5420 Cn.
810 5367 933 5416 XIV.
954 5392 1014 5403 ~—
1038 5369 1083 5416 i.
1108 5365 1168 5415 Et
1188 5365 1367 5414 factum
1393 5370 1485 5420 est,
1510 5368 1579 5417 ut.
1634 5365 1686 5426 2.
1704 5364 1851 5426 homo
1865 5362 2174 5426 hydropicus.

601 5426 611 5462 ³
670 5433 717 5478 3.
743 5430 863 5478 dixit
880 5429 1043 5477 Jesus.
1107 5428 1154 5475 4.
1181 5440 1295 5476 eum
1318 5426 1521 5483 sanavit,
1541 5439 1595 5473 ac
1615 5425 1792 5475 dimisit
1827 5421 1976 5474 illu'm.
2023 5421 2093 5473 ’5.
2118 5421 2179 5471 Et

2273 5180 2394 5227 dixit
2419 5178 2477 5226 ad
2503 5178 2665 5241 illos._..
2688 5171 2950 5241 inrpn‘teum
2972 5182 3115 5241 cadit,
3146 5180 3371 5229 extrahet
3392 5179 3547 5233 illum,
3572 5170 3752 5233 dmissa
3772 5182 3851 5230 die

2276 5240 2478 5287 sabbati.
2544 5240 2590 5286 7.
2618 5238 2822 5288 Dicebat
2855 5248 3012 5289 autem
3047 5238 3108 5291 ad
3140 5243 3437 5289 invitatos...
3470 5250 3514 5289 et
3556 5243 3755 5290 dict-bat
3795 5242 3849 5289 ad

2280 5300 2403 5368 illos.
2470 5300 2518 5348 8.
2538 5300 2651 5349 Cum
2667 5300 3293 5368 invitatusfueritad...‘non
3312 5302 3586 5351 discumbat
3606 5304 3719 5353 in...
3746 5316 3845 5351 ηρ..

2276 5364 2339 5410 sit
2361 5370 2577 5419 vocatus,
2601 5362 2772 5412 omisso
2792 5363 2853 5410 ab
2876 5362 2972 5413 illo.

1917 5523 2279 5580 BLANCHINI
2309 5523 2528 5581 NOT/E.

684 5622 757 5692 (α)
796 5626 923 5680 Post
956 5626 1093 5680 vobis
1118 5668 1131 5685 .
1177 5628 1325 5681 deest
1345 5626 1462 5693 quia
1486 5664 1501 5686 ,
1533 5624 1689 5695 etiam
1735 5622 1787 5674 in
1823 5623 1945 5695 cod.
1977 5620 2233 5695 Cant._-—¢
2268 5620 2341 5689 (b)
2374 5620 2499 5695 Post
2528 5624 2676 5695 homo
2703 5662 2716 5684 ,
2757 5621 2911 5677 deest
2953 5625 3179 5695 quidam,
3212 5627 3411 5691 pariter
3437 5626 3489 5678 in
3529 5625 3652 5695 cod.
3690 5624 3845 5695 Cant.

721 5695 975 5778 (Acilftddit
999 5714 1249 5778 lannnon,
1273 5691 1433 5776 etiam
1469 5696 1586 5747 eod.
1626 5691 1837 5778 Cantgﬁ
1862 5691 1939 5778 οξ.
1965 5722 2039 5778 :—
2069 5691 2151 5761 (d)
2188 5693 2328 5746 Ante
2356 5691 2484 5745 dixit
2505 5733 2520 5761 ,
2569 5691 2723 5746 deest
2756 5691 3083 5763 respondens,
3129 5697 3326 5767 pariter
3352 5695 3407 5749 in
3437 5695 3560 5751 cod.
3592 5693 3751 5751 Cant.
3779 5694 3848 5739 -ὲ-

619 5762 687 5836 (el
710 5760 933 5817 Additur
959 5766 1021 5817 ab
1046 5767 1236 5839 aliqua,
1273 5766 1324 5819 in
1356 5773 1485 5820 text.
1519 5778 1730 5835 quoque
1760 5760 1853 5816 Gr.
1880 5763 1981 5817 ὑπὸ
2007 5760 2157 5820 τινος.
