3920 6424
154 319 264 376 029

547 438 776 496 CODEX
819 437 1348 497 VERCELLENSIS.

977 531 1147 586 vitare
1176 533 1310 584 ami-

977 616 1090 662 eos.
1121 617 1296 670 neque

981 671 1175 726 fratres
1205 681 1287 726 tu-

975 756 1057 810 os,
1091 740 1185 796 sed
1217 757 1317 797 nec
1341 741 1421 795 vi-

976 812 1148 883 cinos,
1174 811 1250 883 (a)
1283 826 1383 883 nec
1408 810 1449 880 ἰ-
1472 809 1550 865 di-

978 881 1117 936 vites
1138 896 1152 945 ;
1187 880 1252 934 ne
1275 880 1384 935 for-

979 960 1030 1004 te
1053 961 1107 1006 et
1127 950 1226 1020 ipsi
1255 961 1306 1005 te

981 1024 1233 1084 invitettt,

980 1101 1034 1145 et
1065 1092 1150 1143 iiat
1176 1090 1296 1144 red-

981 1161 1114 1215 ditio
1145 1161 1237 1213 libi
1270 1177 1283 1212 :

984 1231 1069 1285 15.
1113 1231 1229 1291 sed,
1262 1244 1382 1284 cum
1413 1228 1542 1285 faci-

154 529 460 586 discumbat

155 602 215 656 in
241 602 417 670 primo
444 600 525 656 lo-

155 684 226 726 co
245 711 262 734 ,
292 686 360 726 ne
385 670 524 728 forte

157 738 477 795 honoratior
566 784 570 790 .

157 820 212 881 te
241 811 433 881 aliquis
460 811 530 865 sit
559 811 638 866 in-

156 880 213 937 9.
255 880 472 944 vitatus,
501 890 556 935 et

153 953 404 1013 veniens,
431 952 521 1020 qui

152 1029 234 1083 te,
268 1021 286 1052 ί
318 1032 373 1075 et
400 1020 547 1078 illum

157 1091 431 1156 invitavit,

156 1161 303 1216 dicat
328 1161 420 1216 tibi
458 1181 472 1214 :
508 1163 586 1219 Da

158 1230 288 1285 huic
318 1232 492 1287 locum
516 1248 532 1298 ;

157 1311 214 1356 et
241 1308 369 1355 tunc
396 1303 525 1356 inci-

199 1311 214 1382 t
241 1308 369 1355 tunc
396 1303 525 1356 iuci-
984 1317 1046 1382 es
1075 1301 1380 1369 prandium,
1406 1300 1488 1353 in-

199 1388 275 1424 ICS
304 1386 423 1426 CIIII]
453 1388 583 1429 con-

980 1371 1088 1424 vita
1118 1385 1315 1454 paupe-

182 1441 374 1496 usione
405 1457 498 1498 no-
981 1455 1090 1505 res,
1121 1441 1274 1494 debi-

157 1512 440 1571 bissitnum
981 1511 1083 1574 les,
1114 1550 1126 1562 .
1163 1550 1176 1562 .
1205 1510 1339 1564 odos
1363 1548 1378 1572 ,

160 1583 338 1635 locum
368 1581 502 1636 deti-
981 1581 1070 1635 H.
1112 1590 1164 1634 et
1195 1593 1425 1636 caecos:
1456 1587 1512 1635 et
1533 1579 1663 1634 bea-

159 1666 313 1706 nere.
982 1659 1069 1703 tus
1093 1651 1224 1716 eris,
1255 1651 1382 1718 quia

162 1722 251 1776 10.
293 1721 399 1778 Sed
423 1740 544 1779 cum
567 1720 702 1778 invi-
982 1735 1086 1774 non
1115 1718 1315 1774 habent

160 1800 305 1846 tatus
331 1795 495 1849 fueris
513 1836 530 1859 ,
985 1789 1126 1844 unde
1152 1789 1344 1859 redde-

164 1861 302 1916 vade
321 1904 336 1929 ,
365 1871 420 1918 et
451 1858 561 1920 dis-
985 1875 1043 1914 re
1072 1859 1202 1923 tibi;
1232 1858 1358 1914 red-

164 1935 356 1989 eutubc
385 1933 438 1988 iu
984 1929 1143 1985 detur
1170 1931 1314 1984 enim

166 2004 462 2060 novi'simo
989 2000 1080 2055 tibi
1113 2001 1164 2052 in
1196 2013 1374 2054 resur-

164 2072 286 2126 loco
305 2091 320 2138 ;
351 2084 408 2128 ut
431 2115 448 2140 ,
478 2089 598 2130 cum
987 2069 1226 2140 rectioue

165 2143 410 2214 venerit,
436 2139 530 2214 qui
982 2139 1273 2214 iustorum.

170 2221 224 2267 te
254 2213 391 2268 invi-
460 2209 472 2214 ⁷
989 2210 1075 2265 15.
1117 2209 1356 2264 Audiens
1381 2223 1475 2263 au-

168 2282 326 2348 tavit,
358 2281 504 2338 dicat
527 2301 541 2338 :

169 2351 376 2416 Amice,
410 2367 562 2408 acce-

169 2421 239 2475 de
269 2422 537 2490 superius.
554 2466 558 2470 .

170 2491 325 2544 Tunc
354 2492 458 2545 erit

169 2560 342 2630 gloria
371 2561 464 2616 tibi

990 2290 1092 2336 tetu
1124 2278 1339 2346 quidam

987 2365 1052 2403 ex
1079 2349 1315 2407 discum-

989 2419 1238 2472 Dentibus

990 2489 1145 2548 haec.
1179 2488 1313 2541 dixit
1339 2488 1402 2541 il-

990 2557 1025 2611 li
1052 2573 1065 2611 :
1099 2557 1316 2619 Beatus,
1346 2559 1435 2626 qui

172 2627 357 2684 coram
385 2631 496 2685 dis-
989 2627 1340 2682 manducave-

171 2701 475 2756 enmbenti-
990 2697 1059 2751 rit
1089 2711 1278 2765 panem

173 2769 263 2824 11.
307 2770 442 2842 bus;
474 2771 667 2842 quoni—
990 2767 1056 2842 in
1072 2763 1237 2842 regno
1270 2763 1418 2842 Dei.“
1465 2785 1488 2842 ς

173 2854 262 2918 am
289 2840 464 2918 omnis
482 2835 510 2908 ,'
1125 2835 1226 2901 Qui
1366 2837 1502 2891 dixit
1528 2836 1567 2906 1'
1596 2853 1608 2889 :

173 2911 264 2978 qni
296 2907 495 2966 exaltat
992 2907 1163 2978 Homo
1193 2907 1410 2973 quidam

175 2977 260 3045 se,
287 2980 463 3036 humi-
994 2977 1118 3031 fecit
1148 2992 1334 3030 cenam

177 3051 420 3116 liabitur,
442 3062 498 3106 et

174 3119 269 3188 qui
293 3135 354 3176 se
383 3120 560 3176 humi-

173 3190 414 3257 liaberit,
444 3191 586 3247 exal-

177 3261 399 3315 tabitur.

178 3330 268 3384 12.
313 3330 534 3385 Dicebat
559 3345 652 3386 au-

177 3407 287 3453 tem
313 3409 366 3452 et
394 3401 530 3453 invi-

176 3469 339 3522 tatori
369 3486 382 3520 :
413 3469 547 3523 Cum

175 3536 342 3592 facies
374 3552 540 3606 pran-

177 3607 346 3671 dium,
369 3618 422 3661 et
451 3622 541 3662 ce-

178 3692 328 3743 nam,
361 3677 468 3732 noli
497 3679 581 3730 in-

995 3062 1262 3116 magnatn,
1292 3054 1349 3100 et

996 3118 1238 3171 invitavit
1264 3117 1403 3170 mul-

999 3189 1086 3242 17.
1118 3197 1236 3251 tus;
1271 3197 1323 3240 et
1347 3186 1494 3241 misit

996 3271 1207 3312 servum
1235 3272 1325 3311 ευ-

998 3343 1083 3380 um
1117 3327 1246 3381 bora
1277 3341 1366 3382 ce-

998 3412 1118 3462 nae,
1146 3397 1327 3451 dicere

997 3467 1235 3534 invitatis
1265 3483 1277 3517 :
1306 3465 1380 3534 (c)
1410 3481 1500 3521 ve—

997 3536 1108 3589 nite
1137 3533 1177 3603 ϊ
1195 3575 1210 3598 ,
1241 3533 1430 3614 ῃυοηὶι

998 3619 1081 3657 am
1109 3619 1286 3657 omnia

1001 3689 1284 3744 praepara-

1208 325 1649 382 EV’ANGELIUM
1690 326 2051 383 SECUNDUM
2095 330 2343 388 LUCAM.

1809 3678 1812 3683 ’
1849 3676 1958 3730 noli
1988 3678 2216 3731 invitare

3300 333 3403 386 (50

2249 444 2469 501 CODEX
2518 445 2962 503 VERONENSIS.

1828 533 2167 589 discumbere
2647 539 2852 593 amicos
2889 549 3008 593 tuos
3023 580 3040 604 ,

1829 604 1879 678 in
1915 605 2085 671 primo
2648 623 2822 678 neque
2850 608 3046 664 fratres
3064 651 3079 674 ,

1830 673 1946 760 loco
1969 688 2084 760 ;_ue
2649 673 2823 747 neque
2844 687 3104 760 cognatos
3123 719 3139 742 ,

1829 742 1967 797 forte
1993 743 2164 798 hono-

1830 814 1996 868 ratior
2024 827 2072 868 te
2101 814 2170 868 sit

1831 883 1883 935 9.
1923 894 2142 938 vocatus
2158 927 2173 949 ,
2206 897 2260 942 et

1829 953 2027 1012 veniat.
2062 957 2151 1022 qui

1830 1029 1904 1088 te,
1927 1032 1980 1076 et
2011 1024 2162 1079 illum

1831 1093 2061 1155 vocavit,
2086 1103 2142 1148 et

1829 1160 1976 1217 dicat
2004 1162 2103 1217 tibi
2127 1183 2139 1217 :

1831 1230 1904 1284 Da
1933 1233 2054 1287 huic
2075 1233 2152 1288 lo-

1829 1315 1981 1365 cum;
2015 1313 2070 1356 et
2093 1305 2175 1357 in-

1831 1372 1994 1438 cipies
2021 1387 2142 1427 cum

1832 1441 2028 1496 rubore
2061 1459 2154 1497 no-

1832 1510 2108 1566 vissimum

1837 1582 2013 1635 locum
2044 1595 2120 1636 te-

1835 1650 1923 1705 10.
1970 1667 2117 1707 uere.
2151 1655 2257 1710 Sed

1834 1736 1955 1774 cum
1987 1737 2145 1775 V003-

2647 763 2819 816 neque
2851 763 3062 802 vremos
3079 789 3095 812 ,

2648 817 2721 886 (a)
2753 832 2927 886 neque
2947 819 2988 888 -ι-
3015 819 3095 872 di-

2647 889 2781 941 vites
2807 904 2820 951 ;
2850 903 2918 942 ne

2649 956 2788 1011 forte
2815 967 2866 1010 et
2891 957 2996 1027 ipsi

2651 1036 2703 1081 te
2735 1028 3050 1091 reinvitent,

2648 1109 2701 1151 et
2731 1097 2830 1150 erit
2863 1096 2959 1150 tibi

2649 1166 2932 1221 retributio
2958 1185 2973 1220 :

2653 1237 2735 1291 15.
2781 1239 2897 1300 sed,
2922 1251 3045 1290 cum

2649 1306 2780 1360 facis
2807 1306 2995 1359 convi-

2651 1377 2816 1437 vium,
2849 1390 2980 1430 voca

2650 1460 2929 1516 pauperes,
2958 1444 3053 1499 de-

2653 1517 2821 1580 biles,
2848 1516 3054 1578 clodos,

2657 1587 2746 1639 14.
2786 1599 2981 1639 caecos
3009 1605 3020 1638 :
3046 1591 3100 1638 et

2657 1657 2846 1710 beatus
2867 1657 2992 1719 erit,

2655 1724 2797 1793 quod
2826 1740 2932 1778 non

1838 1799 1921 1844 tus
1949 1789 2114 1847 fueris
2134 1837 2149 1860 ,
2657 1789 2857 1848 babent
2884 1793 3044 1848 retri-

1838 1861 1991 1928 vade,
2025 1877 2112 1916 re-
2232 1908 2236 1912 .
2654 1865 2820 1919 buere
2847 1864 2981 1928 tibi;

1839 1933 2041 2006 cumbe‘
2061 1933 2110 1986 in
2657 1935 2994 2006 retribuetur
3268 1986 3292 2006 ,

1841 2001 2136 2058 nobissimo
2658 2003 2799 2058 enim
2832 2002 2929 2056 tibi

1843 2071 1960 2126 loco
1981 2088 1994 2136 ;
2038 2081 2094 2126 ut
2661 2074 2711 2128 in
2741 2086 2979 2127 resurre-

1838 2155 1961 2194 cum
1994 2156 2084 2196 ve-
2659 2144 2836 2198 ctione
2861 2142 3150 2210 iustorum.

1841 2212 2003 2274 nerit,
2032 2214 2122 2281 qui

1843 2289 1895 2335 te
1926 2282 2186 2349 invitavit,

1841 2349 1985 2404 dicat
2012 2354 2106 2406 tibi
2133 2372 2146 2407 :

1841 2419 2060 2485 Amice,
2089 2437 2276 2478 ascen-

1839 2489 1905 2558 de
1930 2491 2197 2558 superius.

1839 2557 1987 2612 Tunc
2002 2557 2117 2614 erit

1840 2627 1934 2681 tibi
1961 2628 2132 2697 gloria

2663 2213 2749 2268 15.
2794 2213 2938 2266 Haec
2963 2226 3087 2279 cum

2661 2282 2939 2337 audissent
2964 2280 3084 2351 qui-

2659 2353 2780 2408 dam
2807 2354 2874 2406 de
2903 2350 3066 2405 simul

2661 2422 3049 2477 discumbenti-

2659 2493 2779 2558 bus,
2811 2491 3064 2544 dixerunt

2660 2561 2740 2615 illi
2773 2580 2784 2612 :
2821 2561 3054 2624 Beatus,

2662 2630 2751 2698 qui
2782 2628 3074 2683 manduca-

1839 2712 1960 2751 cum
1987 2700 2146 2754 simul
2663 2699 2741 2752 bit
2766 2712 2957 2765 panem

1840 2768 2309 2834 recumbentibus;
2666 2769 2718 2822 in
2746 2782 2913 2836 regno
2945 2767 3062 2822 Dei.

1842 2838 1930 2891 11.
1971 2838 2094 2906 quia
2125 2841 2331 2905 omnis,
2667 2839 2754 2892 16.
2801 2837 2877 2891 Ad
2908 2838 3022 2906 ipse

1841 2910 1966 2977 quia
1993 2924 2049 2961 se
2080 2910 2226 2963 exal-

1844 2987 1939 3041 tat,
1973 2978 2151 3032 itumi-

1845 3047 2084 3111 liabitur,
2108 3058 2162 3102 et

1843 3119 1934 3182 qui
1964 3134 2023 3172 se
2050 3115 2224 3172 bumi-

1845 3189 1960 3250 liat,
1988 3190 2190 3243 exalta-

1847 3259 2008 3312 bitur.

1847 3328 1935 3382 12.
1978 3328 2200 3383 Dicebat
2229 3344 2322 3383 au-

1847 3409 1952 3451 tem
1982 3409 2036 3451 et
2065 3398 2198 3451 invi-

1847 3468 2004 3520 tatori
2033 3485 2044 3520 :
2072 3468 2205 3520 Cum

2666 2907 2740 2978 (b)
2771 2908 2907 2960 dixit
2930 2905 2972 2976 υς
3003 2923 3018 2962 ε
3048 2905 3157 2960 ilo-

2665 2992 2752 3031 mo
2781 2979 2997 3045 quidam

2665 3047 2788 3102 fecit
2815 3061 3005 3101 cenam
3034 3059 3147 3100 ma-

2664 3133 2846 3186 gnam,
2877 3125 2933 3169 et
2964 3115 3178 3170 vocavit

2667 3183 2752 3243 i7.
2798 3187 3028 3251 multos;
3059 3195 3114 3241 et
3137 3183 3282 3238 misit

2664 3272 2880 3312 servum
2904 3270 3062 3310 suum

2666 3327 2795 3380 hora
2825 3341 2996 3382 cenae
3020 3366 3036 3391 ,

2667 3407 2720 3451 ut
2751 3396 2959 3451 diceret

2667 3467 2910 3519 invitatis
2939 3484 2952 3518 :

2667 3537 2738 3605 (c)
2769 3535 2954 3589 venite
2980 3535 3037 3604 τ,

2660 3606 2767 3672 jatn
2794 3612 3033 3673 paratum

2663 3684 2738 3727 CSI
2753 3715 2764 3726 .

1849 3535 1978 3589 facis
2008 3536 2285 3605 prandium

1847 3617 1938 3659 aut
1959 3622 2144 3660 cenam
2163 3647 2178 3670 ,
2299 3632 2301 3634 -

1463 3787 1692 3844 CODEX
1730 3789 2112 3847 BRIXIANUS.

174 3879 516 3934 discumbere
532 3881 584 3934 in
605 3882 773 3948 primo
789 3881 927 3936 loco.
945 3896 1009 3934 ne
1027 3881 1160 3935 forte
1181 3880 1488 3933 honoratior
1511 3889 1560 3933 te
1582 3881 1649 3933 sit
1673 3881 1752 3933 in-

178 3952 373 4004 vitatus
389 3950 456 4003 ab
475 3966 558 4004 eo.
585 3961 637 4004 et
653 3950 870 4005 veniens
893 3951 956 4004 is.
976 3953 1060 4018 qui
1088 3961 1136 4004 te
1159 3951 1378 4017 etillum
1401 3952 1655 4002 ίιινξιογὶι.
1676 3953 1752 4003 «Ιί-

175 4033 261 4076 Cat
294 4021 384 4073 tibi
401 4021 472 4074 Da
495 4021 617 4074 huic
639 4023 830 4075 locum.
846 4033 899 4075 et
916 4031 1038 4074 tunc
1057 4022 1275 4088 incipies
1295 4036 1413 4070 cum
1429 4021 1749 4072 verecundia

179 4091 523 4145 novissimum
544 4092 713 4145 locuui
735 4100 938 4145 tenere.
955 4092 1057 4144 Sed
1071 4106 1192 4143 cum
1210 4104 1332 4140 voca
1345 4099 1424 4140 tus
1445 4089 1606 4140 fueris
1621 4090 1749 4142 vade

176 4176 229 4214 et
263 4162 539 4216 discumbe
570 4164 620 4214 iri
653 4161 945 4214 novissimo
978 4162 1115 4211 loco.
1167 4169 1220 4210 ttt
1247 4173 1366 4209 cum
1408 4159 1614 4210 venerit
1657 4159 1744 4224 qui

180 4243 233 4287 te
261 4230 501 4284 invitavit
526 4231 667 4284 dicat
695 4229 810 4282 tibi.
842 4230 1025 4282 Amice
1051 4227 1245 4280 accede
1271 4227 1541 4291 superius.
1595 4225 1746 4280 Tunc

177 4305 278 4355 erit
320 4302 409 4353 tibi
457 4302 622 4369 gloria
669 4315 849 4369 coram
894 4295 1572 4369 simuldiscmnln-utibus.
1624 4297 1743 4369 cinia

178 4373 356 4425 omnis
376 4365 550 4438 qui'se
581 4369 778 4422 exaltat
803 4366 1183 4438 bumiliabitur.
1223 4372 1280 4438 et
1305 4365 1390 4438 qui
1420 4379 1478 4417 se
1507 4365 1748 4418 btuuiliat

179 4430 518 4494 exaltabitur.
553 4439 773 4492 Dicebat
792 4445 968 4490 autem
993 4445 1047 4491 et
1072 4437 1123 4489 ei
1151 4430 1238 4504 qni
1268 4430 1575 4486 invitaverat
1601 4450 1742 4488 enm.

179 4510 311 4565 Cum
335 4510 464 4563 facis
496 4507 774 4577 prandium
803 4517 891 4558 aut
923 4521 1132 4561 cenam.
1179 4505 1284 4558 noli
1310 4519 1516 4558 avocare
1545 4505 1747 4556 amicos

183 4592 321 4634 tuos.
356 4593 529 4648 neque
571 4578 761 4632 fratres
806 4587 944 4630 tuos.
988 4591 1160 4644 neque
1187 4585 1441 4644 cognatos
1481 4584 1618 4628 tuos.
1655 4590 1747 4628 ne-

1853 3898 1955 3952 que
1986 3885 2186 3938 vicinos
2216 3883 2424 3936 divites.
2459 3897 2524 3936 ne
2553 3880 2690 3936 forte
2720 3890 2769 3934 et
2806 3879 2903 3946 ipsi
2936 3877 3221 3952 reinvitcnt
3250 3883 3320 3928 te.
3362 3883 3418 3926 et

1853 3945 1952 4006 erit
1983 3955 2071 4006 tibi
2101 3955 2402 4008 retributio.
2431 3953 2520 4005 sed
2544 3967 2662 4004 cum
2697 3945 2884 4004 feceris
2911 3945 3236 4001 convivium.
3283 3957 3414 3996 voca

1853 4037 2132 4090 pauperes.
2163 4024 2383 4075 deviles.
2409 4021 2610 4074 clodns.
2645 4035 2853 4090 caecos.
2879 4029 2932 4071 et
2956 4018 3139 4090 beatus
3165 4013 3273 4067 eris
3294 4014 3413 4080 quia

1854 4085 2182 4145 nou-babent
2214 4093 2351 4144 unde
2382 4093 2678 4142 retribuere
2721 4089 2836 4141 tibi.
2887 4085 3210 4140 t'etribuetur
3237 4093 3414 4137 autem

1852 4161 1942 4212 tibi
1975 4161 2025 4212 in
2058 4160 2754 4227 resurrectioneiustorum.
2801 4156 3037 4227 Audiens
3077 4165 3252 4227 autem
3292 4155 3414 4227 qui-_

1848 4231 1967 4282 dam
2001 4230 2066 4282 de
2106 4231 2261 4282 simul
2292 4223 2770 4282 discumbentibus.
2804 4227 2945 4278 dixit
2971 4225 3063 4277 illi.
3108 4223 3301 4279 Beatus
3324 4225 3416 4293 qui

1852 4299 2250 4352 manduenverit
2275 4315 2460 4364 panem
2492 4300 2540 4348 in
2571 4314 2732 4365 regno
2765 4296 2878 4348 Dei.
2929 4295 3009 4348 Ad
3044 4296 3156 4362 ipse
3180 4293 3314 4346 dixit
3341 4294 3410 4346 ei.

1850 4369 2017 4433 Homo
2061 4370 2272 4436 quidam
2309 4367 2431 4421 fecit
2459 4375 2920 4441 cenanttnaguam
2950 4367 3255 4441 et__vocavit
3281 4365 3414 4441 tuui-

1851 4451 1951 4492 tos.
1977 4447 2031 4493 et
2055 4435 2198 4492 misit
2228 4453 2436 4492 servum
2466 4453 2616 4490 Suum
2651 4436 2779 4490 hora
2806 4450 2970 4491 cenae
2997 4435 3176 4490 dicere
3217 4435 3414 4486 invita-

1849 4511 1934 4563 tis.
1970 4508 2040 4579 (c)
2066 4511 2240 4563 venite
2266 4510 2302 4579 -ῖ
2333 4511 2452 4578 quia
2480 4510 2588 4576 jam
2611 4518 2789 4574 parata

1451 4694 1678 4750 consx
1715 4658 2172 4750 CDRBEIENSIS.

253 4788 341 4845 12.
369 4789 587 4844 Dicebat
610 4799 786 4843 autem
815 4796 870 4842 et
897 4787 1162 4842 invitatori
1199 4827 1211 4840 .
1243 4828 1256 4840 .
1285 4826 1297 4837 .
1327 4802 1496 4856 neque
1520 4787 1743 4848 vicinos,

1923 4787 2008 4839 17.
2037 4785 2215 4839 dicere
2243 4784 2473 4838 invitatis
2500 4802 2512 4834 :
2538 4782 2737 4846 venite,
2763 4782 2872 4850 jam
2903 4788 3140 4851 paratum
3173 4789 3272 4835 est.

185 4874 358 4930 neque
377 4859 588 4913 divites.
1374 4938 1377 4940 _

1408 4942 1798 4998 VARIANTES
1840 4939 2228 4998 LECTIONES.

249 5042 267 5071 ι
303 5037 409 5089 σαι.
432 5039 490 5086 ad
523 5050 722 5086 coenam
751 5037 951 5085 vocavit.
976 5036 1152 5086 recenti
1172 5049 1334 5094 mut,
1373 5037 1599 5084 invitavit.
1628 5033 1868 5083 Mm.vade
1893 5035 1959 5081 in.
1985 5065 1999 5079 .
2024 5032 2082 5080 ad
2095 5044 2296 5079 coenam
2319 5033 2516 5080 vocavit.
2561 5032 2703 5095 Vulg.
2728 5033 2866 5093 vade,
2886 5032 3118 5082 recumbe
3140 5032 3307 5079 in......

184 5101 421 5150 invitavit.

873 5193 1157 5234 LECTIONES
1181 5195 1381 5234 CODICIS
1413 5194 1810 5233 VINDEBONENSIS
1839 5191 2105 5231 ABEUNTES
2126 5193 2187 5229 ΑΒ
2211 5192 2454 5231 ευιτιοκιιῖ
2480 5193 2740 5233 γυιολτλ.

244 5279 292 5326 9.
321 5276 565 5330 etvcuiat,
589 5273 670 5332 qui
694 5279 742 5320 te
767 5271 978 5334 vocavit,
1000 5278 1052 5318 et
1094 5272 1275 5334 dicat...
1306 5281 1354 5321 et
1380 5273 1607 5334 incipies.
1671 5272 1746 5319 to.

184 5341 309 5388 dicat
336 5335 556 5395 :Amice,
581 5335 760 5382 accede
786 5333 1069 5391 superius...
1095 5332 1206 5380 erit“
1226 5333 1314 5380 tibi
1342 5333 1512 5393 gloria.
1583 5332 1656 5381 12.
1700 5339 1751 5380 et

185 5397 487 5450 invitatnri...
529 5402 758 5455 cognatos
792 5403 1113 5455 tuos.rueque
1135 5396 1330 5448 vicinos,
1359 5408 1518 5454 mque
1541 5397 1749 5454 divites;

187 5475 248 5510 ne
288 5460 408 5509 forte
433 5463 483 5507 te
508 5464 559 5505 et
598 5454 682 5517 ipsi
716 5463 762 5502 te
788 5454 1071 5514 reluvitcut,
1097 5461 1146 5501 et
1171 5455 1266 5503 erit
1290 5456 1375 5503 tibi
1418 5457 1690 5503 retributio.

1857 5269 1927 5318 15.
1947 5267 2136 5316 debiles
2154 5307 2167 5326 ,
2195 5280 2384 5324 caecos,
2408 5279 2454 5316 ct
2475 5268 2650 5316 clntios.
2725 5271 2794 5319 14.
2817 5272 3042 5329 quoniam
3067 5281 3164 5329 uou
3183 5265 3415 5315 habent...

1855 5330 2150 5378 retribunlur
2173 5337 2335 5377 autem
2361 5332 2504 5378 tibi...
2574 5333 2644 5378 15.
2671 5328 2986 5378 manducavit.
3059 5331 3130 5376 l7.
3159 5328 3270 5374 hora
3303 5340 3418 5374 rue-

1856 5404 1944 5438 nan
1972 5429 1983 5449 ,
2028 5399 2079 5438 ut
2115 5391 2306 5440 diceret
2339 5393 2544 5440 unitatis
2569 5405 2579 5437 :
2603 5394 2782 5449 \‘t'llilc,
2805 5394 2913 5452 quia
2941 5399 3153 5452 paratum
3181 5397 3269 5433 est.

1483 5558 1842 5613 BLANCHINI
1884 5557 2105 5612 ΝΟΤᾹΕ.

259 5659 340 5748 (al
377 5653 536 5748 Add‘it
579 5668 759 5722 neque,
785 5651 945 5706 etiam
973 5650 1094 5703 rod.
1127 5650 1276 5704 Cant.
1310 5649 1454 5719 μηδὶ.
1480 5679 1549 5688 --
1583 5649 1655 5719 (ιι)
1685 5651 1807 5706 Post
1848 5651 1976 5703 dixit
2002 5693 2014 5710 .
2047 5650 2194 5706 deest
2220 5653 2286 5717 ci,
2321 5652 2372 5706 in
2404 5651 2524 5706 cod.
2550 5665 2758 5720 quoque
2782 5651 2930 5704 Cant.
2953 5680 3019 5689 -——
3043 5648 3198 5719 (r)ita
3222 5660 3270 5704 et
3318 5658 3426 5705 ιρι.

193 5732 284 5789 Gr.
308 5727 548 5806 ἔρχεσθε.
