3920 6440
576 292 683 348 655
1106 289 1367 347 EUSEBII
1407 288 1737 345 VERCELL.
1780 282 2216 343 EVANGELIUM
2259 284 2387 341 illi!
2434 287 2651 346 YAi’JlS
2688 288 2839 345 COD.
2880 287 3266 347 «JOLLATUM.

965 401 1194 461 CODEX
1230 399 1759 458 VERCELLENSIS.

2672 402 2901 459 CODEX
2948 401 3385 461 VERONENSIS.

583 510 643 551 re
670 495 758 550 hic
777 510 964 564 pecca-
1400 509 1563 548 unum
1597 508 1722 561 pec-
2248 503 2556 563 peccatores
3065 535 3079 549 .
3126 538 3140 551 .
3184 535 3197 549 .
3243 535 3256 549 .
3300 532 3316 548 .
3360 535 3375 550 .
3416 492 3609 563 paeni-

583 578 730 622 tores
756 566 894 621 reci—
1399 573 1639 619 catorem
1663 578 1787 631 pae-
2247 564 2528 632 reciperet,
2561 575 2611 618 et
3063 568 3281 622 tentiam
3313 565 3408 619 lia-

585 638 681 705 pit,
714 645 767 690 et
793 637 966 691 vesci-
1402 632 1682 688 nitentiam
2248 633 2592 705 manducarct
3063 637 3231 698 benti,
3264 650 3421 704 quam

588 703 674 760 tur
702 720 820 760 cum
844 706 955 761 eis?
1400 710 1677 773 agentem,
2246 703 2515 773 cumiillis.
2593 771 2603 773 4
3061 707 3114 761 in
3144 703 3343 761 xcvntt.

589 778 641 830 5.
684 775 826 829 Dixit
851 784 1029 830 autem

1402 788 1558 842 quam
1582 786 1745 854 super

2248 774 2299 825 3.
2344 772 2409 826 Et
2441 774 2514 826 ait
2541 771 2606 826 ad

3056 775 3216 857 iustis
3234 776 3353 857 ,qui

586 845 651 900 ad
681 859 773 899 eos
804 860 955 912 para-
1400 858 1601 897 xcxntt.
1621 842 1733 914 iius—
2249 842 2369 914 illos
2392 842 2581 914 simili-
3057 842 3168 900 non
3189 842 3427 914 indigent

588 916 762 970 bolam
794 911 949 981 hanc,
1404 924 1507 973 tos.
1539 913 1730 981 quibus
2249 913 2486 984 tudinem
2518 911 2693 966 hanc:
2742 932 2750 938 -
3061 911 3339 984 paeniten-

590 985 771 1041 dicens
798 1001 814 1038 :
1406 998 1512 1036 non
1530 990 1613 1035 est
1637 997 1730 1036 ne-
2250 982 2302 1036 ι.
2343 982 2473 1048 Quis
2502 997 2567 1035 ex
2595 996 2691 1035 vo-
3062 982 3212 1041 tiam.

587 1056 642 1110 4.
681 1054 811 1123 Quis
838 1068 907 1109 ex
931 1055 1127 1111 vestris
1404 1052 1634 1125 cesSaria
1661 1063 1791 1123 pae-
1960 1052 1977 1071 "
2250 1052 2333 1125 bis
2352 1052 2533 1115 homo.
2566 1053 2656 1119 qui
2856 1066 2862 1073 '
3062 1056 3115 1109 8.
3155 1056 3261 1110 Aut
3291 1068 3428 1125 quae

592 1121 773 1187 homo,
809 1125 898 1193 qui
924 1124 1020 1179 ha-
1404 1123 1648 1193 nitentia.
1667 1121 1679 1123 ἡ
2251 1121 2408 1176 habet
2434 1132 2647 1193 centum
3063 1125 3279 1191 mulier,

589 1194 679 1249 bet
701 1192 837 1249 oves
852 1209 981 1249 cen-
1403 1192 1455 1246 8.
1502 1195 1603 1245 Ant
1628 1205 1763 1260 quae
1790 1203 1908 1243 mu—
2248 1206 2395 1251 oves,
2420 1198 2477 1245 et
2508 1192 2551 1245 si
2578 1207 2663 1246 er-
3065 1196 3266 1250 habens

588 1271 721 1336 tum,
747 1272 800 1318 et
829 1264 873 1317 si
905 1279 1001 1336 pe-
1404 1261 1524 1336 licr,
1541 1261 1749 1336 liabens
2250 1262 2447 1336 rave‘rit
2469 1278 2570 1315 una
3060 1265 3305 1336 dracmas
3330 1264 3423 1318 de-

588 1335 739 1389 rierit
769 1348 874 1389 una
905 1330 923 1336 ⁷
1407 1330 1689 1385 drachmas
2247 1345 2313 1386 ex
2335 1333 2433 1395 eis,
2460 1346 2566 1385 non
3063 1350 3202 1399 cem,
3226 1333 3271 1387 si
3330 1377 3343 1389 .

588 1420 651 1458 ex
673 1404 770 1474 eis,
799 1418 937 1457 non-
1406 1417 1462 1474 ξ.
1481 1401 1597 1474 ςδιξὶ
1622 1400 1797 1474 perdi-
1932 1467 1944 1474 _
2250 1400 2595 1456 ditnmitteret
3066 1403 3355 1474 perdiderit

592 1490 659 1528 ne
689 1473 943 1545 relinquit
1408 1470 1599 1545 diderit
1624 1467 1705 1539 (η)
1730 1481 1890 1523 unam
1917 1467 1957 1538 ’ξ-
2249 1484 2448 1545 ξανιιιι.
2470 1473 2520 1525 in
3064 1467 3138 1545 (α)
3179 1472 3333 1527 unam
3351 1472 3413 1544 ἦ,

590 1558 789 1599 xcvnn.
822 1540 875 1597 in
906 1543 1003 1599 de-
1406 1555 1471 1595 ex
1498 1540 1625 1605 illis,
1656 1554 1786 1593 non-
2250 1540 2484 1605 deserto,
2516 1550 2571 1597 et
3069 1540 3246 1598 nonne
3265 1559 3354 1597 ac-

590 1625 759 1678 serto,
780 1620 835 1667 et
854 1629 947 1664 va-
1406 1625 1472 1682 ne
1499 1609 1743 1663 accendit
2252 1610 2360 1682 abit
2380 1612 2446 1664 ad
2478 1612 2543 1666 il-
3068 1613 3248 1682 cendit
3273 1613 3445 1668 lucer-

584 1683 670 1738 dit
689 1684 939 1747 adillam,
1408 1680 1700 1743 lucernam,
2252 1681 2377 1743 Iani,
2406 1696 2541 1749 quae
3071 1680 3215 1745 nam,
3243 1692 3299 1737 et

589 1767 726 1823 quae
756 1752 915 1820 perit,
1406 1757 1461 1804 et
1488 1750 1838 1823 scopis_com-
2252 1750 2472 1823 erravit,
2494 1749 2591 1823 do-
3070 1754 3249 1823 scopis
3278 1768 3429 1806 multo

628 1818 878 1888 uaerens,
1408 1820 1629 1873 mundat
1652 1820 1746 1872 do-
2256 1834 2355 1888 nec
2385 1818 2615 1885 inveniat
3072 1818 3218 1876 dav’it

630 1906 765 1947 onec
795 1887 948 1945 inve-
1406 1904 1580 1954 mum,
1614 1889 1635 1919 ²
1660 1897 1712 1941 et
1740 1901 1899 1957 quae-
2255 1887 2307 1941 5.
2340 1890 2496 1941 eam?
2524 1889 2591 1943 Et
3071 1892 3308 1957 domum,

593 1963 706 2016 niat
731 1960 917 2015 illam?
1407 1960 1479 2012 rit
1507 1959 1731 2031 diligen-
2257 1973 2376 2031 cum
2408 1960 2554 2013 inve-
3071 1972 3126 2016 et
3158 1962 3364 2031 quaerit

595 2031 648 2087 5.
682 2031 751 2108 Et
765 2046 885 2108 eum
908 2031 1055 2088 inve.
1413 2040 1513 2090 ter,
1538 2028 1808 2108 quoadus-
1856 2094 1857 2097 η
2261 2030 2400 2083 nerit
2427 2044 2575 2097 eam,
3071 2028 3375 2108 diligenter,

594 2106 755 2166 nerit,
786 2101 939 2170 inpo-
1412 2101 1742 2170 queiuveni-
1887 2167 1898 2170 _
2094 2127 2105 2137 -
2264 2138 2277 2151 .
2322 2139 2356 2170 ,Α
2381 2140 2412 2157 .,
2436 2136 2452 2151 .
2496 2139 2509 2152 .
2541 2120 2567 2152 ί.
2612 2140 2625 2154 .
2665 2115 2780 2156 eam
3071 2101 3242 2157 donec
3271 2102 3352 2157 in—

593 2173 672 2225 nit
700 2166 1034 2241 illain'super
1411 2166 1464 2221 9.
1508 2169 1595 2241 at?
1624 2166 1710 2233 Et,
1743 2181 1864 2222 cum
1886 2167 1970 2222 in-
2261 2170 2313 2241 in
2346 2168 2599 2224 humeros
3071 2171 3125 2227 9.
3167 2172 3382 2226 veniat?
3431 2171 3529 2235 Et,

591 2256 808 2296 umeros
828 2256 915 2294 su-
940 2239 947 2241 “
1410 2239 1618 2291 venerit
1637 2252 1776 2299 eam,
2258 2239 2311 2294 6.
2352 2253 2500 2300 suos.
2531 2249 2586 2295 et
2605 2256 2695 2297 ve-
3070 2256 3190 2296 cum
3219 2242 3370 2297 inve-

591 2326 674 2386 ρει,
705 2310 940 2380 gaudens
970 2329 984 2365 :
1412 2317 1563 2361 vocat
1598 2306 1731 2361 ami-
1803 2374 1815 2386 .
2258 2310 2412 2364 niens
2445 2310 2682 2377 domum,
3071 2312 3243 2378 nerit,
3270 2325 3399 2386 con-

592 2381 647 2435 6.
688 2379 742 2435 et
769 2394 888 2434 cum
916 2395 1075 2436 venen
1411 2391 1503 2432 cas
1522 2391 1665 2441 suas,
1690 2386 1746 2430 et
1768 2379 1846 2431 vi-
2255 2390 2517 2435 convocat
3070 2393 3225 2436 vocat
3250 2379 3383 2433 ami-

589 2453 661 2505 rit
687 2450 927 2517 domum,

590 2532 852 2575 convocat

588 2588 811 2655 amicos,
837 2597 894 2645 et
920 2590 999 2645 vi-

588 2660 737 2714 cinos
753 2700 768 2725 ,
792 2660 978 2715 dicens

591 2731 697 2811 illis
722 2730 1004 2811 :‘pongra-

1410 2447 1575 2511 cinas,
1600 2446 1783 2501 dicens
1806 2462 1820 2497 :

1409 2517 1759 2586 Congratula-

1412 2585 1543 2642 mini
1573 2585 1729 2653 mihi;
1787 2610 1789 2612 ·

1409 2658 1671 2727 quoniam
1689 2659 1770 2713 in-

1412 2727 1533 2781 veni
1559 2728 1714 2782 drac-

2255 2450 2477 2512 atnicos,
2502 2459 2556 2506 et

2255 2520 2481 2580 vicinos.
2507 2520 2589 2575 di—

2254 2602 2382 2642 cens
2404 2590 2509 2644 illis
2532 2608 2545 2645 :

2255 2658 2709 2729 Congratulamini

2256 2743 2488 2801 mecum,
2524 2733 2644 2801 quia

3070 2465 3184 2514 cas.
3210 2461 3266 2505 et
3295 2451 3369 2504 vi-

3070 2521 3252 2586 cinas,
3280 2519 3362 2573 di-

3071 2605 3197 2645 cens
3221 2606 3235 2643 :
3257 2590 3398 2643 Con.

3070 2658 3407 2731 gratulamini

3070 2728 3201 2784 mibi
3224 2745 3239 2795 ;
3266 2728 3407 2795 quod

3720 282 3836 338 cio
3918 288 3920 355 ξ

590 2800 831 2854 tulainini
865 2796 967 2853 mi-
1100 2813 1109 2819 '
1409 2796 1791 2867 mam,'qua_m
2256 2800 2468 2854 inventa
2498 2796 2580 2855 est
2970 2838 2971 2841 η
3071 2801 3246 2855 inveni
3267 2799 3421 2854 drac-

590 2870 643 2923 hi
660 2910 675 2933 ,
701 2870 955 2937 quoniam
1411 2866 1770 2937 perdideram.
2256 2870 2375 2922 ovis
2397 2883 2533 2936 mea,
3070 2884 3229 2924 mam.

591 2934 767 2993 inveni
792 2953 949 2992 ovem
1410 2934 1498 2991 l0.
1539 2934 1629 2991 Sic
1664 2938 1785 2995 dico
1816 2957 1909 2997 vo-
2255 2954 2393 3007 quae
2416 2934 2580 3007 perie-
3071 2939 3158 2995 10.
3206 2938 3280 2994 Ita
3302 2938 3422 2994 dico
3442 2950 3539 2993 vo-

592 3023 784 3070 meam,
816 3022 953 3077 quae
1409 3007 1520 3077 bis,
1549 3007 1795 3075 gaudium
2256 3017 2357 3063 rat.
3070 3010 3175 3075 bis,
3198 3010 3277 3065 sic
3294 3022 3426 3077 gau-

592 3078 849 3143 perierat.
1409 3076 1513 3130 erit
1542 3089 1723 3131 coram
2084 3102 2087 3103 ν
2256 3081 2309 3134 ’1.
2354 3079 2479 3132 Dico
2504 3080 2685 3146 vobis,
3071 3078 3219 3133 dium
3241 3076 3345 3134 erit

591 3149 646 3232 7ε
687 3148 817 3227 Dico
842 3146 1015 3213 vobis,
1050 3146 1067 3178 ¹
1095 3160 1224 3217 quo-
1413 3146 1646 3214 Angelos
1676 3147 1769 3205 Dei
2254 3149 2395 3272 quod
2426 3149 2650 3231 ita-gau-
3071 3150 3456 3229 (ξω-κωλυθε-

591 3232 733 3272 niam
764 3231 843 3271 sic
870 3231 1003 3272 aau-
1412 3230 1575 3272 super
1605 3232 1765 3272 unum
2296 3236 2400 3272 llilll
2433 3232 2532 3272 erit
2567 3236 2619 3272 In
3074 3217 3141 3271 iis
3169 3218 3267 3272 Dei
3305 3233 3359 3271 in

590 3217 733 3272 niam
764 3218 843 3287 sic
870 3231 1003 3287 gau-
1412 3230 1575 3283 super
1605 3232 1765 3273 unum
2254 3217 2400 3272 dium
2433 3217 2540 3273 erit
2567 3222 2619 3273 in
3074 3217 3141 3271 lis
3169 3217 3267 3272 Dei
3305 3217 3359 3271 in

588 3289 734 3342 dium
762 3286 865 3342 erit
895 3286 950 3342 in
1174 3312 1175 3315 η
1411 3297 1739 3355 peccatorem
2224 3290 2407 3344 'Caclo
2448 3330 2461 3342 .
2510 3330 2521 3342 .
2569 3327 2582 3339 .
2629 3329 2642 3344 .
2686 3330 2698 3341 .
3075 3296 3358 3356 peccatore

589 3357 740 3413 caelo
766 3372 929 3427 super
1412 3357 1728 3426 paenitenti—
2262 3368 2538 3429 peccatore
3074 3358 3457 3427 paenitentiam

1880 3494 2107 3552 CODEX
2134 3494 2522 3552 BBIXIANUS.

589 3586 1017 3658 lticpeccatores
1041 3585 1246 3658 recipit.
1279 3597 1334 3642 et
1362 3587 1644 3658 manducat
1670 3603 1793 3644 cum
1824 3587 1950 3642 illis.
1990 3589 2056 3641 Et
2076 3588 2151 3641 ait
2253 3587 2378 3642 tiam
2411 3597 2678 3655 agentem.
2710 3603 2867 3658 quam
2895 3603 3059 3658 super
3086 3586 3473 3658 nonagintaet
3508 3602 3704 3643 novem
3744 3586 3833 3656 jn—

592 3657 660 3712 ad
685 3656 807 3711 illos
837 3657 1140 3727 parabolam
1171 3657 1325 3711 istam
1358 3657 1563 3711 dicens.
1609 3658 1737 3723 Quis
1775 3674 1837 3710 ex
1880 3658 2029 3711 vobis
2056 3658 2153 3707 lio-
2254 3670 2387 3727 stos.
2422 3658 2509 3727 qui
2539 3673 2641 3711 non
2676 3655 2915 3726 indigent
2937 3655 3341 3727 paenitentiam.
3373 3655 3483 3713 Aut
3520 3673 3662 3727 quae
3706 3655 3833 3710 mu-

593 3742 700 3781 nio.
738 3728 828 3794 qui
856 3726 1017 3797 liabet
1045 3737 1259 3797 centum
1290 3742 1435 3781 oves.
1467 3736 1522 3781 et
1550 3728 1591 3780 si
1620 3728 1876 3797 erraverit
1904 3741 2061 3797 unam
2086 3741 2153 3779 ex
2253 3725 2353 3778 lier
2385 3726 2585 3780 habens
2621 3725 2867 3795 dragmas
2892 3725 3098 3782 decem.
3128 3729 3171 3782 si
3221 3726 3509 3795 perdiderit
3540 3725 3832 3797 ‘dragmam

590 3798 719 3849 illis.
750 3811 924 3850 nonne
951 3795 1171 3848 dimittit
1202 3799 1485 3862 nonaginta
1517 3807 1567 3850 ct
1612 3811 1799 3849 novem
1834 3795 1885 3849 in
1913 3795 2148 3865 deserto.
2260 3811 2441 3849 uuam.
2478 3806 2653 3849 nonne
2680 3798 2919 3849 accendit
2944 3799 3239 3851 lucernam.
3270 3806 3324 3851 et
3350 3797 3529 3865 scopis
3551 3795 3835 3850 mundavit

592 3876 647 3920 et
675 3866 818 3937 vadit
860 3881 1117 3934 quaerere
1144 3881 1259 3918 eam
1287 3882 1421 3937 quae
1447 3867 1660 3920 erravit.
1694 3865 1885 3937 donec
1917 3864 2153 3917 inveniat
2259 3865 2473 3919 domum
2514 3875 2567 3919 et
2593 3866 2802 3934 quaerit
2820 3866 3117 3936 diligenter.
3144 3868 3314 3937 donec
3336 3866 3686 3937 inyeniat.ﬁt
3708 3880 3833 3919 cum

595 3952 731 3990 eam.
773 3934 837 3988 Et
862 3933 980 3990 eum
1016 3937 1275 3989 invenerit
1301 3933 1415 3991 eum
1446 3940 1661 4003 inponet
1689 3936 1737 3987 in
1772 3950 1983 3989 macros
2028 3949 2153 3987 suos
2262 3937 2521 3987 invenerit
2549 3944 2807 3988 convocat
2833 3933 3033 3988 amicas
3057 3948 3113 3989 et
3143 3935 3342 3989 vicinas
3371 3935 3557 3988 diecns
3590 3933 3832 4001 Congra-

594 4005 850 4073 gaudens.
901 4016 955 4059 et
983 4006 1201 4059 veniens
1231 4009 1279 4058 in
1311 4008 1523 4060 tiOllilllll
1557 4016 1818 4060 convocat
1860 4006 2059 4058 amicos
2103 4014 2157 4057 et
2260 4007 2495 4059 tulainini
2546 4008 2692 4058 milii.
2740 4008 2863 4073 quia
2917 4006 3088 4058 inveni
3138 4005 3409 4071 draginani
3454 4019 3631 4055 meant
3669 4019 3830 4068 quam

602 4072 806 4127 vicinos
832 4076 1014 4129 dicens
1039 4076 1630 4145 illis.(Jongratulainini
1657 4078 1806 4129 mihi.
1828 4078 1948 4143 quia
1976 4076 2155 4128 inveni
2258 4076 2610 4143 perdidi-ram.
2646 4076 2716 4128 ita
2746 4072 2866 4130 dico
2898 4075 3068 4128 vobis.
3092 4076 3172 4128 sic
3211 4073 3459 4140 gaudium
3490 4072 3599 4145 erit
3643 4087 3831 4145 coram

596 4159 745 4215 ovem
779 4161 950 4198 meam
975 4162 1109 4212 quae
1134 4142 1387 4214 perierat.
1422 4147 1549 4200 Dico
1578 4148 1727 4199 vobis
1755 4142 1893 4214 quod
1928 4147 1996 4199 ita
2028 4161 2157 4212 gau-
2258 4149 2475 4215 Angelis
2514 4145 2609 4200 Dei
2661 4160 2822 4214 super
2872 4162 3033 4200 unum
3066 4151 3399 4214 peccatorem
3445 4142 3833 4211 paenitentiam

597 4213 742 4267 dium
768 4217 869 4267 erit
900 4218 950 4267 in
977 4213 1309 4284 caelo'super
1337 4233 1499 4271 unum
1532 4213 1865 4286 peccatorum
1892 4218 2154 4284 paenitet»

1854 4327 2081 4383 CODEX
2118 4325 2575 4384 CORBEIENSIS.

668 4418 721 4472 9..
744 4416 905 4501 Quod
936 4417 1021 4471 hic
1047 4426 1355 4487 peccatores
1384 4418 1647 4487 reciperet
1668 4460 1684 4486 ,
1730 4430 1791 4473 et.
1813 4420 2161 4473 manducarct
2329 4421 2382 4471 ’7.
2407 4419 2485 4501 ,ἰη
2513 4433 2639 4501 ⁹υηο
2678 4426 2959 4486 peccatore
3007 4458 3019 4469 .
3057 4455 3071 4469 .
3104 4451 3119 4467 .
3143 4427 3299 4485 quam
3327 4411 3379 4467 in
3412 4410 3707 4479 nonaginta
3739 4426 3831 4466 no-

824 4505 869 4541 s,
2265 4505 2381 4541 vem
2405 4505 2576 4541 tusus.

630 4508 642 4541 ι
702 4506 717 4542 ι
744 4490 777 4542 il
806 4490 869 4542 is.

595 4506 719 4613 cui.
754 4490 1039 4628 nlonaginta
1065 4569 1114 4611 et
1138 4572 1326 4610 novem
1360 4558 1410 4611 in
1453 4558 1721 4613 montibus
1748 4558 1798 4610 in
1829 4556 2043 4628 deserto
2068 4597 2081 4619 ,
2110 4573 2141 4611 e

2278 4497 2789 4628 i"ut:isligplifi'diderit
2806 4571 2962 4628 unam
2991 4598 3006 4620 ,
3035 4568 3214 4611 nonne
3237 4551 3498 4607 accendet
3527 4550 3826 4617 lucernam,

598 4631 695 4684 ibit
724 4630 787 4684 ad
818 4626 984 4692 illam,
1010 4643 1148 4695 quae
1174 4629 1393 4691 erravit,
1419 4628 1591 4683 donec
1614 4626 1889 4681 inveniat?
2271 4628 2287 4657 ’δ
2316 4636 2369 4679 et
2389 4640 2548 4692 scopa
2579 4626 2853 4680 mundabit
2878 4626 3092 4680 domum
3123 4639 3296 4688 suam,
3316 4632 3431 4695 etc.
3482 4682 3513 4695 Α

670 4704 720 4754 6.
753 4691 1204 4770 (longratuiainini
1230 4714 1438 4753 mecum
1462 4740 1479 4766 ,
1523 4698 1643 4769 quia
1670 4697 1882 4752 inventa
1925 4704 2010 4751 est
2050 4695 2167 4750 ovis
2265 4773 2292 4819 ι
2340 4694 2425 4749 10.
2475 4691 2725 4764 gaudium
2754 4696 2775 4726 ⁵
2802 4694 2908 4750 erit
2933 4710 3113 4751 coram
3140 4691 3361 4764 Angelis
3390 4693 3442 4747 in
3482 4691 3599 4748 uno
3644 4707 3831 4763 pecca-

600 4784 738 4824 mea.
2295 4779 2405 4818 ore.

656 4784 738 4825 ea.
2265 4784 2405 4819 tore.

1802 4878 2195 4936 VARIANTES
2234 4876 2631 4933 LECTIONES.

664 4979 682 5009 ⁸
722 4977 828 5041 Gal.
851 4977 977 5040 quod
999 4978 1105 5040 plus
1127 4978 1369 5040 gaudium.
1400 4977 1541 5041 Vulg.
1563 4975 1689 5041 quod
1712 4976 1774 5026 ita
1795 4975 2039 5038 gaudium.
2270 4983 2432 5041 quam:
2461 5037 2470 5041 _
2537 5034 2546 5041 ι
2718 5038 2726 5041 Δ
2769 5020 2792 5041 ι,
2980 5031 3022 5041 η
3148 5035 3159 5041 _
3298 5030 3310 5040 _
3569 5029 3579 5039 _

664 5041 685 5102 ἑ
722 5040 823 5102 Gut.
847 5027 897 5086 εἰ
921 5027 1155 5100 quaeret?
1176 5041 1318 5101 Vulg.
1346 5047 1398 5089 et
1418 5027 1627 5102 qua'eri't.
1915 5097 1927 5102 _
2288 5027 2303 5033 ’
2331 5033 2351 5102 ’ς
2386 5031 2487 5102 gat.
2505 5034 2554 5081 et
2571 5038 2735 5102 veri-et
2752 5027 3088 5102 domumJlm.
3115 5035 3163 5079 et
3183 5030 3339 5091 scopis
3352 5028 3607 5079 mundabit
3623 5027 3830 5077 domum.

668 5101 688 5131 ⁸
722 5101 829 5151 Gal.
852 5106 898 5150 ct
1064 5091 1310 5161 dragmaiii
1336 5091 1510 5159 iuea'm,
1535 5112 1693 5162 quam.
1725 5097 1871 5161 Vulg.
1898 5097 2163 5158 dragmam,
2330 5094 2350 5124 ⁸
2386 5094 2500 5141 Μηι.
2528 5094 2623 5141 erit
2640 5091 2859 5153 Angelis.

1267 5222 1549 5261 LECTIONES
1568 5220 1767 5262 CODICIS
1791 5214 2196 5260 VINDEBUNENSIS
2225 5214 2494 5253 ABEUNTES
2517 5214 2579 5252 ΑΒ
2601 5211 2845 5251 EDITIONE
2873 5209 3135 5263 νυιιῦΛτΑ.

663 5321 1078 5369 5.5imilitndiccm
1106 5322 1442 5383 lianc,dicens.
1510 5322 1554 5371 ι.
1583 5334 1719 5382 oves,
1748 5334 1983 5369 nonum...
2003 5325 2063 5383 _et
2082 5317 2170 5364 ibit
2274 5316 2320 5361 in
2336 5316 2603 5383 nonaginta
2627 5309 2977 5383 novemjnstis,
2999 5309 3197 5383 quinm}
3222 5308 3457 5383 indigent“
3461 5307 3824 5383 paenitentiam.

605 5382 663 5430 ad
684 5383 829 5443 illam,
850 5396 974 5443 quae
1002 5385 1196 5431 erravit.
1234 5370 1305 5431 ’5.
1334 5384 1546 5429 invenit
1566 5370 1908 5442 eam,'iiix|.onit
1931 5382 1978 5427 in
2003 5379 2170 5425 liuine-
2291 5437 2301 5443 _
2334 5377 2377 5424 8.
2425 5370 2642 5443 unane...
2685 5370 3126 5443 scopisutnundablt
3157 5370 3365 5443 domum.
3427 5370 3475 5418 9.
3501 5374 3634 5443 quod
3674 5371 3826 5443 iuvem

608 5456 684 5490 ros
706 5431 929 5491 suos':'et
954 5446 1174 5491 veniens.
1238 5448 1283 5490 t5.
1312 5431 1713 5503 ljongratnlamini
1737 5431 1952 5495 mecum;
1978 5444 2169 5503 inventa
2274 5437 2534 5503 (ἲς-θείνων.
2567 5436 2652 5503 ita:
2698 5436 2793 5503 _10.
2824 5436 2930 5482 dico
2964 5434 3097 5482 vobis
3125 5433 3215 5480 erit
3236 5442 3478 5480 coram...
3499 5431 3549 5479 in
3574 5432 3828 5493 peccatore

609 5513 683 5552 est
718 5508 819 5553 ovis
850 5518 987 5567 mea,
1014 5518 1156 5566 quae.
1224 5504 1267 5554 7.
1297 5508 1342 5553 in
1368 5497 1520 5555 uno...
1546 5506 1887 5565 paenitentiam
1912 5500 2168 5571 habenti...
2276 5500 2613 5559 paenitentiam
2639 5497 2866 5546 habente.

1917 5600 2270 5663 BLANCHINI
2308 5602 2533 5658 NOTIE.

689 5700 761 5770 (α)
800 5704 929 5757 Ante
958 5721 1109 5759 unam
1135 5747 1147 5772 ,
1197 5705 1347 5762 deest
1369 5704 1664 5761 drachmam
1688 5744 1702 5768 ,
1732 5704 1887 5761 etiam
1919 5703 1973 5757 in
1998 5698 2118 5757 cod.
2148 5694 2303 5759 Cant.
