3920 6442
529 306 634 366 659
1041 305 1308 364 EUSEBll
1346 304 1687 364 VERCELL.
1729 303 2177 364 EVANGELIUM
2215 305 2361 363 CUM
2404 304 2630 364 VARllS
2666 306 2824 364 COD.
2860 303 3249 363 COLLATUM.

919 414 1149 473 CODEX
1176 415 1710 473 VERCELLENSIS.

535 517 621 565 ter
636 548 653 572 ,
684 507 901 578 peccavi

532 581 586 634 in
611 581 839 643 caelum,

533 660 589 706 et
614 663 794 704 coram
819 658 901 714 te;

529 721 639 791 jam
663 734 772 775 non
800 733 918 774 sum

535 791 729 858 dignus
756 804 845 843 vo-

534 862 647 916 cari
676 859 816 914 filius
846 868 932 914 tu-

531 930 620 986 22.
667 946 751 985 us.
776 930 792 961 ¹
812 930 957 986 Dixit

537 1009 716 1056 autem
748 1011 899 1068 pater

531 1073 598 1126 ad
630 1086 841 1143 pueros,
858 1086 947 1125 su-

533 1157 595 1198 os
621 1141 647 1194 τ’
666 1141 914 1196 Celerius

531 1227 633 1282 pro
642 1212 774 1266 ferte

533 1283 732 1338 stolam
762 1282 905 1350 prio-

531 1367 687 1425 rem,
721 1361 776 1406 et
806 1352 958 1425 indu-

533 1423 609 1478 ite
636 1422 784 1476 illum
807 1462 823 1485 ,
848 1422 903 1476 et

533 1492 659 1547 date
687 1494 905 1546 anulum

534 1562 591 1617 in
622 1577 779 1616 manu
807 1562 913 1616 illi—

534 1648 620 1697 us,
658 1641 714 1688 et
740 1633 936 1687 calcia-

535 1713 720 1758 menta
744 1703 796 1757 in
823 1719 912 1772 pe-

532 1773 623 1828 23.
658 1774 813 1827 dibus
841 1774 990 1841 ejus,
1014 1782 1069 1828 et

536 1844 786 1897 adducite
811 1845 889 1897 vi-

535 1914 707 1968 tulum
731 1913 880 1966 illum

537 1984 839 2054 saginatum
855 2024 871 2049 ,

538 2063 595 2108 et
610 2052 868 2117 occidite,

538 2133 595 2179 et
625 2124 912 2179 manduce-

535 2209 681 2260 mus,
704 2204 757 2249 et
787 2209 947 2263 aepu—

533 2263 628 2319 24.
670 2266 874 2336 lemur;
906 2280 1040 2336 quo-
1072 2310 1077 2313 χ

534 2337 679 2390 niam
710 2336 796 2389 liie
821 2334 916 2389 lili-

538 2420 602 2459 υς
624 2420 779 2460 meus
803 2420 938 2460 mor-

538 2484 663 2530 tuus
689 2475 899 2540 fuerat,

539 2555 595 2599 et
622 2546 852 2609 revixit;
884 2559 968 2613 pe-

539 2617 739 2681 rierat,
768 2626 823 2669 et
850 2616 933 2669 in-

462 2709 464 2713 '
538 2696 732 2741 ventus
760 2693 862 2740 est.

539 2755 613 2813 Et
640 2765 937 2823 coeperunt

542 2828 815 2896 aepulare.

539 2896 631 2951 25.
676 2896 805 2963 Erat
832 2904 1009 2952 autem

541 2968 685 3021 filius
714 2966 858 3020 illius

544 3036 731 3091 senior
758 3038 810 3090 in
838 3053 888 3089 a-

541 3122 676 3178 gro:
707 3118 762 3161 et
786 3122 909 3178 cum

541 3177 782 3243 veniret,
816 3177 909 3231 ad-

544 3249 876 3317 propinqua-

543 3318 623 3371 vit
649 3318 864 3383 domui,
889 3327 943 3372 et

545 3387 715 3441 audiit
757 3402 900 3457 sym-

586 3456 775 3511 honias
789 3456 811 3519 ί,
844 3466 901 3512 et
922 3526 925 3527 ν

586 3528 637 3583 6.
680 3528 904 3583 chorum
923 3546 938 3593 ;
971 3537 1025 3584 et

546 3602 757 3653 vocavit
786 3616 949 3653 unum

548 3669 615 3723 de
643 3668 825 3739 pueris
843 3713 858 3736 ,
888 3680 944 3725 et

549 3877 708 3933 Pater
742 3877 951 3947 peccavi
985 3877 1036 3929 in
1072 3875 1379 3947 caelumtet
1412 3889 1596 3947 coram
1634 3884 1703 3927 te.
1719 3874 1831 3942 jam
1866 3887 1972 3947 non
2012 3888 2127 3925 sum

550 3944 755 4017 dignus
768 3946 949 4002 vocari
974 3947 1111 4000 (ilius
1136 3958 1272 3999 tuus.
1306 3945 1447 3999 Dixit
1470 3954 1648 3999 autem
1674 3952 1833 4017 pater
1853 3944 1923 4017 ad
1935 3957 2130 4017 servos

552 4014 698 4071 suos.
723 4018 841 4072 Cito
859 4017 1097 4086 proferte
1117 4019 1308 4071 stolam
1335 4018 1578 4083 primam.
1604 4014 1873 4068 etinduite
1892 4014 2129 4086 illum.et

551 4088 675 4140 date
696 4084 944 4141 annulum
974 4088 1198 4141 iumanu
1225 4087 1359 4154 ejus.
1382 4087 1795 4141 etCaICiamcnta
1827 4086 1877 4137 in
1908 4084 2129 4151 pedibus

553 4158 668 4227 ejus
685 4167 737 4211 et
761 4159 1005 4212 adducite
1030 4160 1249 4212 vitulum
1274 4159 1567 4227 saginatum
1586 4164 1641 4209 et
1659 4156 1884 4210 occidte.
1906 4165 1959 4208 et
1981 4170 2129 4208 man-

551 4226 1144 4291 ducantesaepulemur.
1162 4229 1285 4295 quia
1302 4227 1387 4281 hic
1408 4228 1545 4281 filius
1557 4240 1727 4279 meus.
1751 4236 1990 4278 mortuus
2014 4234 2132 4277 erat

553 4306 610 4349 et
641 4299 852 4349 revixit.
877 4299 1105 4361 perierat
1123 4309 1175 4349 et
1192 4300 1439 4350 iuventus
1456 4307 1555 4349 est.
1582 4296 1645 4349 Et
1662 4305 1952 4364 coeperunt
1970 4310 2129 4355 aenu-

553 4365 670 4421 lari.
701 4368 1013 4418 Eratautam
1040 4366 1175 4417 filius
1207 4368 1322 4431 ejus
1339 4366 1517 4417 senior
1539 4368 1589 4416 iu
1616 4380 1745 4430 agro
1770 4374 1961 4417 etcum
1988 4369 2132 4417 vcui-

554 4448 655 4492 ret.
692 4445 746 4488 et
771 4435 1223 4501 adpropinquaret
1260 4435 1441 4486 domui
1474 4432 1680 4485 audivit
1712 4432 2051 4501 symfoniam.
2083 4443 2135 4485 et

552 4509 777 4563 chorum
791 4518 842 4561 et
862 4505 1074 4560 vocavit
1088 4519 1246 4558 unum
1262 4504 1327 4558 de
1339 4504 1529 4570 servis,
1545 4502 1975 4570 etinterrogavit.
1990 4501 2135 4572 quid:

1839 4589 2070 4647 CODEX
2093 4592 2555 4651 CORBEIENSIS.

624 4691 716 4747 22.
749 4693 940 4747 stolam
970 4691 1119 4747 illam
1145 4690 1395 4759 primam.
1568 4757 1577 4759 _
2156 4706 2167 4717 ι

1358 509 1658 576 interroga-

1355 578 1453 646 vit,
1486 579 1741 648 quidnam

1354 647 1538 703 essent
1569 647 1714 704 lucc?

1352 718 1445 773 27.
1485 717 1691 791 Qui_ait
1719 717 1795 774 illi
1822 734 1838 773 :
1862 717 1941 791 (a)
1968 716 2108 789 gfquo-

1356 791 1499 842 niam
1526 789 1565 860 1-
1587 788 1754 860 frater

1358 869 1480 914 tuus
1499 858 1649 912 venit
1669 899 1685 925 ,

1356 937 1411 983 et
1436 929 1634 984 occidit
1664 942 1761 997 pa-

1358 1010 1437 1053 ter
1466 1010 1587 1054 tuus
1612 1000 1692 1052 vi-

1357 1069 1526 1123 tulum
1559 1070 1714 1123 illum

1356 1139 1690 1209 saginatum;

1358 1211 1719 1280 quoniaminv

1356 1278 1569 1335 eolume
1600 1278 1749 1333 illum

1359 1351 1447 1405 28.
1494 1352 1713 1417 recepit.
1746 1349 1857 1404 lra-

1362 1432 1445 1476 tus
1473 1431 1554 1473 est
1585 1432 1788 1487 autem,

1355 1501 1410 1546 et
1437 1493 1458 1522 ²
1486 1491 1656 1544 noluit
1682 1492 1755 1544 in-

1356 1571 1521 1615 trare.

1357 1632 1616 1702 Egressus
1643 1631 1718 1702 (ὁ)
1746 1646 1833 1684 au-

1356 1712 1467 1755 tem
1487 1699 1528 1770 ἰ-
1560 1699 1712 1769 pater
1736 1702 1789 1755 il-

1357 1772 1460 1825 lius
1479 1810 1495 1835 ,
1525 1771 1703 1839 coepit

1357 1856 1548 1911 rogare
1571 1857 1716 1896 eum.

1358 1910 1448 1967 29.
1494 1910 1611 1981 Ipse
1643 1920 1820 1967 autem

1360 1981 1696 2050 respondens
1713 2023 1729 2047 ,

1360 2056 1434 2107 ait
1467 2054 1601 2121 patri
1631 2067 1729 2107 suo
1762 2071 1776 2106 :

1362 2123 1383 2153 ³
1414 2122 1554 2177 Ecce
1585 2131 1663 2176 tot
1690 2139 1777 2176 an-

1361 2195 1447 2247 nis
1475 2195 1655 2247 servio

1360 2263 1480 2329 tibi,
1514 2271 1570 2317 et
1594 2278 1753 2318 num-

1398 2349 1516 2387 nam
1550 2349 1695 2389 man-

1398 2403 1539 2457 atum
1575 2415 1648 2457 tu-

1359 2490 1449 2528 um
1477 2485 1705 2542 praeter-

1359 2544 1453 2608 ibi,
1483 2555 1537 2597 ct
1560 2561 1704 2599 num-

1360 2631 1518 2682 quam
1543 2614 1725 2669 dedis-

1360 2687 1399 2739 ti
1434 2687 1562 2739 milii
1590 2685 1720 2741 bae-

1360 2756 1485 2810 dum
1508 2798 1522 2820 ,
1556 2766 1614 2809 ut
1640 2772 1760 2811 cum

1362 2827 1549 2881 amicis
1583 2842 1698 2881 me-
1828 2829 1834 2836 ’

1365 2898 1411 2949 is
1436 2898 1739 2959 aepularer.

1364 2968 1453 3021 50.
1495 2966 1628 3021 Cum
1654 2979 1831 3025 autem

1368 3037 1509 3090 illius
1538 3047 1660 3091 tuus

1367 3107 1454 3177 hic
1474 3148 1489 3171 ,
1514 3107 1603 3177 qui
1629 3122 1811 3163 come-

1368 3176 1449 3229 dit
1476 3176 1688 3231 omnem

1368 3246 1678 3300 facultatem

1368 3331 1518 3370 suam
1548 3318 1736 3373 vivens

1367 3402 1487 3441 cum
1521 3387 1689 3441 forni—

1366 3458 1529 3512 cariis
1545 3500 1557 3517 ,
1587 3460 1764 3525 venit,

1365 3540 1420 3583 et
1447 3529 1695 3583 occidisti

1364 3601 1587 3653 vitulum
1618 3600 1768 3655 illum

1367 3670 1669 3738 saginatum
1681 3709 1693 3722 .

2628 415 2858 475 CODEX
2894 414 3352 473 VERONENSIS.

2210 509 2369 581 Pater
2391 550 2419 575 ,7
2437 510 2655 581 peccavi

2210 579 2266 634 in
2295 579 2546 644 caelum,

2209 660 2263 705 et
2298 651 2349 704 in
2381 660 2467 716 te;
2496 651 2609 720 jam

2209 735 2317 775 non
2348 735 2463 774 sum
2495 722 2571 776 di-

2208 806 2345 858 gnus
2376 792 2559 846 vocari

2208 861 2355 915 ﬁlius
2379 869 2524 916 tuus.

2208 929 2300 983 22.
2346 930 2488 984 Dixit
2512 938 2691 986 autem

2211 1010 2366 1071 pater
2392 1001 2511 1069 ejus
2599 1052 2607 1063 ,

2208 1071 2277 1123 ad
2308 1084 2493 1125 servos
2524 1085 2651 1127 suos
2684 1090 2698 1124 :

2208 1139 2328 1194 Cito
2351 1140 2590 1210 proferte

2213 1210 2346 1264 mihi
2378 1212 2572 1265 stolam

2210 1280 2358 1334 illam
2389 1282 2640 1350 primam,

2210 1360 2266 1404 et
2294 1351 2499 1407 induite

2210 1421 2361 1475 illum
2382 1463 2396 1485 ,
2422 1433 2477 1477 et
2508 1421 2631 1477 date

2210 1494 2428 1545 anulum
2462 1494 2516 1546 in

2211 1577 2371 1616 manu
2402 1563 2547 1630 ejus,

2155 1695 2167 1707 η
2211 1643 2267 1686 et
2292 1634 2606 1707 calciamen-

2213 1712 2265 1755 ta
2297 1703 2352 1755 in
2386 1703 2536 1769 pedi-

2212 1774 2303 1826 23.
2349 1774 2449 1826 bus
2478 1772 2624 1841 ejus,
2656 1781 2711 1828 et

2212 1842 2464 1897 adducite
2494 1847 2565 1897 vi-

2214 1914 2382 1967 tulum
2412 1913 2560 1968 illum

2213 1984 2537 2052 saginatum,

2215 2064 2269 2108 et
2295 2055 2526 2109 occidite

2213 2140 2355 2190 cum,
2381 2136 2435 2180 et
2464 2141 2611 2181 man-

2211 2195 2472 2268 ducemus
2496 2239 2509 2262 ,
2539 2206 2593 2252 et
2621 2210 2787 2268 aepu-

2208 2266 2299 2338 2t.
2342 2266 2544 2338 lemur,
2574 2266 2700 2338 quia

2213 2335 2302 2391 hic
2334 2337 2472 2391 filius

2213 2422 2369 2462 mens
2403 2417 2643 2464 mortuus
2670 2450 2681 2469 κ

2211 2478 2416 2544 fuerat,
2442 2488 2497 2533 et

2213 2550 2438 2616 revixit;
2472 2564 2564 2618 pe.

2214 2619 2380 2673 rierat
2394 2661 2409 2681 ,
2440 2629 2497 2674 et

2213 2688 2464 2744 inventus
2489 2697 2590 2744 est.

2214 2758 2282 2814 Et
2308 2768 2602 2829 coeperunt

2214 2830 2474 2896 aepulari.

2213 2900 2303 2955 25.
2349 2900 2478 2954 Erat
2505 2909 2682 2956 autem

2220 2970 2362 3052 illius
2391 2971 2508 3052 ejus

2217 3041 2397 3094 senior
2422 3041 2475 3094 in

2218 3124 2347 3179 agro
2380 3127 2393 3161 :
2424 3120 2479 3165 et
2503 3110 2700 3165 factum

2219 3189 2336 3243 est,
2366 3194 2485 3235 cum
2518 3195 2612 3235 ve-

2220 3249 2362 3304 niret
2382 3291 2396 3313 ,
2423 3261 2478 3305 et
2504 3252 2599 3305 ad-

2220 3321 2493 3390 propiaret

2222 3391 2437 3458 domui,
2464 3391 2633 3447 audiit

2192 3465 2196 3468 ’
2221 3465 2593 3532 symphoniam
2610 3502 2626 3529 ,

2223 3542 2278 3586 et
2307 3533 2533 3597 choros;

2223 3602 2313 3655 26.
2356 3615 2410 3656 et
2440 3604 2647 3658 vocavit

2226 3687 2390 3724 unum
2421 3673 2490 3725 de

1849 3780 2078 3836 CODEX
2115 3782 2500 3837 BRIXIANUS.

2238 3874 2486 3927 namhoc
2519 3883 2679 3927 esset.
2713 3874 2792 3928 Ad
2822 3874 2913 3930 ille
2950 3874 3084 3929 dixit
3120 3875 3217 3929 illi.
3263 3875 3452 3931 Frater
3497 3886 3623 3930 tuus
3663 3876 3808 3929 venit

2236 3954 2291 3997 et
2313 3945 2507 3998 occidit
2534 3954 2682 4010 pater
2722 3954 2839 3998 tuus
2868 3946 3092 3997 vitulum
3121 3946 3419 4010 saginatum
3447 3948 3573 4010 quia
3602 3946 3807 3998 salttum

2238 4016 2384 4068 illum
2420 4017 2638 4079 recepit.
2671 4016 2980 4084 Indignatus
3000 4025 3084 4069 est
3108 4024 3283 4068 autem
3305 4026 3361 4067 et
3381 4014 3600 4068 uolebat
3622 4016 3812 4068 introi-

2236 4102 2311 4139 re.
2346 4085 2505 4157 Patcr
2526 4088 2601 4155 (ὑ)
2624 4102 2751 4139 vero
2775 4088 2812 4157 -ζ-
2840 4086 2983 4139 illius
3012 4099 3260 4157 egressus
3280 4085 3428 4157 foris.
3453 4085 3633 4157 coepit
3660 4086 3807 4138 illum

2234 4172 2441 4224 rogare.
2465 4156 2544 4210 Ad
2578 4153 2663 4210 ille
2693 4153 3020 4227 respondens
3042 4153 3171 4208 dixit
3205 4153 3338 4227 patri
3360 4168 3477 4207 suo.
3509 4155 3647 4207 Ecce
3667 4157 3806 4222 quod

2236 4227 2388 4279 annis-
2417 4228 2594 4281 servio
2612 4226 2729 4280 tibi.
2756 4224 2808 4281 et
2840 4242 3125 4295 numquam
3146 4224 3451 4279 mandatum
3472 4234 3623 4277 tuum
3654 4238 3807 4291 prea-

2240 4297 2379 4359 terii,
2414 4307 2464 4350 et
2498 4298 2624 4349 mihi
2653 4314 2937 4365 numquam
2966 4296 3158 4351 dedisti
3192 4295 3388 4350 hedum
3439 4306 3496 4348 ut
3526 4309 3650 4349 cum
3677 4297 3810 4347 ami-

2237 4368 2314 4419 cis
2351 4368 2483 4420 tneis
2520 4367 2814 4433 aepularer.
2865 4368 3145 4432 POS|t|llalll
3174 4379 3351 4421 autem
3401 4365 3543 4419 filius
3574 4377 3694 4418 tuus
3726 4366 3808 4419 hic

2240 4436 2400 4489 venit.
2423 4438 2511 4503 qui
2541 4437 2817 4489 devoravit
2845 4437 3197 4490 substantiam
3222 4453 3372 4490 suam
3403 4451 3526 4491 cum
3568 4436 3809 4491 meretri-

2239 4504 2389 4557 cibus
2438 4505 2678 4559 occidisti
2720 4506 2794 4558 illi
2823 4506 3042 4560 vitulum
3068 4506 3385 4576 saginatum.
3418 4571 3422 4575 ,

628 4763 723 4817 23.
758 4763 1007 4817 adducite
1032 4757 1255 4816 vitulum
1291 4760 1438 4814 illum
1467 4757 1791 4828 saginatum.

628 4831 720 4886 26.
759 4832 1125 4903 interrogavit,
1155 4846 1293 4903 quae
1318 4830 1537 4887 essent?

626 5021 641 5050 ¹
681 5018 785 5067 Gai.
813 5026 940 5075 tuus,
961 5017 1033 5065 fac
1072 5030 1149 5066 me
1183 5031 1329 5066 unum
1364 5018 1429 5067 de
1472 5018 1784 5067 mercenariis
1825 5016 1938 5065 tuis.
1964 5016 2133 5077 ,Dixit.

2994 518 2999 524 ‘
3033 509 3202 565 servis
3219 550 3234 572 ,
3276 518 3334 564 et
3361 509 3444 566 in—

3034 579 3331 647 terrogavit
3349 620 3364 645 ,

3032 664 3293 719 quaenam

3035 720 3167 775 haec
3194 728 3397 775 essent.

3031 789 3119 844 27.
3165 789 3324 859 Isque
3344 790 3485 846 dixit

3032 861 3082 931 ei
3116 878 3131 915 =
3162 858 3247 931 (α)
3265 861 3398 929 Quia
3426 860 3469 931 τ

3034 930 3204 986 frater
3225 941 3349 986 tuus

3034 1002 3217 1066 venit,
3247 1010 3303 1056 et
3332 1016 3425 1056 oc-

3032 1070 3165 1126 cidit
3194 1080 3351 1140 pater

3033 1150 3157 1195 tuus
3187 1140 3412 1195 vitulum

3032 1211 3178 1265 illum
3206 1210 3551 1278 saginatum;

3028 1282 3155 1405 quia
3186 1280 3397 1335 salvum

3030 1352 3046 1405 i
3072 1352 3180 1405 lum
3208 1351 3391 1405 recepi

3030 1351 3180 1406 illum
3208 1351 3437 1420 recepit.

3028 1421 3120 1476 28.
3162 1421 3479 1493 Indignatus

3029 1501 3113 1547 est
3137 1503 3314 1546 autem
3335 1532 3351 1558 ,
3379 1502 3438 1548 et

3033 1563 3249 1617 nolebat
3271 1563 3351 1615 in-

3031 1640 3195 1686 trare.
3238 1630 3397 1687 Pater

3031 1700 3107 1773 (b)
3135 1717 3262 1756 vero
3292 1701 3333 1773 τι
3361 1702 3431 1756 il-

3034 1772 3136 1826 lius
3169 1786 3419 1841 egressus
3443 1812 3460 1838 ,

3035 1843 3212 1912 coepit
3240 1858 3433 1912 rogare

3033 1912 3124 1969 29.
3166 1913 3339 1968 illum.
3385 1912 3467 1967 Ad

3033 1983 3125 2039 ille
3146 1984 3482 2050 respondens
3508 2025 3526 2051 ,

3033 2054 3168 2109 dixit
3197 2054 3338 2125 patri

3033 2140 3132 2180 suo
3155 2142 3169 2178 :
3204 2126 3342 2180 Ecce
3368 2133 3449 2180 tot

3036 2196 3190 2250 annis
3222 2195 3400 2251 servio

3039 2268 3133 2321 tibi
3154 2307 3169 2331 ,
3198 2274 3254 2321 et
3280 2282 3437 2322 num-

3036 2352 3194 2405 quam
3227 2337 3454 2393 manda-

2946 2430 2953 2433 ‘
3037 2414 3149 2462 tum
3182 2417 3331 2463 tuum

3039 2478 3359 2548 praeteribi:
3386 2485 3446 2533 et

3036 2563 3326 2619 numquam

3035 2619 3350 2744 aedistimi-

3075 2708 3111 2744 ι.
3154 2730 3169 2744 .
3218 2727 3234 2742 .
3279 2732 3295 2744 .
3340 2729 3350 2744 .

3037 2770 3093 2815 ut
3112 2774 3234 2815 eum
3261 2760 3448 2815 amicis
3473 2759 3618 2817 meis

3037 2832 3336 2900 aepularer.

3038 2901 3127 2956 30.
3172 2902 3277 2956 Sed
3310 2909 3459 2969 post-

3040 2986 3199 3040 quam
3229 2969 3370 3025 filius

3042 3051 3165 3095 tuus
3188 3040 3277 3093 hie
3297 3081 3313 3104 ,

3042 3113 3130 3180 qui
3162 3110 3328 3164 devo-

3041 3182 3182 3237 ravit
3200 3180 3451 3235 substan-

3044 3251 3174 3305 tiam
3202 3266 3324 3304 cum
3350 3265 3463 3305 me-

3044 3321 3331 3376 retricibus
3350 3359 3366 3386 ,

3043 3394 3219 3459 venit,
3250 3400 3306 3447 et

3041 3462 3291 3518 occidisti

3042 3534 3119 3588 illi
3148 3534 3371 3588 vitulum

3042 3603 3199 3658 illum
3221 3603 3362 3673 sagi-
3396 3653 3401 3659 .

3048 3682 3254 3727 natum.

3538 3036 3545 3061 l

2303 4686 2393 4758 27.
2435 4686 2630 4758 occidit
2658 4687 2879 4742 vitulum
2908 4688 3053 4744 illum
3085 4689 3405 4758 saginatum.

2306 4757 2394 4813 50.
2432 4757 2712 4813 devoravit
2739 4758 2761 4789 ⁸
2786 4757 3313 4814 substantiam’tuam
3341 4760 3407 4831 -j'.

1788 4918 2176 4977 VARIANTES
2213 4915 2505 4973 LECTION
2511 4916 2613 4973 ES.

2303 5013 2323 5043 ³
2358 5010 2461 5077 Gai.
2492 5009 2614 5059 Ecce
2638 5016 2758 5074 quot
2777 5012 2887 5060 anni
2912 5012 3028 5061 Mm.
3052 5010 3179 5061 Ecce
3200 5016 3320 5074 quot
3341 5014 3471 5063 anni.
3506 5011 3655 5077 Vulg.
3680 5011 3798 5064 Ecce

566 5083 681 5129 Mm.
709 5080 783 5129 fac
802 5093 881 5127 me
902 5083 1024 5127 sicut
1049 5080 1392 5141 unum._l-’ulg.
1420 5086 1549 5127 tuus.
1576 5080 1724 5128 Dixit.

630 5146 647 5172 ²
667 5143 771 5191 Gat.
787 5138 1451 5202 noluitvenire....Egressus
1470 5147 1627 5202 est,...
1647 5143 1804 5199 coepit
1822 5138 2138 5202 Mm.Egres-

567 5215 650 5253 sus
667 5212 802 5265 cst,..
836 5204 1012 5264 coepit.
1037 5200 1176 5265 Vulg.
1194 5200 1389 5250 nolebat
1408 5200 1667 5250 introire...
1684 5202 1941 5264 Egressus,
1954 5201 2132 5261 coepit.

2242 5078 2315 5123 tot
2338 5074 2493 5120 anuis.

2304 5133 2325 5163 ⁸
2359 5134 2416 5181 Ει
2440 5132 2507 5182 ita
2528 5135 2646 5181 Mm.

1243 5302 1531 5341 LECTIONES
1552 5301 1751 5343 CODlClS
1777 5297 2183 5343 VINDEBONENSIS
2209 5296 2479 5336 ABEUNTES
2509 5298 2575 5336 AD
2606 5268 2853 5338 ἑυιτιῡιηε
2884 5300 3143 5339 νυιηλτλ.

627 5405 709 5455 21.
742 5412 791 5454 et
810 5404 856 5452 in
882 5410 930 5453 te
956 5415 1081 5452 :non
1113 5414 1238 5452 sum.
1302 5399 1379 5447 22.
1406 5399 1571 5461 stolam
1611 5399 1739 5448 illam
1770 5402 1985 5461 primam.
2015 5459 2023 5461 _
2049 5397 2131 5445 25.

570 5468 771 5516 vitulum
808 5466 958 5513 illum.
1023 5465 1101 5515 25.
1126 5463 1454 5525 appropiaret‘
1473 5460 1654 5511 domui.
1719 5459 2135 5525 26.7quae_baec

575 5528 775 5578 esSeut?
835 5528 911 5576 27.
937 5527 1010 5576 Ad
1039 5526 1123 5575 ille
1158 5521 1289 5575 dixit
1308 5524 1355 5573 ei
1385 5522 1648 5574 :Frater...
1682 5521 1909 5585 quoniam
1933 5521 2133 5571 salvum.

2294 5394 2373 5463 28.
2400 5397 2685 5463 et__noluit.b
2724 5398 2803 5448 29.
2828 5400 2957 5463 quod
2990 5400 3478 5463 aut..s....praetet‘ii,
3504 5406 3560 5449 et
3597 5411 3688 5450 non
3724 5400 3806 5450 de~

2236 5454 2369 5506 disti.
2435 5459 2512 5507 50.
2538 5460 2771 5511 occidisti.

1395 5699 1397 5704 η
1865 5626 2231 5692 BLANCHlNl
2268 5628 2497 5685 nom.

634 5724 721 5794 '(a)
754 5726 912 5782 Addit
937 5729 1088 5796 quia,
1117 5726 1274 5779 etiam
1300 5732 1429 5781 text.
1459 5721 1551 5779 Gr.
1578 5718 1671 5778 ὅτί.
1705 5752 1776 5764 —-
1801 5722 1875 5796 (ὁ)
1898 5725 1973 5777 lta
1994 5729 2047 5775 et
2071 5719 2190 5774 cod.
2219 5718 2374 5775 Cant.
2406 5720 2475 5776 δέ,
