5106 6518
139 389 229 447 σιι

139 601 225 654 51.
269 599 386 668 Ipse
410 611 592 656 autem

138 671 271 725 dixit
298 671 378 725 illi
421 690 435 726 :
470 679 526 727 tu

139 757 346 798 mecum
370 741 454 797 fu-

140 813 224 867 isti
252 827 489 884 semper,

138 893 322 949 etes;
355 893 409 940 et
434 901 547 940 om-

140 954 225 1008 nia
255 970 374 1010 mea
392 997 406 1022 ,
440 965 531 1011 tua

137 1024 226 1099 32.
268 1034 393 1081 sunt
413 1043 429 1080 :
459 1028 678 1099 aepula-

140 1097 188 1150 ri
211 1104 393 1152 autem

138 1181 240 1239 nos
260 1176 467 1239 oporte-

139 1238 266 1305 bat,
291 1238 345 1294 et
369 1239 569 1309 gaude-

136 1323 196 1362 re
209 1353 224 1376 ,
260 1310 279 1341 ι
304 1310 556 1378 quoniam

135 1378 222 1433 hic
247 1378 415 1436 frater

135 1459 262 1506 tuus
287 1461 491 1506 mortu-

134 1536 198 1575 us
230 1523 434 1590 fuerat,
461 1533 516 1579 et

134 1593 328 1647 revixit
350 1634 368 1660 ,
402 1609 496 1663 pe-

132 1664 331 1732 rierat,
357 1675 411 1718 et
437 1665 519 1719 in-

136 1745 329 1789 ventus
357 1745 459 1789 εει.

300 1845 528 1904 CAPUT
567 1845 709 1917 XVI.

135 1935 156 1988 ~l
170 1975 184 1988 .
227 1936 449 1992 Dicebat
469 1953 565 1994 au-

133 2017 239 2061 tem
266 2017 320 2062 et
342 2008 406 2062 ad
431 2008 545 2064 dis-

130 2079 338 2146 eipulos
363 2093 529 2134 suos:

128 2148 304 2203 Homo
322 2150 536 2218 quidam

130 2230 245 2274 erat
273 2219 426 2275 dives
444 2259 458 2286 ,

129 2292 218 2357 qui
254 2291 483 2346 habebat

131 2361 347 2415 vilicum
371 2378 386 2418 ;
415 2371 471 2418 et

132 2431 225 2485 hic
245 2431 486 2489 din‘ama-

132 2511 216 2555 tus
240 2501 414 2557 fuerat

127 2581 260 2640 aput
281 2573 427 2627 illum
444 2613 460 2636 ,

131 2651 382 2713 tanquam
418 2643 526 2698 dis-

135 2714 338 2796 siparet
368 2714 466 2768 bo-

129 2800 196 2836 na
228 2799 418 2852 ipsius.

128 2857 182 2936 2_.
227 2854 294 2936 Et
315 2855 528 2910 vocabit
546 2869 670 2912 eum

130 2926 381 2981 dominus
408 2943 502 2981 su-

131 3011 193 3048 us
212 3037 227 3060 ,
256 3007 311 3051 et
333 2998 407 3052 ait
433 2997 510 3052 illi
539 3015 554 3052 :

127 3067 270 3132 Quid
298 3067 402 3124 hoc
427 3084 523 3124 au-

129 3139 225 3192 dio
249 3138 319 3193 de
350 3140 433 3194 te?
459 3139 580 3195 red-

129 3210 200 3264 de
227 3210 490 3266 rationem

133 3280 453 3336 vilicationis

131 3362 258 3405 tuae
288 3368 302 3403 :
326 3351 434 3421 jam
456 3351 598 3408 enim

128 3437 241 3476 non
268 3423 468 3490 poteris

128 3491 365 3561 amplius
385 3506 476 3546 ac-

130 3571 245 3614 tum
276 3576 454 3617 meum

127 3631 196 3684 ad
205 3631 478 3685 ministra-

128 3703 186 3756 3.
231 3716 309 3754 re.
333 3700 478 3756 Dixit

128 3779 310 3826 autem
337 3771 426 3828 ille

1195 375 1642 451 EVANCELIUM
1683 393 2048 451 SECUNDUM
2091 395 2342 452 LUCAM.

524 496 760 565 CODEX
799 506 1334 566 VERCELLENSIS.

963 600 1154 655 vilicus
1173 599 1260 654 in-

965 681 1042 726 tra
1071 685 1130 727 se
1157 688 1171 724 :
1203 669 1341 736 Quid
1370 669 1442 725 fa~

962 742 1098 795 ciam
1118 783 1133 807 ,
1162 744 1353 811 quoni-

961 827 1047 866 am
1067 812 1321 868 dominus

963 897 1113 938 meus
1141 883 1297 936 aufe-

961 962 1044 1008 ret
1069 953 1336 1008 vilicatio-

959 1039 1080 1078 nem
1107 1040 1280 1079 meam

959 1109 988 1148 a
1018 1094 1143 1149 me?
1167 1095 1350 1150 fodere

957 1179 1065 1219 non
1095 1166 1282 1232 valeo;

959 1237 1272 1291 mendicare

961 1305 1287 1362 confundor.

962 1375 1016 1446 ι.
1059 1376 1138 1446 (a)
1153 1376 1392 1446 Cognovi
1414 1375 1455 1446 1-
1476 1374 1605 1445 quid

959 1445 1154 1501 faciam
1177 1464 1192 1511 ;
1225 1445 1313 1514 ut,
1341 1460 1464 1502 cum

959 1525 1172 1572 amotus
1196 1517 1310 1573 fue-

960 1603 1023 1642 ro
1047 1588 1115 1643 de
1136 1589 1321 1641 vilica-

960 1657 1102 1713 tione
1120 1701 1134 1723 ,
1163 1660 1303 1713 reci-
1402 1667 1404 1669 ’

957 1730 1106 1799 piant
1132 1744 1216 1784 me
1241 1739 1262 1770 ³
1293 1728 1345 1783 in

955 1799 1148 1854 domus
1166 1814 1312 1854 suas.

955 1867 1009 1924 5.
1051 1870 1148 1936 Et,
1177 1876 1474 1926 convocato

957 1955 1276 2010 unoquoque

954 2026 1022 2066 ex
1047 2011 1303 2066 debitori-

954 2081 1054 2136 bus
1074 2083 1276 2136 domini
1302 2082 1383 2137 sui
1406 2123 1422 2148 ,

956 2151 1171 2209 dicebat
1199 2155 1305 2223 pri-

954 2223 1036 2278 ori
1068 2242 1080 2278 :
1105 2223 1374 2290 Quantum

955 2292 1119 2349 debes
1143 2296 1315 2349 domi-

953 2365 1005 2419 6.
1049 2380 1117 2419 no
1144 2366 1303 2420 meo?
1329 2363 1430 2432 Qui

953 2435 1090 2490 dixit
1113 2453 1126 2489 :
1157 2435 1383 2490 Centum

953 2518 1104 2560 vatos
1129 2505 1205 2561 ol.
1249 2544 1264 2560 .
1291 2507 1328 2561 i.
1370 2544 1387 2561 .
1421 2506 1507 2560 Di-

956 2576 1036 2629 xit
1060 2589 1239 2630 autem

953 2646 1028 2700 illi
1055 2663 1068 2698 :
1095 2646 1292 2716 Accipe
1313 2660 1439 2702 cau-

954 2717 1148 2771 tionem
1185 2727 1268 2770 tu-

952 2801 1072 2851 am;
1103 2799 1156 2842 et
1180 2788 1375 2843 sedens
1399 2828 1414 2855 ,

949 2857 1180 2912 celerius
1209 2859 1343 2913 scri-

950 2927 1017 3010 be
1039 2927 1300 2999 quinqua-

985 3010 1114 3054 tnta.

988 3108 1000 3120 .
1043 3069 1244 3125 Deinde
1264 3071 1354 3124 alii

948 3139 1081 3196 dixit
1107 3158 1122 3196 :
1147 3140 1226 3196 Tu
1254 3156 1347 3196 au-

952 3222 1054 3266 tem
1083 3227 1250 3282 quan-

952 3291 1062 3337 tum
1089 3283 1254 3338 debes

952 3353 1168 3408 domino
1197 3354 1352 3408 meo?

951 3423 1049 3491 Qui
1079 3423 1216 3478 dixit
1239 3425 1423 3479 :‘Cen-

954 3503 1063 3548 tum
1091 3508 1248 3548 (301³08

955 3563 1134 3617 tritici.
1166 3563 1311 3617 Dixit

952 3643 1128 3703 autem
1162 3633 1235 3703 (c)
1257 3643 1310 3687 et
1333 3634 1374 3702 -ξο
1477 3676 1480 3678 η

954 3701 1119 3785 huic:
1145 3701 1342 3774 Aecipe

949 3783 1250 3830 cautionem

2239 507 2464 564 CODEX
2509 508 2735 565 VERON
2747 508 2959 566 ENSIS.

1818 603 1906 658 5|.
1952 602 2016 655 Et
2045 602 2160 668 ipse
2184 601 2267 656 di-

1818 673 1894 725 xit
1920 669 1994 726 illi
2025 689 2036 724 :
2068 672 2208 735 Fili,

1820 753 1875 796 tu
1903 759 2110 797 mecum

1816 828 2028 883 semper
2058 811 2159 867 fui?

1817 885 1915 947 sd.
1946 893 1999 938 et
2028 900 2117 949 es;
2143 893 2198 938 et

1816 955 1994 1008 omnia
2018 971 2135 1010 mea
2157 996 2172 1020 ,

1820 1033 1906 1079 tua
1935 1036 2059 1078 sunt
2091 1043 2104 1078 :

1817 1095 1904 1150 32.
1946 1096 2185 1164 aepulari
2227 1111 2321 1150 au-

1816 1175 1923 1221 tem
1953 1182 2050 1222 nos
2068 1209 2082 1232 ,
2115 1173 2170 1220 et

1814 1237 2046 1306 gaudere
2073 1252 2234 1307 opor-

1819 1317 1893 1362 tet
1917 1348 1930 1371 ,
1963 1309 2107 1377 quod

1816 1379 1978 1432 frater
2009 1386 2133 1435 tuus

1816 1447 1904 1502 hic
1932 1461 2173 1504 mortuus

1814 1518 2023 1584 fuerat,
2055 1532 2108 1575 et

1815 1591 2006 1644 revixit
2030 1632 2045 1658 ,
2075 1605 2171 1659 pe-

1815 1662 1980 1715 rierat
2001 1701 2016 1726 ,
2050 1672 2105 1715 et

1816 1731 2062 1787 inventus
2089 1739 2189 1786 est.

1979 1846 2203 1902 CAPUT
2235 1845 2391 1906 .XVI.

1815 1938 1863 1991 l.
1910 1938 2125 1994 Dicebat
2149 1952 2238 1991 au-

1817 2018 1922 2063 tem
1963 2011 2030 2065 ad
2051 2009 2131 2064 di-

1812 2081 1886 2133 sci
1895 2081 2047 2149 pulos

1809 2164 1936 2205 suos
1967 2170 1979 2204 :
2011 2151 2119 2206 Ho-

1807 2237 1898 2274 mo
1927 2224 2140 2291 quidam

1808 2302 1925 2346 erat
1953 2293 2104 2349 dives
2126 2334 2138 2354 ,

1809 2363 1897 2429 qui
1928 2363 2159 2419 habebat

1809 2433 2055 2499 vilicum;
2092 2443 2147 2489 et

1808 2502 1896 2556 hic
1935 2504 2240 2569 diffamatus

1806 2584 1923 2626 erat
1951 2584 2078 2642 aput

1806 2644 1955 2698 illum
1973 2685 1987 2707 ,
2015 2645 2168 2713 quasi

1807 2714 2125 2782 dissipasset

1803 2785 1944 2840 bona
1969 2785 2105 2854 ejus.

1803 2855 1858 2909 2.
1901 2856 1966 2909 Ει
1998 2857 2208 2911 vocavit

1804 2928 1953 2981 illum
1980 2928 2044 2980 ad
2068 2940 2126 2981 se
2144 2967 2162 2995 ,

1803 3007 1856 3052 et
1879 2998 1951 3050 ait
1980 2997 2057 3051 illi
2091 3015 2104 3049 :

1804 3067 1940 3136 Quid
1976 3069 2078 3121 hoc

1803 3141 1964 3192 audio
1983 3138 2050 3192 de
2076 3139 2165 3193 te?

1804 3209 1970 3265 redde
1997 3210 2260 3265 rationem

1805 3280 2131 3335 vilicationis

1807 3360 1928 3406 tuae
1957 3370 1972 3404 :
2002 3351 2111 3416 jam

1804 3423 1946 3477 enim
1979 3436 2084 3475 non

1804 3493 2005 3560 poteris
2031 3491 2150 3545 vili-

1804 3577 1950 3615 care.

1803 3633 1857 3686 5.
1898 3632 1985 3685 Ait
2013 3641 2191 3686 autem

1804 3703 1994 3756 vilicus
2023 3704 2159 3756 intra

1807 3789 1866 3828 se
1891 3790 1905 3830 :
1930 3772 2066 3840 Quid
2087 3775 2164 3828 fa-

2642 603 2777 656 ciam
2805 643 2819 666 ,
2849 604 2970 672 quia

2645 672 2894 726 dominus

2642 758 2794 797 meus
2819 742 3027 798 auferet

2642 828 2670 866 a
2702 830 2787 868 me
2817 814 2936 868 vili-

2642 886 2930 939 cationem.

2643 954 2823 1009 fodere
2849 971 2956 1010 non

2640 1029 2794 1081 Valeo
2819 1043 2831 1090 ;
2863 1041 3032 1079 meni-

2642 1096 2825 1151 dicare
2851 1113 2975 1152 eru-

2641 1166 2694 1220 4.
2737 1168 2923 1223 beseo.
2953 1168 3032 1238 (a)
3071 1170 3176 1226 Co-

2637 1239 2796 1306 gnovi
2827 1239 2866 1309 1-
2892 1238 3020 1309 quid

2639 1310 2826 1363 faciam
2851 1327 2864 1376 ;
2895 1317 2951 1364 ut
2972 1349 2987 1374 ,

2638 1395 2757 1433 cum
2788 1392 2998 1434 amotus

2642 1449 2793 1504 fuero
2821 1468 2847 1503 ει
2889 1449 3009 1505 vili-

2640 1521 2853 1577 catione
2872 1565 2884 1588 ,
2921 1536 3005 1576 re-

2640 1592 2840 1662 cipiant
2866 1608 2951 1648 me

2643 1661 2704 1715 in
2727 1663 2916 1720 domos

2641 1747 2788 1787 snas.

2639 1804 2695 1858 5.
2737 1802 3058 1862 Convocatis

2638 1872 2818 1944 itaque
2845 1878 2954 1930 sin-

2637 1945 2778 2014 gulis
2803 1946 3010 2004 debito-

2639 2017 2786 2070 ribus
2814 2018 3014 2074 d0mini

2640 2087 2754 2154 sui,
2801 2088 3015 2146 dicebat

2649 2159 2821 2224 primo
2847 2177 2860 2213 :
2889 2163 3070 2226 Quan-

2641 2235 2751 2282 tum
2779 2230 2942 2286 debes

2638 2297 2857 2354 domino

2637 2369 2691 2422 6.
2734 2385 2854 2425 meo
2871 2373 2895 2424 ?
2924 2374 3002 2427 Ad

2637 2439 2726 2494 ille
2754 2441 2888 2496 dixit
2919 2461 2934 2496 :

2636 2509 2860 2566 Centum

2636 2583 2827 2636 vathos

2633 2649 2758 2704 olei.

2632 2719 2775 2774 Dixit
2812 2732 2991 2779 autem

2630 2791 2706 2862 illi
2739 2808 2752 2844 :
2783 2790 2980 2862 Accipe

2629 2859 2704 2932 (ὁ)
2735 2859 2942 2919 litteras

2629 2944 2746 2987 tuas
2775 2935 2839 3003 ψ,
2867 2945 2922 2988 et

2628 3003 2754 3056 sede
2777 3021 2790 3069 ;
2821 3007 2929 3059 cito

2628 3073 2805 3128 scribe
2829 3077 2983 3145 quin-

2625 3146 2895 3214 quaginta.
3109 3196 3116 3202 .

2626 3214 2679 3267 'l.
2723 3217 2923 3273 Deinde
2964 3219 3066 3275 alio

2628 3285 2797 3340 dixit:
2830 3287 2908 3341 Tu

2629 3368 2882 3424 quantum
2916 3360 3007 3414 dc-

2627 3426 2765 3480 bes?
2788 3429 2879 3484 Ait
2903 3447 2914 3482 :

2628 3498 2851 3552 Centum
2883 3501 3012 3555 cho-

2628 3583 2718 3622 ros
2752 3570 2930 3625 tritici.

2626 3637 2715 3708 Ait
2739 3639 2814 3708 (c)
2844 3650 2897 3694 et
2921 3641 2959 3708 -ι-

2625 3706 2700 3778 illi
2726 3706 2754 3759 ε’
2775 3706 2968 3778 Accipe

2626 3777 2829 3832 litteras
2861 3777 2978 3834 tuas
2993 3821 3007 3848 ,

3282 401 3389 457 642

1426 3910 1655 3967 CODEX
1693 3910 1969 3966 BRIXIAN
1979 3911 2077 3967 US.

128 3999 776 4061 Adilledixitilli.Fili.tu
790 4015 1219 4074 scmpermecum
1233 4018 1310 4060 es.
1331 4004 1704 4059 etomniamea
1808 4003 1930 4073 quia
1958 4003 2203 4058 dominus
2226 4019 2394 4059 meus.
2419 4005 2591 4061 aufert
2612 4024 2639 4059 a
2669 4024 2754 4064 me
2783 4009 3158 4065 vilicationem.
3189 4014 3372 4072 fodere

132 4084 221 4126 tua
237 4083 378 4129 sunt.
395 4074 596 4143 epulari
615 4085 790 4129 autem
814 4089 908 4127 nos
921 4084 1188 4151 oportetel
1201 4075 1449 4151 gaudere.
1465 4076 1584 4151 quia
1600 4077 1706 4128 fra-
1810 4092 1913 4127 non
1936 4079 2105 4127 Valeo.
2134 4076 2438 4151 mendicare
2460 4079 2737 4151 erubesco.
2758 4078 2991 4149 Cogitavi
3011 4085 3133 4151 quid
3158 4086 3369 4142 faciam.

133 4153 220 4198 ter
231 4147 451 4199 tunsliic
463 4156 702 4200 mortuus
717 4157 826 4199 erat
852 4154 905 4216 et
926 4145 1116 4199 revixit
1134 4147 1365 4216 perierat
1386 4152 1440 4198 et
1464 4146 1706 4198 inventus
1807 4157 1990 4216 uicum
2005 4154 2208 4196 amotus
2226 4144 2411 4198 locroa
2431 4144 3010 4216 t'ilit‘ationeJccipianl
3027 4144 3109 4206 ine
3124 4155 3171 4206 in
3186 4156 3375 4213 dumos

130 4224 238 4268 est.
283 4216 496 4272 Dicebat
525 4227 700 4272 autem
731 4216 796 4268 ad
819 4215 1100 4284 discipulos
1123 4229 1266 4267 snos.
1300 4214 1470 4284 Homo
1492 4215 1701 4284 quidam
1805 4215 2016 4266 btlnS.El
2035 4217 2341 4267 convocatis
2362 4218 2583 4284 singulis
2608 4214 2938 4274 debitoribus
2961 4222 3158 4277 domini
3183 4228 3263 4280 sui
3291 4229 3371 4281 di-

129 4297 252 4339 erat
288 4285 434 4340 dives
463 4287 614 4342 valde
634 4289 721 4355 qui
753 4283 1236 4355 habeba’tgvilicum.
1261 4283 1430 4355 et_liic
1453 4283 1700 4355 diffania-
1806 4285 2164 4355 cellatprimo.
2192 4283 2638 4355 quaninm’debes
2669 4289 2885 4344 domino
2914 4306 3056 4346 meo.
3081 4293 3158 4347 Ad
3188 4296 3275 4350 ille
3294 4299 3375 4353 di-

131 4367 218 4432 l_us
259 4365 342 4410 est
389 4366 517 4426 aput
561 4352 707 4410 illum
758 4353 897 4432 quod
921 4353 1262 4432 “dissipasset
1321 4352 1464 4432 bona
1512 4352 1698 4432 ipsius.
1809 4355 1900 4432 xit.
1933 4353 2156 4406 Centum
2187 4355 2349 4406 cados
2377 4354 2499 4432 olei.
2533 4355 2673 4432 Dixit
2698 4367 2872 4413 autem
2909 4363 3002 4415 illi.
3039 4365 3232 4432 Accipe
3259 4383 3377 4424 eau-

128 4426 304 4507 Quern
329 4421 450 4481 cum
479 4435 722 4507 vocasset
759 4421 1014 4504 dixitjlli.
1059 4423 1195 4503 Quid
1220 4423 1319 4477 hoc
1343 4422 1503 4502 audio
1534 4424 1600 4476 de
1628 4433 1699 4476 te.
1810 4423 2008 4507 tionem
2051 4435 2220 4507 litant.
2248 4432 2300 4504 et
2348 4426 2474 4507 sede
2521 4425 2627 4480 cito
2671 4438 2724 4481 et
2768 4432 2941 4485 scribe
2979 4421 3374 4507 quinquaginta.

133 4491 305 4568 redde
333 4497 604 4568 rationem
628 4492 971 4568 Avilicationis
985 4501 1124 4568 tuae.
1151 4491 1259 4560 jam
1296 4493 1576 4568 enimnon
1604 4507 1704 4568 ρο·
1810 4492 2011 4568 Deinde
2038 4493 2144 4546 alio
2172 4494 2323 4547 dixit.
2354 4495 2430 4548 Tu
2463 4509 2640 4552 autem
2680 4513 2935 4568 quantum
2967 4491 3150 4560 debes.
3184 4491 3380 4566 Audiille

130 4567 267 4621 teris
298 4566 530 4621 vilicare.
578 4563 667 4620 Ait
687 4573 862 4618 autem
885 4561 1071 4618 vilicus
1090 4562 1228 4618 intra
1255 4577 1334 4618 se.
1355 4563 1490 4630 Quid
1519 4563 1704 4617 faciam
1808 4564 2198 4619 dixit.Centum
2223 4567 2675 4624 corostritici.Ait
2694 4561 2766 4626 illi
2792 4574 2988 4644 Accipe
3009 4575 3212 4633 litteras
3233 4561 3374 4636 tuis;

1399 4674 1632 4732 CODEX
1657 4673 2122 4734 CORBEIENSIS.

1878 4794 1932 4848 4.
1975 4796 2210 4867 Cognovi
2238 4797 2365 4867 quid
2400 4799 2610 4855 faciam.

1879 4867 1930 4921 6.
1971 4866 2196 4922 Centum
2218 4868 2239 4898 ‘
2261 4866 2424 4924 'batos
2449 4869 2553 4924 olei
2683 4872 2878 4943 Accipe
2913 4872 3120 4934 litteras
3165 4886 3299 4936 tuas.
3332 4881 3372 4953 -ξα

1325 5002 1719 5059 VABIANTES
1757 5001 2156 5058 LECTIONES.

1802 5159 1804 5161 .
1865 5120 1885 5182 ξ
1920 5117 2023 5182 Qui.
2046 5121 2090 5164 et
2112 5115 2227 5182 Min.
2256 5116 2304 5164 in
2327 5116 2511 5166 domus.
2532 5119 2689 5182 γαίῃ.
2718 5123 2764 5172 in
2787 5123 2970 5177 domos.

1863 5180 1886 5268 ξ
1919 5177 2034 5285 165%.!
2035 5176 2264 5286 agaéitgere
2284 5184 2333 5226 te
2359 5176 2776 5239 Oportebathm.
2797 5176 3017 5249 gaudere
3038 5198 3245 5255 oportet.

201 4797 292 4852 32.
311 4795 355 4867 f
384 4794 626 4867 _a_epulari
652 4803 828 4851 autem
853 4810 972 4867 nos.
997 4804 1051 4851 et
1068 4795 1300 4867 gaudere
1322 4805 1558 4865 oportet.

203 4865 358 4922 CAP.
382 4865 596 4924 XVl.——
611 4868 664 4922 5.
693 4867 818 4938 quia
835 4865 1251 4923 dominus‘meus
1273 4868 1499 4933 auferet,
1525 4882 1554 4921 a
1583 4867 1706 4922 me?

201 5125 216 5153 ²
257 5121 362 5170 Gat.
384 5120 509 5184 quod
533 5119 684 5169 frater
705 5125 815 5170 tuus
836 5126 1071 5184 mortuus,
1089 5117 1283 5184 revixit.
1311 5118 1576 5184 Μῖνι-(11106
1601 5117 1697 5166 fra-

131 5193 217 5252 ter
239 5191 359 5252 tuus
371 5179 587 5252 mortuus
609 5187 732 5252 erat,
760 5186 810 5252 et
832 5181 1030 5252 revixit.
1058 5179 1064 5180 “
1099 5179 1241 5245 Vulg.
1268 5182 1382 5242 quia
1419 5179 1567 5229 frater
1585 5187 1698 5229 tuus

129 5248 217 5296 hic
240 5250 460 5293 mortuus
482 5251 605 5301 erat,
625 5250 677 5291 et
692 5248 887 5291 revixit.

802 5361 1088 5403 LECTIONBS
1109 5363 1310 5405 CODlClS
1338 5358 1741 5426 γικυεηοκειςεξε
1760 5358 2032 5398 ABEUNTES
2062 5358 2126 5396 AB
2154 5358 2405 5402 EDITIONE
2432 5363 2694 5408 νυωΑτΑ.

195 5468 273 5536 ξέ.
299 5470 494 5536 Oportet
515 5465 769 5536 nosz'guia
788 5469 905 5536 tuus
926 5461 1074 5536 frater
1098 5469 1316 5536 mortuus
1338 5471 1460 5536 erat.
1643 5523 1671 5536 ο.
1801 5450 1973 5510 antisse
1993 5463 2060 5508 et.
2125 5457 2172 5507 4.
2201 5458 2419 5524 Cogitavi
2451 5465 2574 5528 quid
2596 5466 2783 5520 faciam.
2827 5469 3005 5522 Desunt
3041 5473 3300 5536 sequentia.

195 5502 602 5580 ὅὶῗῖῖὺὶῖἰ-ῗῖῗ
614 5502 915 5576 ἱιῖεὰὶῐὲιῖιὲ
926 5502 1384 5590 ἓέἶὶρἴιῖἶῑῖιῖὦῗ
1397 5502 1468 5575 ’ἐξ
1495 5523 1695 5583 vocavit,

1433 5648 1792 5707 BLANCHINI
1831 5649 2058 5709 NOTE.

128 5848 170 5904 ϐ
200 5767 466 5900 (adiuta
496 5777 624 5827 text.
655 5769 749 5827 Gr.
781 5771 1026 5846 ἴγνωίδμ-
1045 5769 1118 5841 (b)
1147 5769 1219 5825 Ita
1245 5776 1305 5834 et
1334 5766 1456 5822 cod.
1485 5766 1637 5822 Cant.
1663 5764 1781 5824 Lat.
1808 5777 1861 5825 et
1886 5766 1980 5825 Gr.
2003 5772 2096 5823 σοῦ
2121 5769 2186 5825 τὰ
2203 5771 2501 5843 γράμματα.
2527 5798 2598 5813 -—
2626 5768 2696 5840 (c)
2725 5770 2904 5826 Addit.
2929 5783 2993 5839 et,
3017 5775 3174 5832 etiam
3224 5787 3356 5840 text.

179 5863 222 5901 r.
346 5883 361 5897 .

179 5863 222 5901 1⁸.
262 5863 361 5900 ω.
