  <div class='ocr_page' id='page_1' title='image "/cluster/home/n/w/nwhite01/storage/ocr_20150623/12-13/uc1.31175013632818/335.png"; bbox 0 0 3920 6412; ppageno 0'>
   <div class='ocr_carea' id='block_1_1' title="bbox 507 2875 1157 2933">
    <p class='ocr_par' dir='ltr' id='par_1_1' title="bbox 507 2875 1157 2933">
     <span class='ocr_line' id='line_1_1' title="bbox 507 2875 1157 2933; baseline 0.006 -6"><span class='ocrx_word' id='word_1_1' title='bbox 507 2899 514 2904; x_wconf 66' lang='grc' dir='ltr'><em>ι</em></span> <span class='ocrx_word' id='word_1_2' title='bbox 583 2875 637 2928; x_wconf 91' lang='grc'><strong>7.</strong></span> <span class='ocrx_word' id='word_1_3' title='bbox 678 2875 819 2929; x_wconf 87' lang='lat' dir='ltr'><strong>dicet</strong></span> <span class='ocrx_word' id='word_1_4' title='bbox 854 2894 870 2930; x_wconf 90' lang='lat'><strong>:</strong></span> <span class='ocrx_word' id='word_1_5' title='bbox 903 2878 1040 2933; x_wconf 89' lang='lat' dir='ltr'><strong>Deus</strong></span> <span class='ocrx_word' id='word_1_6' title='bbox 1070 2892 1157 2931; x_wconf 82' lang='lat' dir='ltr'><strong>au-</strong></span> 
     </span>
    </p>
   </div>
   <div class='ocr_carea' id='block_1_2' title="bbox 613 342 718 400">
    <p class='ocr_par' dir='ltr' id='par_1_2' title="bbox 613 342 718 400">
     <span class='ocr_line' id='line_1_2' title="bbox 613 342 718 400; baseline 0.019 -2"><span class='ocrx_word' id='word_1_7' title='bbox 613 342 718 400; x_wconf 75' lang='lat'><strong>655</strong></span> 
     </span>
    </p>
   </div>
   <div class='ocr_carea' id='block_1_3' title="bbox 998 453 1797 514">
    <p class='ocr_par' dir='ltr' id='par_1_3' title="bbox 998 453 1797 514">
     <span class='ocr_line' id='line_1_3' title="bbox 998 453 1797 514; baseline -0.001 -3"><span class='ocrx_word' id='word_1_8' title='bbox 998 453 1226 512; x_wconf 86' lang='lat' dir='ltr'><strong>CODEX</strong></span> <span class='ocrx_word' id='word_1_9' title='bbox 1265 456 1797 514; x_wconf 78' lang='lat' dir='ltr'><strong>VERCELLENSIS.</strong></span> 
     </span>
    </p>
   </div>
   <div class='ocr_carea' id='block_1_4' title="bbox 1435 548 1802 618">
    <p class='ocr_par' dir='ltr' id='par_1_4' title="bbox 1435 548 1802 618">
     <span class='ocr_line' id='line_1_4' title="bbox 1435 548 1802 618; baseline 0.008 -18"><span class='ocrx_word' id='word_1_10' title='bbox 1435 548 1610 613; x_wconf 83' lang='lat' dir='ltr'><strong>vobis,</strong></span> <span class='ocrx_word' id='word_1_11' title='bbox 1638 550 1761 618; x_wconf 82' lang='lat' dir='ltr'><strong>quia</strong></span> <span class='ocrx_word' id='word_1_12' title='bbox 1799 596 1802 602; x_wconf 94' lang='lat'><strong>.</strong></span> 
     </span>
    </p>
   </div>
   <div class='ocr_carea' id='block_1_5' title="bbox 1435 619 1902 674">
    <p class='ocr_par' dir='ltr' id='par_1_5' title="bbox 1435 619 1902 674">
     <span class='ocr_line' id='line_1_5' title="bbox 1435 619 1902 674; baseline 0.002 -2"><span class='ocrx_word' id='word_1_13' title='bbox 1435 619 1594 674; x_wconf 81' lang='lat' dir='ltr'><strong>faciet</strong></span> <span class='ocrx_word' id='word_1_14' title='bbox 1617 619 1902 674; x_wconf 77' lang='lat' dir='ltr'><strong>vindictam</strong></span> 
     </span>
    </p>
   </div>
   <div class='ocr_carea' id='block_1_6' title="bbox 1438 691 1764 745">
    <p class='ocr_par' dir='ltr' id='par_1_6' title="bbox 1438 691 1764 745">
     <span class='ocr_line' id='line_1_6' title="bbox 1438 691 1764 745; baseline 0.006 -2"><span class='ocrx_word' id='word_1_15' title='bbox 1438 691 1652 744; x_wconf 86' lang='lat' dir='ltr'><strong>illorum</strong></span> <span class='ocrx_word' id='word_1_16' title='bbox 1676 705 1764 745; x_wconf 85' lang='lat' dir='ltr'><strong>ce-</strong></span> 
     </span>
    </p>
   </div>
   <div class='ocr_carea' id='block_1_7' title="bbox 1438 760 1870 816">
    <p class='ocr_par' dir='ltr' id='par_1_7' title="bbox 1438 760 1870 816">
     <span class='ocr_line' id='line_1_7' title="bbox 1438 760 1870 816; baseline -0.002 -2"><span class='ocrx_word' id='word_1_17' title='bbox 1438 760 1646 815; x_wconf 85' lang='lat' dir='ltr'><strong>letiter.</strong></span> <span class='ocrx_word' id='word_1_18' title='bbox 1673 763 1689 790; x_wconf 85' lang='grc'>¹</span> <span class='ocrx_word' id='word_1_19' title='bbox 1724 764 1870 816; x_wconf 78' lang='lat' dir='ltr'><strong>Atta-</strong></span> 
     </span>
    </p>
   </div>
   <div class='ocr_carea' id='block_1_8' title="bbox 1435 830 1750 885">
    <p class='ocr_par' dir='ltr' id='par_1_8' title="bbox 1435 830 1750 885">
     <span class='ocr_line' id='line_1_8' title="bbox 1435 830 1750 885; baseline 0.003 -1"><span class='ocrx_word' id='word_1_20' title='bbox 1435 846 1557 884; x_wconf 88' lang='lat' dir='ltr'><strong>men</strong></span> <span class='ocrx_word' id='word_1_21' title='bbox 1592 830 1750 885; x_wconf 83' lang='lat' dir='ltr'><strong>Filius</strong></span> 
     </span>
    </p>
   </div>
   <div class='ocr_carea' id='block_1_9' title="bbox 1437 901 1783 956">
    <p class='ocr_par' dir='ltr' id='par_1_9' title="bbox 1437 901 1783 956">
     <span class='ocr_line' id='line_1_9' title="bbox 1437 901 1783 956; baseline 0.009 -3"><span class='ocrx_word' id='word_1_22' title='bbox 1437 901 1668 956; x_wconf 82' lang='lat' dir='ltr'><strong>hominis</strong></span> <span class='ocrx_word' id='word_1_23' title='bbox 1691 918 1783 956; x_wconf 87' lang='lat' dir='ltr'><strong>ve-</strong></span> 
     </span>
    </p>
   </div>
   <div class='ocr_carea' id='block_1_10' title="bbox 1437 974 1795 1031">
    <p class='ocr_par' dir='ltr' id='par_1_10' title="bbox 1437 974 1795 1031">
     <span class='ocr_line' id='line_1_10' title="bbox 1437 974 1795 1031; baseline 0.011 -7"><span class='ocrx_word' id='word_1_24' title='bbox 1437 974 1612 1031; x_wconf 79' lang='lat' dir='ltr'><strong>niens.</strong></span> <span class='ocrx_word' id='word_1_25' title='bbox 1646 975 1795 1027; x_wconf 88' lang='lat' dir='ltr'><strong>inve-</strong></span> 
     </span>
    </p>
   </div>
   <div class='ocr_carea' id='block_1_11' title="bbox 1441 1043 1734 1108">
    <p class='ocr_par' dir='ltr' id='par_1_11' title="bbox 1441 1043 1734 1108">
     <span class='ocr_line' id='line_1_11' title="bbox 1441 1043 1734 1108; baseline 0.024 -16"><span class='ocrx_word' id='word_1_26' title='bbox 1441 1043 1553 1095; x_wconf 80' lang='lat' dir='ltr'><strong>niet</strong></span> <span class='ocrx_word' id='word_1_27' title='bbox 1585 1051 1734 1108; x_wconf 75' lang='lat' dir='ltr'><strong>putas</strong></span> 
     </span>
    </p>
   </div>
   <div class='ocr_carea' id='block_1_12' title="bbox 619 548 888 604">
    <p class='ocr_par' dir='ltr' id='par_1_12' title="bbox 619 548 888 604">
     <span class='ocr_line' id='line_1_12' title="bbox 619 548 888 604; baseline 0 -2"><span class='ocrx_word' id='word_1_28' title='bbox 619 548 888 604; x_wconf 86' lang='lat' dir='ltr'><strong>hominem</strong></span> 
     </span>
    </p>
   </div>
   <div class='ocr_carea' id='block_1_13' title="bbox 617 620 896 674">
    <p class='ocr_par' dir='ltr' id='par_1_13' title="bbox 617 620 896 674">
     <span class='ocr_line' id='line_1_13' title="bbox 617 620 896 674; baseline -0.011 0"><span class='ocrx_word' id='word_1_29' title='bbox 617 620 896 674; x_wconf 85' lang='lat' dir='ltr'><strong>revereba-</strong></span> 
     </span>
    </p>
   </div>
   <div class='ocr_carea' id='block_1_14' title="bbox 615 689 1135 746">
    <p class='ocr_par' dir='ltr' id='par_1_14' title="bbox 615 689 1135 746">
     <span class='ocr_line' id='line_1_14' title="bbox 615 689 1135 746; baseline 0.004 -2"><span class='ocrx_word' id='word_1_30' title='bbox 615 691 669 744; x_wconf 76' lang='lat'><strong>3.</strong></span> <span class='ocrx_word' id='word_1_31' title='bbox 713 701 815 744; x_wconf 86' lang='lat' dir='ltr'><strong>tur.</strong></span> <span class='ocrx_word' id='word_1_32' title='bbox 843 689 1012 746; x_wconf 82' lang='lat' dir='ltr'><strong>Vidua</strong></span> <span class='ocrx_word' id='word_1_33' title='bbox 1039 706 1135 746; x_wconf 81' lang='lat' dir='ltr'><strong>au-</strong></span> 
     </span>
    </p>
   </div>
   <div class='ocr_carea' id='block_1_15' title="bbox 614 763 1010 828">
    <p class='ocr_par' dir='ltr' id='par_1_15' title="bbox 614 763 1010 828">
     <span class='ocr_line' id='line_1_15' title="bbox 614 763 1010 828; baseline 0.003 -12"><span class='ocrx_word' id='word_1_34' title='bbox 614 772 722 816; x_wconf 87' lang='lat' dir='ltr'><strong>tem</strong></span> <span class='ocrx_word' id='word_1_35' title='bbox 750 763 1010 828; x_wconf 65' lang='lat' dir='ltr'><strong>quaedam</strong></span> 
     </span>
    </p>
   </div>
   <div class='ocr_carea' id='block_1_16' title="bbox 612 831 920 888">
    <p class='ocr_par' dir='ltr' id='par_1_16' title="bbox 612 831 920 888">
     <span class='ocr_line' id='line_1_16' title="bbox 612 831 920 888; baseline -0.003 -3"><span class='ocrx_word' id='word_1_36' title='bbox 612 841 727 888; x_wconf 86' lang='lat' dir='ltr'><strong>erat</strong></span> <span class='ocrx_word' id='word_1_37' title='bbox 753 831 805 884; x_wconf 91' lang='lat' dir='ltr'><strong>in</strong></span> <span class='ocrx_word' id='word_1_38' title='bbox 831 846 920 885; x_wconf 84' lang='lat' dir='ltr'><strong>ea-</strong></span> 
     </span>
    </p>
   </div>
   <div class='ocr_carea' id='block_1_17' title="bbox 612 903 939 957">
    <p class='ocr_par' dir='ltr' id='par_1_17' title="bbox 612 903 939 957">
     <span class='ocr_line' id='line_1_17' title="bbox 612 903 939 957; baseline 0 -2"><span class='ocrx_word' id='word_1_39' title='bbox 612 903 735 957; x_wconf 91' lang='lat' dir='ltr'><strong>dem</strong></span> <span class='ocrx_word' id='word_1_40' title='bbox 758 905 939 955; x_wconf 79' lang='lat' dir='ltr'><strong>civita-</strong></span> 
     </span>
    </p>
   </div>
   <div class='ocr_carea' id='block_1_18' title="bbox 611 974 988 1034">
    <p class='ocr_par' dir='ltr' id='par_1_18' title="bbox 611 974 988 1034">
     <span class='ocr_line' id='line_1_18' title="bbox 611 974 988 1034; baseline 0.005 -8"><span class='ocrx_word' id='word_1_41' title='bbox 611 981 665 1026; x_wconf 90' lang='lat' dir='ltr'><strong>te</strong></span> <span class='ocrx_word' id='word_1_42' title='bbox 685 1013 698 1034; x_wconf 85' lang='lat'><strong>.</strong></span> <span class='ocrx_word' id='word_1_43' title='bbox 729 985 781 1026; x_wconf 89' lang='lat' dir='ltr'><strong>et</strong></span> <span class='ocrx_word' id='word_1_44' title='bbox 815 974 988 1029; x_wconf 79' lang='lat' dir='ltr'><strong>venie-</strong></span> 
     </span>
    </p>
   </div>
   <div class='ocr_carea' id='block_1_19' title="bbox 609 1041 1004 1111">
    <p class='ocr_par' dir='ltr' id='par_1_19' title="bbox 609 1041 1004 1111">
     <span class='ocr_line' id='line_1_19' title="bbox 609 1041 1004 1111; baseline 0.003 -15"><span class='ocrx_word' id='word_1_45' title='bbox 609 1043 702 1097; x_wconf 82' lang='lat' dir='ltr'><strong>bat</strong></span> <span class='ocrx_word' id='word_1_46' title='bbox 726 1041 791 1096; x_wconf 90' lang='lat' dir='ltr'><strong>ad</strong></span> <span class='ocrx_word' id='word_1_47' title='bbox 820 1042 968 1097; x_wconf 90' lang='lat' dir='ltr'><strong>illum</strong></span> <span class='ocrx_word' id='word_1_48' title='bbox 987 1085 1004 1111; x_wconf 94' lang='lat'><strong>,</strong></span> 
     </span>
    </p>
   </div>
   <div class='ocr_carea' id='block_1_20' title="bbox 606 1111 1772 1182">
    <p class='ocr_par' dir='ltr' id='par_1_20' title="bbox 606 1111 1772 1182">
     <span class='ocr_line' id='line_1_20' title="bbox 606 1111 1772 1182; baseline 0.002 -16"><span class='ocrx_word' id='word_1_49' title='bbox 606 1113 792 1169; x_wconf 86' lang='lat' dir='ltr'><strong>dicens</strong></span> <span class='ocrx_word' id='word_1_50' title='bbox 815 1131 828 1164; x_wconf 89' lang='lat'><strong>:</strong></span> <span class='ocrx_word' id='word_1_51' title='bbox 866 1113 993 1168; x_wconf 83' lang='lat' dir='ltr'><strong>Vin-</strong></span> <span class='ocrx_word' id='word_1_52' title='bbox 1433 1111 1590 1166; x_wconf 83' lang='lat' dir='ltr'><strong>ﬁdem</strong></span> <span class='ocrx_word' id='word_1_53' title='bbox 1613 1127 1772 1182; x_wconf 80' lang='lat' dir='ltr'><strong>super</strong></span> 
     </span>
    </p>
   </div>
   <div class='ocr_carea' id='block_1_21' title="bbox 606 1183 1667 1238">
    <p class='ocr_par' dir='ltr' id='par_1_21' title="bbox 606 1183 1667 1238">
     <span class='ocr_line' id='line_1_21' title="bbox 606 1183 1667 1238; baseline -0.002 0"><span class='ocrx_word' id='word_1_54' title='bbox 606 1183 722 1238; x_wconf 74' lang='lat' dir='ltr'><strong>dit&#39;a</strong></span> <span class='ocrx_word' id='word_1_55' title='bbox 749 1199 832 1237; x_wconf 89' lang='lat' dir='ltr'><strong>me</strong></span> <span class='ocrx_word' id='word_1_56' title='bbox 861 1184 932 1238; x_wconf 87' lang='lat' dir='ltr'><strong>de</strong></span> <span class='ocrx_word' id='word_1_57' title='bbox 1432 1184 1667 1237; x_wconf 79' lang='lat' dir='ltr'><strong>terram?</strong></span> 
     </span>
    </p>
   </div>
   <div class='ocr_carea' id='block_1_22' title="bbox 606 1251 1872 1310">
    <p class='ocr_par' dir='ltr' id='par_1_22' title="bbox 606 1251 1872 1310">
     <span class='ocr_line' id='line_1_22' title="bbox 606 1251 1872 1310; baseline -0.002 -2"><span class='ocrx_word' id='word_1_58' title='bbox 606 1254 920 1309; x_wconf 77' lang='lat' dir='ltr'><strong>adversario</strong></span> <span class='ocrx_word' id='word_1_59' title='bbox 1430 1251 1482 1307; x_wconf 89' lang='lat'><strong>9.</strong></span> <span class='ocrx_word' id='word_1_60' title='bbox 1528 1254 1666 1310; x_wconf 83' lang='lat' dir='ltr'><strong>Dixit</strong></span> <span class='ocrx_word' id='word_1_61' title='bbox 1697 1262 1872 1310; x_wconf 88' lang='lat' dir='ltr'><strong>autem</strong></span> 
     </span>
    </p>
   </div>
   <div class='ocr_carea' id='block_1_23' title="bbox 1431 1325 1762 1391">
    <p class='ocr_par' dir='ltr' id='par_1_23' title="bbox 1431 1325 1762 1391">
     <span class='ocr_line' id='line_1_23' title="bbox 1431 1325 1762 1391; baseline 0.003 -14"><span class='ocrx_word' id='word_1_62' title='bbox 1431 1331 1487 1377; x_wconf 91' lang='lat' dir='ltr'><strong>ct</strong></span> <span class='ocrx_word' id='word_1_63' title='bbox 1511 1325 1576 1376; x_wconf 81' lang='lat' dir='ltr'><strong>atl</strong></span> <span class='ocrx_word' id='word_1_64' title='bbox 1601 1341 1762 1391; x_wconf 83' lang='lat' dir='ltr'><strong>quos-</strong></span> 
     </span>
    </p>
   </div>
   <div class='ocr_carea' id='block_1_24' title="bbox 1429 1393 1796 1450">
    <p class='ocr_par' dir='ltr' id='par_1_24' title="bbox 1429 1393 1796 1450">
     <span class='ocr_line' id='line_1_24' title="bbox 1429 1393 1796 1450; baseline 0.008 -2"><span class='ocrx_word' id='word_1_65' title='bbox 1429 1393 1552 1448; x_wconf 81' lang='lat' dir='ltr'><strong>dam</strong></span> <span class='ocrx_word' id='word_1_66' title='bbox 1578 1397 1598 1426; x_wconf 82' lang='grc'>¹</span> <span class='ocrx_word' id='word_1_67' title='bbox 1629 1395 1796 1450; x_wconf 81' lang='lat' dir='ltr'><strong>liden—</strong></span> 
     </span>
    </p>
   </div>
   <div class='ocr_carea' id='block_1_25' title="bbox 1431 1466 1828 1532">
    <p class='ocr_par' dir='ltr' id='par_1_25' title="bbox 1431 1466 1828 1532">
     <span class='ocr_line' id='line_1_25' title="bbox 1431 1466 1828 1532; baseline -0.003 -13"><span class='ocrx_word' id='word_1_68' title='bbox 1431 1471 1512 1519; x_wconf 88' lang='lat' dir='ltr'><strong>tes</strong></span> <span class='ocrx_word' id='word_1_69' title='bbox 1539 1466 1661 1528; x_wconf 73' lang='lat' dir='ltr'><strong>sibi,</strong></span> <span class='ocrx_word' id='word_1_70' title='bbox 1694 1483 1828 1532; x_wconf 87' lang='lat' dir='ltr'><strong>qua-</strong></span> 
     </span>
    </p>
   </div>
   <div class='ocr_carea' id='block_1_26' title="bbox 1426 1534 1948 1607">
    <p class='ocr_par' dir='ltr' id='par_1_26' title="bbox 1426 1534 1948 1607">
     <span class='ocr_line' id='line_1_26' title="bbox 1426 1534 1948 1607; baseline 0.002 -19"><span class='ocrx_word' id='word_1_71' title='bbox 1426 1536 1471 1588; x_wconf 87' lang='lat' dir='ltr'><strong>si</strong></span> <span class='ocrx_word' id='word_1_72' title='bbox 1503 1534 1574 1606; x_wconf 92' lang='lat' dir='ltr'><strong>(c)</strong></span> <span class='ocrx_word' id='word_1_73' title='bbox 1604 1535 1708 1590; x_wconf 90' lang='lat' dir='ltr'><strong>siut</strong></span> <span class='ocrx_word' id='word_1_74' title='bbox 1737 1537 1778 1607; x_wconf 57' lang='grc' dir='ltr'><strong>τ’</strong></span> <span class='ocrx_word' id='word_1_75' title='bbox 1797 1535 1948 1607; x_wconf 84' lang='lat' dir='ltr'><strong>justi,</strong></span> 
     </span>
    </p>
   </div>
   <div class='ocr_carea' id='block_1_27' title="bbox 1426 1613 1766 1674">
    <p class='ocr_par' dir='ltr' id='par_1_27' title="bbox 1426 1613 1766 1674">
     <span class='ocr_line' id='line_1_27' title="bbox 1426 1613 1766 1674; baseline 0.003 -14"><span class='ocrx_word' id='word_1_76' title='bbox 1426 1613 1482 1660; x_wconf 88' lang='lat' dir='ltr'><strong>et</strong></span> <span class='ocrx_word' id='word_1_77' title='bbox 1496 1622 1766 1674; x_wconf 78' lang='lat' dir='ltr'><strong>spernen—</strong></span> 
     </span>
    </p>
   </div>
   <div class='ocr_carea' id='block_1_28' title="bbox 1427 1685 1766 1744">
    <p class='ocr_par' dir='ltr' id='par_1_28' title="bbox 1427 1685 1766 1744">
     <span class='ocr_line' id='line_1_28' title="bbox 1427 1685 1766 1744; baseline 0.012 -16"><span class='ocrx_word' id='word_1_78' title='bbox 1427 1685 1507 1730; x_wconf 88' lang='lat' dir='ltr'><strong>tes</strong></span> <span class='ocrx_word' id='word_1_79' title='bbox 1535 1687 1766 1744; x_wconf 84' lang='lat' dir='ltr'><strong>ceteros,</strong></span> 
     </span>
    </p>
   </div>
   <div class='ocr_carea' id='block_1_29' title="bbox 1461 1747 1734 1802">
    <p class='ocr_par' dir='ltr' id='par_1_29' title="bbox 1461 1747 1734 1802">
     <span class='ocr_line' id='line_1_29' title="bbox 1461 1747 1734 1802; baseline 0.018 -4"><span class='ocrx_word' id='word_1_80' title='bbox 1461 1747 1734 1802; x_wconf 85' lang='lat' dir='ltr'><strong>arobolam</strong></span> 
     </span>
    </p>
   </div>
   <div class='ocr_carea' id='block_1_30' title="bbox 1462 1832 1613 1870">
    <p class='ocr_par' dir='ltr' id='par_1_30' title="bbox 1462 1832 1613 1870">
     <span class='ocr_line' id='line_1_30' title="bbox 1462 1832 1613 1870; baseline 0.007 -1"><span class='ocrx_word' id='word_1_81' title='bbox 1462 1832 1562 1870; x_wconf 90' lang='lat' dir='ltr'><strong>auc</strong></span> <span class='ocrx_word' id='word_1_82' title='bbox 1599 1834 1613 1870; x_wconf 70' lang='grc'><strong>2</strong></span> 
     </span>
    </p>
   </div>
   <div class='ocr_carea' id='block_1_31' title="bbox 1422 1887 1937 1943">
    <p class='ocr_par' dir='ltr' id='par_1_31' title="bbox 1422 1887 1937 1943">
     <span class='ocr_line' id='line_1_31' title="bbox 1422 1887 1937 1943; baseline 0.002 -3"><span class='ocrx_word' id='word_1_83' title='bbox 1422 1887 1510 1942; x_wconf 79' lang='grc'><strong>10.</strong></span> <span class='ocrx_word' id='word_1_84' title='bbox 1552 1887 1666 1941; x_wconf 89' lang='lat' dir='ltr'><strong>Duo</strong></span> <span class='ocrx_word' id='word_1_85' title='bbox 1695 1887 1937 1943; x_wconf 84' lang='lat' dir='ltr'><strong>homines</strong></span> 
     </span>
    </p>
   </div>
   <div class='ocr_carea' id='block_1_32' title="bbox 1420 1956 1729 2014">
    <p class='ocr_par' dir='ltr' id='par_1_32' title="bbox 1420 1956 1729 2014">
     <span class='ocr_line' id='line_1_32' title="bbox 1420 1956 1729 2014; baseline 0.013 -4"><span class='ocrx_word' id='word_1_86' title='bbox 1420 1956 1442 1986; x_wconf 87' lang='grc'>³</span> <span class='ocrx_word' id='word_1_87' title='bbox 1471 1958 1729 2014; x_wconf 73' lang='lat' dir='ltr'><strong>ascende-</strong></span> 
     </span>
    </p>
   </div>
   <div class='ocr_carea' id='block_1_33' title="bbox 1420 2032 1793 2084">
    <p class='ocr_par' dir='ltr' id='par_1_33' title="bbox 1420 2032 1793 2084">
     <span class='ocr_line' id='line_1_33' title="bbox 1420 2032 1793 2084; baseline 0.005 -4"><span class='ocrx_word' id='word_1_88' title='bbox 1420 2041 1545 2081; x_wconf 90' lang='lat' dir='ltr'><strong>runt</strong></span> <span class='ocrx_word' id='word_1_89' title='bbox 1577 2032 1628 2080; x_wconf 90' lang='lat' dir='ltr'><strong>in</strong></span> <span class='ocrx_word' id='word_1_90' title='bbox 1659 2040 1793 2084; x_wconf 89' lang='lat' dir='ltr'><strong>tem—</strong></span> 
     </span>
    </p>
   </div>
   <div class='ocr_carea' id='block_1_34' title="bbox 1419 2099 1719 2163">
    <p class='ocr_par' dir='ltr' id='par_1_34' title="bbox 1419 2099 1719 2163">
     <span class='ocr_line' id='line_1_34' title="bbox 1419 2099 1719 2163; baseline 0.01 -13"><span class='ocrx_word' id='word_1_91' title='bbox 1419 2099 1509 2163; x_wconf 82' lang='lat' dir='ltr'><strong>plo</strong></span> <span class='ocrx_word' id='word_1_92' title='bbox 1535 2113 1693 2152; x_wconf 87' lang='lat' dir='ltr'><strong>orare</strong></span> <span class='ocrx_word' id='word_1_93' title='bbox 1707 2141 1719 2162; x_wconf 90' lang='lat'><strong>,</strong></span> 
     </span>
    </p>
   </div>
   <div class='ocr_carea' id='block_1_35' title="bbox 1421 2168 1880 2227">
    <p class='ocr_par' dir='ltr' id='par_1_35' title="bbox 1421 2168 1880 2227">
     <span class='ocr_line' id='line_1_35' title="bbox 1421 2168 1880 2227; baseline 0.017 -8"><span class='ocrx_word' id='word_1_94' title='bbox 1421 2183 1556 2223; x_wconf 90' lang='lat' dir='ltr'><strong>unus</strong></span> <span class='ocrx_word' id='word_1_95' title='bbox 1586 2168 1762 2223; x_wconf 83' lang='lat' dir='ltr'><strong>Publi-</strong></span> <span class='ocrx_word' id='word_1_96' title='bbox 1877 2224 1880 2227; x_wconf 90' lang='lat'><strong><em>_</em></strong></span> 
     </span>
    </p>
   </div>
   <div class='ocr_carea' id='block_1_36' title="bbox 1418 2241 1782 2296">
    <p class='ocr_par' dir='ltr' id='par_1_36' title="bbox 1418 2241 1782 2296">
     <span class='ocr_line' id='line_1_36' title="bbox 1418 2241 1782 2296; baseline -0.003 -4"><span class='ocrx_word' id='word_1_97' title='bbox 1418 2251 1614 2296; x_wconf 78' lang='lat' dir='ltr'><strong>Canus.</strong></span> <span class='ocrx_word' id='word_1_98' title='bbox 1639 2249 1694 2293; x_wconf 89' lang='lat' dir='ltr'><strong>et</strong></span> <span class='ocrx_word' id='word_1_99' title='bbox 1719 2241 1782 2292; x_wconf 68' lang='lat' dir='ltr'><strong>a-~</strong></span> 
     </span>
    </p>
   </div>
   <div class='ocr_carea' id='block_1_37' title="bbox 601 1325 1070 1380">
    <p class='ocr_par' dir='ltr' id='par_1_37' title="bbox 601 1325 1070 1380">
     <span class='ocr_line' id='line_1_37' title="bbox 601 1325 1070 1380; baseline -0.002 0"><span class='ocrx_word' id='word_1_100' title='bbox 601 1327 656 1380; x_wconf 75' lang='grc'><strong>4.</strong></span> <span class='ocrx_word' id='word_1_101' title='bbox 701 1341 840 1378; x_wconf 89' lang='lat' dir='ltr'><strong>meo.</strong></span> <span class='ocrx_word' id='word_1_102' title='bbox 883 1325 949 1379; x_wconf 84' lang='lat' dir='ltr'><strong>Et</strong></span> <span class='ocrx_word' id='word_1_103' title='bbox 974 1340 1070 1380; x_wconf 89' lang='lat' dir='ltr'><strong>n0-</strong></span> 
     </span>
    </p>
   </div>
   <div class='ocr_carea' id='block_1_38' title="bbox 603 1395 1025 1464">
    <p class='ocr_par' dir='ltr' id='par_1_38' title="bbox 603 1395 1025 1464">
     <span class='ocr_line' id='line_1_38' title="bbox 603 1395 1025 1464; baseline 0.005 -16"><span class='ocrx_word' id='word_1_104' title='bbox 603 1395 746 1451; x_wconf 83' lang='lat' dir='ltr'><strong>lebat</strong></span> <span class='ocrx_word' id='word_1_105' title='bbox 773 1410 867 1464; x_wconf 87' lang='lat' dir='ltr'><strong>per</strong></span> <span class='ocrx_word' id='word_1_106' title='bbox 896 1406 1025 1450; x_wconf 85' lang='lat' dir='ltr'><strong>tem-</strong></span> 
     </span>
    </p>
   </div>
   <div class='ocr_carea' id='block_1_39' title="bbox 603 1481 722 1531">
    <p class='ocr_par' dir='ltr' id='par_1_39' title="bbox 603 1481 722 1531">
     <span class='ocr_line' id='line_1_39' title="bbox 603 1481 722 1531; baseline 0 -11"><span class='ocrx_word' id='word_1_107' title='bbox 603 1481 722 1531; x_wconf 80' lang='lat' dir='ltr'><strong>pus.</strong></span> 
     </span>
    </p>
   </div>
   <div class='ocr_carea' id='block_1_40' title="bbox 600 1535 999 1597">
    <p class='ocr_par' dir='ltr' id='par_1_40' title="bbox 600 1535 999 1597">
     <span class='ocr_line' id='line_1_40' title="bbox 600 1535 999 1597; baseline 0.02 -7"><span class='ocrx_word' id='word_1_108' title='bbox 600 1535 731 1590; x_wconf 83' lang='lat' dir='ltr'><strong>Post</strong></span> <span class='ocrx_word' id='word_1_109' title='bbox 753 1541 884 1596; x_wconf 86' lang='lat' dir='ltr'><strong>haec</strong></span> <span class='ocrx_word' id='word_1_110' title='bbox 900 1557 999 1597; x_wconf 88' lang='lat' dir='ltr'><strong>au-</strong></span> 
     </span>
    </p>
   </div>
   <div class='ocr_carea' id='block_1_41' title="bbox 601 1613 982 1667">
    <p class='ocr_par' dir='ltr' id='par_1_41' title="bbox 601 1613 982 1667">
     <span class='ocr_line' id='line_1_41' title="bbox 601 1613 982 1667; baseline 0.018 -7"><span class='ocrx_word' id='word_1_111' title='bbox 601 1615 708 1661; x_wconf 88' lang='lat' dir='ltr'><strong>tem</strong></span> <span class='ocrx_word' id='word_1_112' title='bbox 736 1613 873 1667; x_wconf 92' lang='lat' dir='ltr'><strong>dixit</strong></span> <span class='ocrx_word' id='word_1_113' title='bbox 899 1615 982 1667; x_wconf 82' lang='lat' dir='ltr'><strong>in-</strong></span> 
     </span>
    </p>
   </div>
   <div class='ocr_carea' id='block_1_42' title="bbox 599 1683 1105 1739">
    <p class='ocr_par' dir='ltr' id='par_1_42' title="bbox 599 1683 1105 1739">
     <span class='ocr_line' id='line_1_42' title="bbox 599 1683 1105 1739; baseline 0.016 -11"><span class='ocrx_word' id='word_1_114' title='bbox 599 1683 679 1730; x_wconf 83' lang='lat' dir='ltr'><strong>tra</strong></span> <span class='ocrx_word' id='word_1_115' title='bbox 710 1695 768 1736; x_wconf 87' lang='lat' dir='ltr'><strong>se</strong></span> <span class='ocrx_word' id='word_1_116' title='bbox 799 1700 812 1736; x_wconf 88' lang='lat'><strong>:</strong></span> <span class='ocrx_word' id='word_1_117' title='bbox 846 1683 902 1739; x_wconf 90' lang='lat' dir='ltr'><strong>Si</strong></span> <span class='ocrx_word' id='word_1_118' title='bbox 939 1683 1105 1738; x_wconf 90' lang='lat' dir='ltr'><strong>Deum</strong></span> 
     </span>
    </p>
   </div>
   <div class='ocr_carea' id='block_1_43' title="bbox 595 1753 932 1820">
    <p class='ocr_par' dir='ltr' id='par_1_43' title="bbox 595 1753 932 1820">
     <span class='ocr_line' id='line_1_43' title="bbox 595 1753 932 1820; baseline 0.018 -19"><span class='ocrx_word' id='word_1_119' title='bbox 595 1764 704 1803; x_wconf 90' lang='lat' dir='ltr'><strong>non</strong></span> <span class='ocrx_word' id='word_1_120' title='bbox 737 1753 901 1808; x_wconf 88' lang='lat' dir='ltr'><strong>timeo</strong></span> <span class='ocrx_word' id='word_1_121' title='bbox 917 1794 932 1820; x_wconf 86' lang='lat'><strong>,</strong></span> 
     </span>
    </p>
   </div>
   <div class='ocr_carea' id='block_1_44' title="bbox 595 1822 898 1875">
    <p class='ocr_par' dir='ltr' id='par_1_44' title="bbox 595 1822 898 1875">
     <span class='ocr_line' id='line_1_44' title="bbox 595 1822 898 1875; baseline 0.017 -5"><span class='ocrx_word' id='word_1_122' title='bbox 595 1834 697 1872; x_wconf 90' lang='lat' dir='ltr'><strong>nec</strong></span> <span class='ocrx_word' id='word_1_123' title='bbox 728 1822 898 1875; x_wconf 84' lang='lat' dir='ltr'><strong>homi-</strong></span> 
     </span>
    </p>
   </div>
   <div class='ocr_carea' id='block_1_45' title="bbox 596 1904 1046 1948">
    <p class='ocr_par' dir='ltr' id='par_1_45' title="bbox 596 1904 1046 1948">
     <span class='ocr_line' id='line_1_45' title="bbox 596 1904 1046 1948; baseline 0.007 -7"><span class='ocrx_word' id='word_1_124' title='bbox 596 1904 720 1943; x_wconf 88' lang='lat' dir='ltr'><strong>nem</strong></span> <span class='ocrx_word' id='word_1_125' title='bbox 753 1908 810 1945; x_wconf 89' lang='lat' dir='ltr'><strong>re</strong></span> <span class='ocrx_word' id='word_1_126' title='bbox 819 1906 1008 1948; x_wconf 83' lang='lat' dir='ltr'><strong>vereor</strong></span> <span class='ocrx_word' id='word_1_127' title='bbox 1032 1910 1046 1944; x_wconf 74' lang='grc' dir='ltr'>ε</span> 
     </span>
    </p>
   </div>
   <div class='ocr_carea' id='block_1_46' title="bbox 595 1957 1072 2035">
    <p class='ocr_par' dir='ltr' id='par_1_46' title="bbox 595 1957 1072 2035">
     <span class='ocr_line' id='line_1_46' title="bbox 595 1957 1072 2035; baseline 0.013 -23"><span class='ocrx_word' id='word_1_128' title='bbox 595 1957 651 2012; x_wconf 83' lang='grc'><strong>5.</strong></span> <span class='ocrx_word' id='word_1_129' title='bbox 691 1971 924 2035; x_wconf 72' lang='lat' dir='ltr'><strong>attamen</strong></span> <span class='ocrx_word' id='word_1_130' title='bbox 950 1964 1072 2035; x_wconf 79' lang='lat' dir='ltr'><strong>quia</strong></span> 
     </span>
    </p>
   </div>
   <div class='ocr_carea' id='block_1_47' title="bbox 597 2028 935 2088">
    <p class='ocr_par' dir='ltr' id='par_1_47' title="bbox 597 2028 935 2088">
     <span class='ocr_line' id='line_1_47' title="bbox 597 2028 935 2088; baseline 0.024 -7"><span class='ocrx_word' id='word_1_131' title='bbox 597 2028 828 2086; x_wconf 79' lang='lat' dir='ltr'><strong>moleSIa</strong></span> <span class='ocrx_word' id='word_1_132' title='bbox 852 2042 935 2088; x_wconf 90' lang='lat' dir='ltr'><strong>est</strong></span> 
     </span>
    </p>
   </div>
   <div class='ocr_carea' id='block_1_48' title="bbox 592 2099 914 2158">
    <p class='ocr_par' dir='ltr' id='par_1_48' title="bbox 592 2099 914 2158">
     <span class='ocr_line' id='line_1_48' title="bbox 592 2099 914 2158; baseline 0.022 -7"><span class='ocrx_word' id='word_1_133' title='bbox 592 2099 725 2156; x_wconf 86' lang='lat' dir='ltr'><strong>mihi</strong></span> <span class='ocrx_word' id='word_1_134' title='bbox 757 2102 914 2158; x_wconf 77' lang='lat' dir='ltr'><strong>vidua</strong></span> 
     </span>
    </p>
   </div>
   <div class='ocr_carea' id='block_1_49' title="bbox 592 2168 953 2237">
    <p class='ocr_par' dir='ltr' id='par_1_49' title="bbox 592 2168 953 2237">
     <span class='ocr_line' id='line_1_49' title="bbox 592 2168 953 2237; baseline 0 -9"><span class='ocrx_word' id='word_1_135' title='bbox 592 2168 746 2237; x_wconf 67' lang='lat' dir='ltr'><strong>haec,</strong></span> <span class='ocrx_word' id='word_1_136' title='bbox 779 2173 953 2228; x_wconf 90' lang='lat' dir='ltr'><strong>vindi-</strong></span> 
     </span>
    </p>
   </div>
   <div class='ocr_carea' id='block_1_50' title="bbox 592 2242 945 2310">
    <p class='ocr_par' dir='ltr' id='par_1_50' title="bbox 592 2242 945 2310">
     <span class='ocr_line' id='line_1_50' title="bbox 592 2242 945 2310; baseline 0.014 -16"><span class='ocrx_word' id='word_1_137' title='bbox 592 2242 726 2296; x_wconf 85' lang='lat' dir='ltr'><strong>cabo</strong></span> <span class='ocrx_word' id='word_1_138' title='bbox 767 2245 911 2298; x_wconf 88' lang='lat' dir='ltr'><strong>illam</strong></span> <span class='ocrx_word' id='word_1_139' title='bbox 928 2286 945 2310; x_wconf 85' lang='lat'><strong>,</strong></span> 
     </span>
    </p>
   </div>
   <div class='ocr_carea' id='block_1_51' title="bbox 591 2306 1764 2378">
    <p class='ocr_par' dir='ltr' id='par_1_51' title="bbox 591 2306 1764 2378">
     <span class='ocr_line' id='line_1_51' title="bbox 591 2306 1764 2378; baseline 0.001 -17"><span class='ocrx_word' id='word_1_140' title='bbox 591 2326 659 2365; x_wconf 85' lang='lat' dir='ltr'><strong>ne</strong></span> <span class='ocrx_word' id='word_1_141' title='bbox 691 2329 784 2378; x_wconf 81' lang='lat' dir='ltr'><strong>per</strong></span> <span class='ocrx_word' id='word_1_142' title='bbox 808 2306 943 2368; x_wconf 54' lang='lat' dir='ltr'><strong>tem;</strong></span> <span class='ocrx_word' id='word_1_143' title='bbox 1419 2306 1544 2371; x_wconf 82' lang='lat' dir='ltr'><strong>lius,</strong></span> <span class='ocrx_word' id='word_1_144' title='bbox 1577 2308 1764 2363; x_wconf 76' lang='lat' dir='ltr'><strong>Phari-</strong></span> 
     </span>
    </p>
   </div>
   <div class='ocr_carea' id='block_1_52' title="bbox 588 2379 1911 2451">
    <p class='ocr_par' dir='ltr' id='par_1_52' title="bbox 588 2379 1911 2451">
     <span class='ocr_line' id='line_1_52' title="bbox 588 2379 1911 2451; baseline -0.003 -15"><span class='ocrx_word' id='word_1_145' title='bbox 588 2397 721 2451; x_wconf 87' lang='lat' dir='ltr'><strong>pore</strong></span> <span class='ocrx_word' id='word_1_146' title='bbox 749 2387 897 2438; x_wconf 76' lang='lat' dir='ltr'><strong>veni-</strong></span> <span class='ocrx_word' id='word_1_147' title='bbox 1419 2380 1506 2451; x_wconf 61' lang='lat' dir='ltr'><strong>fit.</strong></span> <span class='ocrx_word' id='word_1_148' title='bbox 1548 2393 1724 2451; x_wconf 79' lang='lat' dir='ltr'><strong>saetis.</strong></span> <span class='ocrx_word' id='word_1_149' title='bbox 1751 2379 1911 2435; x_wconf 90' lang='lat' dir='ltr'><strong>Stans</strong></span> 
     </span>
    </p>
   </div>
   <div class='ocr_carea' id='block_1_53' title="bbox 588 2449 1764 2524">
    <p class='ocr_par' dir='ltr' id='par_1_53' title="bbox 588 2449 1764 2524">
     <span class='ocr_line' id='line_1_53' title="bbox 588 2449 1764 2524; baseline -0.002 -18"><span class='ocrx_word' id='word_1_150' title='bbox 588 2449 689 2524; x_wconf 71' lang='lat' dir='ltr'><strong>ens</strong></span> <span class='ocrx_word' id='word_1_151' title='bbox 705 2497 722 2520; x_wconf 92' lang='lat'><strong>,</strong></span> <span class='ocrx_word' id='word_1_152' title='bbox 755 2453 955 2524; x_wconf 78' lang='lat' dir='ltr'><strong>suggil-</strong></span> <span class='ocrx_word' id='word_1_153' title='bbox 1416 2449 1598 2524; x_wconf 78' lang='lat' dir='ltr'><strong>itaque</strong></span> <span class='ocrx_word' id='word_1_154' title='bbox 1626 2450 1764 2524; x_wconf 76' lang='lat' dir='ltr'><strong>Pita-</strong></span> 
     </span>
    </p>
   </div>
   <div class='ocr_carea' id='block_1_54' title="bbox 585 2521 1752 2586">
    <p class='ocr_par' dir='ltr' id='par_1_54' title="bbox 585 2521 1752 2586">
     <span class='ocr_line' id='line_1_54' title="bbox 585 2521 1752 2586; baseline 0 -11"><span class='ocrx_word' id='word_1_155' title='bbox 585 2522 664 2576; x_wconf 89' lang='lat' dir='ltr'><strong>let</strong></span> <span class='ocrx_word' id='word_1_156' title='bbox 690 2540 796 2578; x_wconf 90' lang='lat' dir='ltr'><strong>me.</strong></span> <span class='ocrx_word' id='word_1_157' title='bbox 826 2521 845 2524; x_wconf 31' lang='grc' dir='ltr'><strong>θ</strong></span> <span class='ocrx_word' id='word_1_158' title='bbox 860 2521 879 2524; x_wconf 62' lang='grc'>⁷</span> <span class='ocrx_word' id='word_1_159' title='bbox 1415 2521 1644 2586; x_wconf 80' lang='lat' dir='ltr'><strong>risaens,</strong></span> <span class='ocrx_word' id='word_1_160' title='bbox 1670 2522 1752 2575; x_wconf 86' lang='lat' dir='ltr'><strong>in-</strong></span> 
     </span>
    </p>
   </div>
   <div class='ocr_carea' id='block_1_55' title="bbox 1376 2593 1746 2646">
    <p class='ocr_par' dir='ltr' id='par_1_55' title="bbox 1376 2593 1746 2646">
     <span class='ocr_line' id='line_1_55' title="bbox 1376 2593 1746 2646; baseline 0.008 -3"><span class='ocrx_word' id='word_1_161' title='bbox 1376 2633 1381 2638; x_wconf 94' lang='lat'><strong>.</strong></span> <span class='ocrx_word' id='word_1_162' title='bbox 1419 2598 1498 2644; x_wconf 89' lang='lat' dir='ltr'><strong>tra</strong></span> <span class='ocrx_word' id='word_1_163' title='bbox 1527 2606 1585 2644; x_wconf 87' lang='lat' dir='ltr'><strong>se</strong></span> <span class='ocrx_word' id='word_1_164' title='bbox 1614 2593 1746 2646; x_wconf 87' lang='lat' dir='ltr'><strong>haec</strong></span> 
     </span>
    </p>
   </div>
   <div class='ocr_carea' id='block_1_56' title="bbox 1416 2659 1893 2728">
    <p class='ocr_par' dir='ltr' id='par_1_56' title="bbox 1416 2659 1893 2728">
     <span class='ocr_line' id='line_1_56' title="bbox 1416 2659 1893 2728; baseline 0.01 -15"><span class='ocrx_word' id='word_1_165' title='bbox 1416 2659 1440 2688; x_wconf 71' lang='lat'><strong>‘</strong></span> <span class='ocrx_word' id='word_1_166' title='bbox 1468 2662 1655 2717; x_wconf 86' lang='lat' dir='ltr'><strong>orabat</strong></span> <span class='ocrx_word' id='word_1_167' title='bbox 1687 2680 1700 2716; x_wconf 89' lang='lat'><strong>:</strong></span> <span class='ocrx_word' id='word_1_168' title='bbox 1731 2661 1893 2728; x_wconf 90' lang='lat' dir='ltr'><strong>Deus,</strong></span> 
     </span>
    </p>
   </div>
   <div class='ocr_carea' id='block_1_57' title="bbox 1413 2734 1742 2802">
    <p class='ocr_par' dir='ltr' id='par_1_57' title="bbox 1413 2734 1742 2802">
     <span class='ocr_line' id='line_1_57' title="bbox 1413 2734 1742 2802; baseline 0.006 -18"><span class='ocrx_word' id='word_1_169' title='bbox 1413 2734 1614 2801; x_wconf 76' lang='lat' dir='ltr'><strong>gratias</strong></span> <span class='ocrx_word' id='word_1_170' title='bbox 1641 2747 1742 2802; x_wconf 77' lang='lat' dir='ltr'><strong>ago</strong></span> 
     </span>
    </p>
   </div>
   <div class='ocr_carea' id='block_1_58' title="bbox 1415 2804 1816 2872">
    <p class='ocr_par' dir='ltr' id='par_1_58' title="bbox 1415 2804 1816 2872">
     <span class='ocr_line' id='line_1_58' title="bbox 1415 2804 1816 2872; baseline 0.012 -18"><span class='ocrx_word' id='word_1_171' title='bbox 1415 2804 1534 2867; x_wconf 86' lang='lat' dir='ltr'><strong>tibi,</strong></span> <span class='ocrx_word' id='word_1_172' title='bbox 1561 2807 1680 2872; x_wconf 83' lang='lat' dir='ltr'><strong>quia</strong></span> <span class='ocrx_word' id='word_1_173' title='bbox 1711 2819 1816 2858; x_wconf 90' lang='lat' dir='ltr'><strong>non</strong></span> 
     </span>
    </p>
   </div>
   <div class='ocr_carea' id='block_1_59' title="bbox 1413 2872 1724 2935">
    <p class='ocr_par' dir='ltr' id='par_1_59' title="bbox 1413 2872 1724 2935">
     <span class='ocr_line' id='line_1_59' title="bbox 1413 2872 1724 2935; baseline 0.003 -10"><span class='ocrx_word' id='word_1_174' title='bbox 1413 2887 1556 2935; x_wconf 88' lang='lat' dir='ltr'><strong>sum,</strong></span> <span class='ocrx_word' id='word_1_175' title='bbox 1585 2872 1724 2926; x_wconf 81' lang='lat' dir='ltr'><strong>sicut</strong></span> 
     </span>
    </p>
   </div>
   <div class='ocr_carea' id='block_1_60' title="bbox 1414 2943 1782 2999">
    <p class='ocr_par' dir='ltr' id='par_1_60' title="bbox 1414 2943 1782 2999">
     <span class='ocr_line' id='line_1_60' title="bbox 1414 2943 1782 2999; baseline 0.003 -1"><span class='ocrx_word' id='word_1_176' title='bbox 1414 2945 1576 2998; x_wconf 79' lang='lat' dir='ltr'><strong>ceteri</strong></span> <span class='ocrx_word' id='word_1_177' title='bbox 1610 2943 1782 2999; x_wconf 82' lang='lat' dir='ltr'><strong>humi-</strong></span> 
     </span>
    </p>
   </div>
   <div class='ocr_carea' id='block_1_61' title="bbox 1417 3025 1777 3094">
    <p class='ocr_par' dir='ltr' id='par_1_61' title="bbox 1417 3025 1777 3094">
     <span class='ocr_line' id='line_1_61' title="bbox 1417 3025 1777 3094; baseline 0 -28"><span class='ocrx_word' id='word_1_178' title='bbox 1417 3029 1566 3091; x_wconf 70' lang='lat' dir='ltr'><strong>num,</strong></span> <span class='ocrx_word' id='word_1_179' title='bbox 1595 3025 1777 3094; x_wconf 66' lang='lat' dir='ltr'><strong>rapto—</strong></span> 
     </span>
    </p>
   </div>
   <div class='ocr_carea' id='block_1_62' title="bbox 1416 3097 1773 3149">
    <p class='ocr_par' dir='ltr' id='par_1_62' title="bbox 1416 3097 1773 3149">
     <span class='ocr_line' id='line_1_62' title="bbox 1416 3097 1773 3149; baseline 0 -13"><span class='ocrx_word' id='word_1_180' title='bbox 1416 3098 1527 3146; x_wconf 87' lang='lat' dir='ltr'><strong>res,</strong></span> <span class='ocrx_word' id='word_1_181' title='bbox 1559 3097 1738 3149; x_wconf 71' lang='grc' dir='ltr'>ιιῃιιδιι</span> <span class='ocrx_word' id='word_1_182' title='bbox 1759 3123 1773 3145; x_wconf 85' lang='grc'><strong><em>,</em></strong></span> 
     </span>
    </p>
   </div>
   <div class='ocr_carea' id='block_1_63' title="bbox 1419 3152 1816 3212">
    <p class='ocr_par' dir='ltr' id='par_1_63' title="bbox 1419 3152 1816 3212">
     <span class='ocr_line' id='line_1_63' title="bbox 1419 3152 1816 3212; baseline 0.003 -6"><span class='ocrx_word' id='word_1_183' title='bbox 1419 3152 1668 3212; x_wconf 85' lang='lat' dir='ltr'><strong>adulleri.</strong></span> <span class='ocrx_word' id='word_1_184' title='bbox 1704 3154 1816 3207; x_wconf 88' lang='lat' dir='ltr'><strong>vel-</strong></span> 
     </span>
    </p>
   </div>
   <div class='ocr_carea' id='block_1_64' title="bbox 1416 3221 1802 3276">
    <p class='ocr_par' dir='ltr' id='par_1_64' title="bbox 1416 3221 1802 3276">
     <span class='ocr_line' id='line_1_64' title="bbox 1416 3221 1802 3276; baseline 0.003 0"><span class='ocrx_word' id='word_1_185' title='bbox 1416 3233 1476 3276; x_wconf 88' lang='lat' dir='ltr'><strong>ut</strong></span> <span class='ocrx_word' id='word_1_186' title='bbox 1507 3224 1595 3276; x_wconf 87' lang='lat' dir='ltr'><strong>hic</strong></span> <span class='ocrx_word' id='word_1_187' title='bbox 1623 3221 1802 3276; x_wconf 81' lang='lat' dir='ltr'><strong>Publi-</strong></span> 
     </span>
    </p>
   </div>
   <div class='ocr_carea' id='block_1_65' title="bbox 1418 3292 1930 3362">
    <p class='ocr_par' dir='ltr' id='par_1_65' title="bbox 1418 3292 1930 3362">
     <span class='ocr_line' id='line_1_65' title="bbox 1418 3292 1930 3362; baseline 0 -16"><span class='ocrx_word' id='word_1_188' title='bbox 1418 3294 1506 3347; x_wconf 71' lang='grc'><strong>12.</strong></span> <span class='ocrx_word' id='word_1_189' title='bbox 1547 3307 1716 3347; x_wconf 86' lang='lat' dir='ltr'><strong>canus</strong></span> <span class='ocrx_word' id='word_1_190' title='bbox 1751 3310 1763 3344; x_wconf 94' lang='lat'>:</span> <span class='ocrx_word' id='word_1_191' title='bbox 1791 3292 1930 3362; x_wconf 82' lang='lat' dir='ltr'><strong>jeju-</strong></span> 
     </span>
    </p>
   </div>
   <div class='ocr_carea' id='block_1_66' title="bbox 1416 3363 1828 3420">
    <p class='ocr_par' dir='ltr' id='par_1_66' title="bbox 1416 3363 1828 3420">
     <span class='ocr_line' id='line_1_66' title="bbox 1416 3363 1828 3420; baseline 0.01 -4"><span class='ocrx_word' id='word_1_192' title='bbox 1416 3378 1486 3416; x_wconf 87' lang='lat' dir='ltr'><strong>no</strong></span> <span class='ocrx_word' id='word_1_193' title='bbox 1516 3363 1596 3416; x_wconf 70' lang='lat' dir='ltr'><strong>bis</strong></span> <span class='ocrx_word' id='word_1_194' title='bbox 1628 3380 1678 3416; x_wconf 89' lang='lat' dir='ltr'><strong>tu</strong></span> <span class='ocrx_word' id='word_1_195' title='bbox 1707 3364 1828 3420; x_wconf 84' lang='lat' dir='ltr'><strong>sab-</strong></span> 
     </span>
    </p>
   </div>
   <div class='ocr_carea' id='block_1_67' title="bbox 1414 3433 1764 3489">
    <p class='ocr_par' dir='ltr' id='par_1_67' title="bbox 1414 3433 1764 3489">
     <span class='ocr_line' id='line_1_67' title="bbox 1414 3433 1764 3489; baseline 0.003 -1"><span class='ocrx_word' id='word_1_196' title='bbox 1414 3433 1542 3488; x_wconf 70' lang='lat' dir='ltr'><strong>bato</strong></span> <span class='ocrx_word' id='word_1_197' title='bbox 1573 3451 1589 3486; x_wconf 72' lang='grc' dir='ltr'>ε</span> <span class='ocrx_word' id='word_1_198' title='bbox 1619 3435 1764 3489; x_wconf 81' lang='lat' dir='ltr'><strong>deci-</strong></span> 
     </span>
    </p>
   </div>
   <div class='ocr_carea' id='block_1_68' title="bbox 1415 3504 1702 3559">
    <p class='ocr_par' dir='ltr' id='par_1_68' title="bbox 1415 3504 1702 3559">
     <span class='ocr_line' id='line_1_68' title="bbox 1415 3504 1702 3559; baseline 0.003 -1"><span class='ocrx_word' id='word_1_199' title='bbox 1415 3519 1532 3559; x_wconf 79' lang='lat' dir='ltr'><strong>mus</strong></span> <span class='ocrx_word' id='word_1_200' title='bbox 1557 3504 1702 3559; x_wconf 86' lang='lat' dir='ltr'><strong>dono</strong></span> 
     </span>
    </p>
   </div>
   <div class='ocr_carea' id='block_1_69' title="bbox 587 2593 1035 2650">
    <p class='ocr_par' dir='ltr' id='par_1_69' title="bbox 587 2593 1035 2650">
     <span class='ocr_line' id='line_1_69' title="bbox 587 2593 1035 2650; baseline 0.013 -5"><span class='ocrx_word' id='word_1_201' title='bbox 587 2593 642 2645; x_wconf 88' lang='lat'><strong>6.</strong></span> <span class='ocrx_word' id='word_1_202' title='bbox 686 2593 826 2648; x_wconf 90' lang='lat' dir='ltr'><strong>Dixit</strong></span> <span class='ocrx_word' id='word_1_203' title='bbox 856 2603 1035 2650; x_wconf 89' lang='lat' dir='ltr'><strong>autem</strong></span> 
     </span>
    </p>
   </div>
   <div class='ocr_carea' id='block_1_70' title="bbox 585 2662 1108 2721">
    <p class='ocr_par' dir='ltr' id='par_1_70' title="bbox 585 2662 1108 2721">
     <span class='ocr_line' id='line_1_70' title="bbox 585 2662 1108 2721; baseline 0.013 -7"><span class='ocrx_word' id='word_1_204' title='bbox 585 2662 846 2719; x_wconf 85' lang='lat' dir='ltr'><strong>Dominus</strong></span> <span class='ocrx_word' id='word_1_205' title='bbox 871 2683 883 2718; x_wconf 93' lang='lat'>:</span> <span class='ocrx_word' id='word_1_206' title='bbox 915 2666 1108 2721; x_wconf 79' lang='lat' dir='ltr'><strong>Audite</strong></span> 
     </span>
    </p>
   </div>
   <div class='ocr_carea' id='block_1_71' title="bbox 583 2733 905 2813">
    <p class='ocr_par' dir='ltr' id='par_1_71' title="bbox 583 2733 905 2813">
     <span class='ocr_line' id='line_1_71' title="bbox 583 2733 905 2813; baseline 0.019 -29"><span class='ocrx_word' id='word_1_207' title='bbox 583 2733 710 2813; x_wconf 75' lang='lat' dir='ltr'><strong>quid</strong></span> <span class='ocrx_word' id='word_1_208' title='bbox 739 2735 905 2813; x_wconf 75' lang='lat' dir='ltr'><strong>judex</strong></span> 
     </span>
    </p>
   </div>
   <div class='ocr_carea' id='block_1_72' title="bbox 585 2805 886 2875">
    <p class='ocr_par' dir='ltr' id='par_1_72' title="bbox 585 2805 886 2875">
     <span class='ocr_line' id='line_1_72' title="bbox 585 2805 886 2875; baseline 0.013 -18"><span class='ocrx_word' id='word_1_209' title='bbox 585 2805 886 2875; x_wconf 81' lang='lat' dir='ltr'><strong>iniquitatis</strong></span> 
     </span>
    </p>
   </div>
   <div class='ocr_carea' id='block_1_73' title="bbox 583 2945 934 3000">
    <p class='ocr_par' dir='ltr' id='par_1_73' title="bbox 583 2945 934 3000">
     <span class='ocr_line' id='line_1_73' title="bbox 583 2945 934 3000; baseline 0.009 -3"><span class='ocrx_word' id='word_1_210' title='bbox 583 2953 691 2999; x_wconf 89' lang='lat' dir='ltr'><strong>tem</strong></span> <span class='ocrx_word' id='word_1_211' title='bbox 721 2961 825 2998; x_wconf 92' lang='lat' dir='ltr'><strong>non</strong></span> <span class='ocrx_word' id='word_1_212' title='bbox 857 2945 934 3000; x_wconf 81' lang='lat' dir='ltr'><strong>fa-</strong></span> 
     </span>
    </p>
   </div>
   <div class='ocr_carea' id='block_1_74' title="bbox 583 3014 928 3071">
    <p class='ocr_par' dir='ltr' id='par_1_74' title="bbox 583 3014 928 3071">
     <span class='ocr_line' id='line_1_74' title="bbox 583 3014 928 3071; baseline 0.003 -1"><span class='ocrx_word' id='word_1_213' title='bbox 583 3014 690 3070; x_wconf 82' lang='lat' dir='ltr'><strong>ciet</strong></span> <span class='ocrx_word' id='word_1_214' title='bbox 722 3016 928 3071; x_wconf 81' lang='lat' dir='ltr'><strong>vindic-</strong></span> 
     </span>
    </p>
   </div>
   <div class='ocr_carea' id='block_1_75' title="bbox 582 3086 1012 3142">
    <p class='ocr_par' dir='ltr' id='par_1_75' title="bbox 582 3086 1012 3142">
     <span class='ocr_line' id='line_1_75' title="bbox 582 3086 1012 3142; baseline 0.012 -4"><span class='ocrx_word' id='word_1_215' title='bbox 582 3096 690 3138; x_wconf 86' lang='lat' dir='ltr'><strong>tam</strong></span> <span class='ocrx_word' id='word_1_216' title='bbox 719 3086 1012 3142; x_wconf 83' lang='lat' dir='ltr'><strong>electorum</strong></span> 
     </span>
    </p>
   </div>
   <div class='ocr_carea' id='block_1_76' title="bbox 581 3171 799 3210">
    <p class='ocr_par' dir='ltr' id='par_1_76' title="bbox 581 3171 799 3210">
     <span class='ocr_line' id='line_1_76' title="bbox 581 3171 799 3210; baseline 0 0"><span class='ocrx_word' id='word_1_217' title='bbox 581 3171 799 3210; x_wconf 87' lang='lat' dir='ltr'><strong>suorum</strong></span> 
     </span>
    </p>
   </div>
   <div class='ocr_carea' id='block_1_77' title="bbox 577 3227 922 3282">
    <p class='ocr_par' dir='ltr' id='par_1_77' title="bbox 577 3227 922 3282">
     <span class='ocr_line' id='line_1_77' title="bbox 577 3227 922 3282; baseline -0.003 0"><span class='ocrx_word' id='word_1_218' title='bbox 577 3227 922 3282; x_wconf 81' lang='lat' dir='ltr'><strong>clamantium</strong></span> 
     </span>
    </p>
   </div>
   <div class='ocr_carea' id='block_1_78' title="bbox 577 3296 931 3360">
    <p class='ocr_par' dir='ltr' id='par_1_78' title="bbox 577 3296 931 3360">
     <span class='ocr_line' id='line_1_78' title="bbox 577 3296 931 3360; baseline 0 -8"><span class='ocrx_word' id='word_1_219' title='bbox 577 3296 686 3360; x_wconf 88' lang='lat' dir='ltr'><strong>die.</strong></span> <span class='ocrx_word' id='word_1_220' title='bbox 717 3313 779 3352; x_wconf 90' lang='lat' dir='ltr'><strong>ac</strong></span> <span class='ocrx_word' id='word_1_221' title='bbox 804 3314 931 3352; x_wconf 90' lang='lat' dir='ltr'><strong>uoc-</strong></span> 
     </span>
    </p>
   </div>
   <div class='ocr_carea' id='block_1_79' title="bbox 575 3367 1044 3437">
    <p class='ocr_par' dir='ltr' id='par_1_79' title="bbox 575 3367 1044 3437">
     <span class='ocr_line' id='line_1_79' title="bbox 575 3367 1044 3437; baseline -0.002 -17"><span class='ocrx_word' id='word_1_222' title='bbox 575 3376 651 3432; x_wconf 91' lang='lat' dir='ltr'><strong>te,</strong></span> <span class='ocrx_word' id='word_1_223' title='bbox 680 3367 755 3437; x_wconf 70' lang='lat' dir='ltr'><strong>ta)</strong></span> <span class='ocrx_word' id='word_1_224' title='bbox 790 3367 1044 3434; x_wconf 80' lang='lat' dir='ltr'><strong>patienti-</strong></span> 
     </span>
    </p>
   </div>
   <div class='ocr_carea' id='block_1_80' title="bbox 574 3439 958 3508">
    <p class='ocr_par' dir='ltr' id='par_1_80' title="bbox 574 3439 958 3508">
     <span class='ocr_line' id='line_1_80' title="bbox 574 3439 958 3508; baseline 0 -17"><span class='ocrx_word' id='word_1_225' title='bbox 574 3439 897 3508; x_wconf 76' lang='lat' dir='ltr'><strong>amhabeus</strong></span> <span class='ocrx_word' id='word_1_226' title='bbox 921 3440 958 3508; x_wconf 66' lang='grc' dir='ltr'><strong>’ξ’</strong></span> 
     </span>
    </p>
   </div>
   <div class='ocr_carea' id='block_1_81' title="bbox 576 3505 1064 3562">
    <p class='ocr_par' dir='ltr' id='par_1_81' title="bbox 576 3505 1064 3562">
     <span class='ocr_line' id='line_1_81' title="bbox 576 3505 1064 3562; baseline 0 -1"><span class='ocrx_word' id='word_1_227' title='bbox 576 3507 629 3562; x_wconf 88' lang='lat'><strong>8.</strong></span> <span class='ocrx_word' id='word_1_228' title='bbox 670 3505 723 3561; x_wconf 89' lang='lat' dir='ltr'><strong>in</strong></span> <span class='ocrx_word' id='word_1_229' title='bbox 750 3507 900 3562; x_wconf 86' lang='lat' dir='ltr'><strong>illis?</strong></span> <span class='ocrx_word' id='word_1_230' title='bbox 935 3505 1064 3562; x_wconf 84' lang='lat' dir='ltr'><strong>Dico</strong></span> 
     </span>
    </p>
   </div>
   <div class='ocr_carea' id='block_1_82' title="bbox 2261 831 2600 898">
    <p class='ocr_par' dir='ltr' id='par_1_82' title="bbox 2261 831 2600 898">
     <span class='ocr_line' id='line_1_82' title="bbox 2261 831 2600 898; baseline 0 -14"><span class='ocrx_word' id='word_1_231' title='bbox 2261 831 2335 884; x_wconf 32' lang='lat' dir='ltr'><strong>.iu</strong></span> <span class='ocrx_word' id='word_1_232' title='bbox 2363 832 2600 898; x_wconf 83' lang='lat' dir='ltr'><strong>civitate,</strong></span> 
     </span>
    </p>
   </div>
   <div class='ocr_carea' id='block_1_83' title="bbox 1142 336 3848 429">
    <p class='ocr_par' dir='ltr' id='par_1_83' title="bbox 1142 336 3848 429">
     <span class='ocr_line' id='line_1_83' title="bbox 1142 336 3848 429; baseline 0.003 -33"><span class='ocrx_word' id='word_1_233' title='bbox 1142 338 1406 400; x_wconf 81' lang='lat' dir='ltr'><strong>EUSEBII</strong></span> <span class='ocrx_word' id='word_1_234' title='bbox 1443 339 1777 399; x_wconf 76' lang='lat' dir='ltr'><strong>VERCELL.</strong></span> <span class='ocrx_word' id='word_1_235' title='bbox 1817 336 2260 429; x_wconf 66' lang='lat' dir='ltr'><strong>EVANGELIUM</strong></span> <span class='ocrx_word' id='word_1_236' title='bbox 2293 338 2436 398; x_wconf 77' lang='lat' dir='ltr'><strong>CUM</strong></span> <span class='ocrx_word' id='word_1_237' title='bbox 2474 338 2700 399; x_wconf 74' lang='lat' dir='ltr'><strong>VARIIS</strong></span> <span class='ocrx_word' id='word_1_238' title='bbox 2733 339 2887 399; x_wconf 90' lang='lat' dir='ltr'><strong>COD.</strong></span> <span class='ocrx_word' id='word_1_239' title='bbox 2928 340 3317 402; x_wconf 77' lang='lat' dir='ltr'><strong>COLLATUM.</strong></span> <span class='ocrx_word' id='word_1_240' title='bbox 3759 347 3848 404; x_wconf 81' lang='lat'><strong>656</strong></span> 
     </span>
    </p>
   </div>
   <div class='ocr_carea' id='block_1_84' title="bbox 2700 455 3413 516">
    <p class='ocr_par' dir='ltr' id='par_1_84' title="bbox 2700 455 3413 516">
     <span class='ocr_line' id='line_1_84' title="bbox 2700 455 3413 516; baseline 0 -4"><span class='ocrx_word' id='word_1_241' title='bbox 2700 455 2930 512; x_wconf 83' lang='lat' dir='ltr'><strong>CODEX</strong></span> <span class='ocrx_word' id='word_1_242' title='bbox 2971 456 3413 516; x_wconf 78' lang='lat' dir='ltr'><strong>VEBONENSIS.</strong></span> 
     </span>
    </p>
   </div>
   <div class='ocr_carea' id='block_1_85' title="bbox 3107 550 3429 622">
    <p class='ocr_par' dir='ltr' id='par_1_85' title="bbox 3107 550 3429 622">
     <span class='ocr_line' id='line_1_85' title="bbox 3107 550 3429 622; baseline 0 -16"><span class='ocrx_word' id='word_1_243' title='bbox 3107 550 3178 621; x_wconf 73' lang='grc' dir='ltr'><strong>(ὁ)</strong></span> <span class='ocrx_word' id='word_1_244' title='bbox 3205 551 3364 606; x_wconf 78' lang='lat' dir='ltr'><strong>faciet</strong></span> <span class='ocrx_word' id='word_1_245' title='bbox 3388 552 3429 622; x_wconf 70' lang='grc' dir='ltr'><strong>-ί-</strong></span> 
     </span>
    </p>
   </div>
   <div class='ocr_carea' id='block_1_86' title="bbox 3103 623 3412 685">
    <p class='ocr_par' dir='ltr' id='par_1_86' title="bbox 3103 623 3412 685">
     <span class='ocr_line' id='line_1_86' title="bbox 3103 623 3412 685; baseline 0.003 -10"><span class='ocrx_word' id='word_1_246' title='bbox 3103 623 3211 677; x_wconf 90' lang='lat' dir='ltr'><strong>cito</strong></span> <span class='ocrx_word' id='word_1_247' title='bbox 3241 623 3412 685; x_wconf 89' lang='lat' dir='ltr'><strong>vindi-</strong></span> 
     </span>
    </p>
   </div>
   <div class='ocr_carea' id='block_1_87' title="bbox 3103 694 3509 749">
    <p class='ocr_par' dir='ltr' id='par_1_87' title="bbox 3103 694 3509 749">
     <span class='ocr_line' id='line_1_87' title="bbox 3103 694 3509 749; baseline 0.01 -3"><span class='ocrx_word' id='word_1_248' title='bbox 3103 705 3241 746; x_wconf 82' lang='lat' dir='ltr'><strong>CIam</strong></span> <span class='ocrx_word' id='word_1_249' title='bbox 3274 694 3509 749; x_wconf 85' lang='lat' dir='ltr'><strong>illorum.</strong></span> 
     </span>
    </p>
   </div>
   <div class='ocr_carea' id='block_1_88' title="bbox 3105 762 3502 820">
    <p class='ocr_par' dir='ltr' id='par_1_88' title="bbox 3105 762 3502 820">
     <span class='ocr_line' id='line_1_88' title="bbox 3105 762 3502 820; baseline 0.013 -5"><span class='ocrx_word' id='word_1_250' title='bbox 3105 762 3305 816; x_wconf 83' lang='lat' dir='ltr'><strong>Tamen</strong></span> <span class='ocrx_word' id='word_1_251' title='bbox 3332 762 3502 820; x_wconf 82' lang='lat' dir='ltr'><strong>Filius</strong></span> 
     </span>
    </p>
   </div>
   <div class='ocr_carea' id='block_1_89' title="bbox 3103 831 3457 890">
    <p class='ocr_par' dir='ltr' id='par_1_89' title="bbox 3103 831 3457 890">
     <span class='ocr_line' id='line_1_89' title="bbox 3103 831 3457 890; baseline 0.011 -5"><span class='ocrx_word' id='word_1_252' title='bbox 3103 831 3337 887; x_wconf 86' lang='lat' dir='ltr'><strong>hominis</strong></span> <span class='ocrx_word' id='word_1_253' title='bbox 3366 849 3457 890; x_wconf 90' lang='lat' dir='ltr'><strong>ve-</strong></span> 
     </span>
    </p>
   </div>
   <div class='ocr_carea' id='block_1_90' title="bbox 3104 903 3466 966">
    <p class='ocr_par' dir='ltr' id='par_1_90' title="bbox 3104 903 3466 966">
     <span class='ocr_line' id='line_1_90' title="bbox 3104 903 3466 966; baseline 0.011 -10"><span class='ocrx_word' id='word_1_254' title='bbox 3104 903 3281 966; x_wconf 73' lang='lat' dir='ltr'><strong>niens,</strong></span> <span class='ocrx_word' id='word_1_255' title='bbox 3308 920 3466 959; x_wconf 86' lang='lat' dir='ltr'><strong>nunt-</strong></span> 
     </span>
    </p>
   </div>
   <div class='ocr_carea' id='block_1_91' title="bbox 3103 973 3494 1042">
    <p class='ocr_par' dir='ltr' id='par_1_91' title="bbox 3103 973 3494 1042">
     <span class='ocr_line' id='line_1_91' title="bbox 3103 973 3494 1042; baseline 0.023 -19"><span class='ocrx_word' id='word_1_256' title='bbox 3103 973 3225 1042; x_wconf 88' lang='lat' dir='ltr'><strong>quid</strong></span> <span class='ocrx_word' id='word_1_257' title='bbox 3253 973 3494 1032; x_wconf 77' lang='lat' dir='ltr'><strong>inveniet</strong></span> 
     </span>
    </p>
   </div>
   <div class='ocr_carea' id='block_1_92' title="bbox 3097 1043 3453 1116">
    <p class='ocr_par' dir='ltr' id='par_1_92' title="bbox 3097 1043 3453 1116">
     <span class='ocr_line' id='line_1_92' title="bbox 3097 1043 3453 1116; baseline 0.014 -21"><span class='ocrx_word' id='word_1_258' title='bbox 3097 1043 3261 1099; x_wconf 77' lang='lat' dir='ltr'><strong>iidem</strong></span> <span class='ocrx_word' id='word_1_259' title='bbox 3289 1059 3453 1116; x_wconf 81' lang='lat' dir='ltr'><strong>super</strong></span> 
     </span>
    </p>
   </div>
   <div class='ocr_carea' id='block_1_93' title="bbox 3100 1115 3339 1168">
    <p class='ocr_par' dir='ltr' id='par_1_93' title="bbox 3100 1115 3339 1168">
     <span class='ocr_line' id='line_1_93' title="bbox 3100 1115 3339 1168; baseline 0.004 -1"><span class='ocrx_word' id='word_1_260' title='bbox 3100 1121 3298 1168; x_wconf 84' lang='lat' dir='ltr'><strong>terram</strong></span> <span class='ocrx_word' id='word_1_261' title='bbox 3314 1115 3339 1168; x_wconf 73' lang='grc' dir='ltr'><strong><em>τ</em></strong></span> 
     </span>
    </p>
   </div>
   <div class='ocr_carea' id='block_1_94' title="bbox 3100 1182 3548 1244">
    <p class='ocr_par' dir='ltr' id='par_1_94' title="bbox 3100 1182 3548 1244">
     <span class='ocr_line' id='line_1_94' title="bbox 3100 1182 3548 1244; baseline 0.009 -6"><span class='ocrx_word' id='word_1_262' title='bbox 3100 1182 3155 1239; x_wconf 84' lang='grc'><strong>9.</strong></span> <span class='ocrx_word' id='word_1_263' title='bbox 3195 1184 3342 1240; x_wconf 80' lang='lat' dir='ltr'><strong>Dixit</strong></span> <span class='ocrx_word' id='word_1_264' title='bbox 3366 1195 3548 1244; x_wconf 79' lang='lat' dir='ltr'><strong>autem</strong></span> 
     </span>
    </p>
   </div>
   <div class='ocr_carea' id='block_1_95' title="bbox 3100 1254 3479 1325">
    <p class='ocr_par' dir='ltr' id='par_1_95' title="bbox 3100 1254 3479 1325">
     <span class='ocr_line' id='line_1_95' title="bbox 3100 1254 3479 1325; baseline 0.011 -17"><span class='ocrx_word' id='word_1_265' title='bbox 3100 1254 3165 1310; x_wconf 89' lang='lat' dir='ltr'><strong>ad</strong></span> <span class='ocrx_word' id='word_1_266' title='bbox 3195 1258 3479 1325; x_wconf 87' lang='lat' dir='ltr'><strong>quosdam,</strong></span> 
     </span>
    </p>
   </div>
   <div class='ocr_carea' id='block_1_96' title="bbox 3099 1326 3476 1390">
    <p class='ocr_par' dir='ltr' id='par_1_96' title="bbox 3099 1326 3476 1390">
     <span class='ocr_line' id='line_1_96' title="bbox 3099 1326 3476 1390; baseline 0.008 -11"><span class='ocrx_word' id='word_1_267' title='bbox 3099 1326 3190 1390; x_wconf 85' lang='lat' dir='ltr'><strong>qui</strong></span> <span class='ocrx_word' id='word_1_268' title='bbox 3217 1327 3318 1380; x_wconf 83' lang='lat' dir='ltr'><strong>sibi</strong></span> <span class='ocrx_word' id='word_1_269' title='bbox 3345 1343 3476 1384; x_wconf 87' lang='lat' dir='ltr'><strong>con-</strong></span> 
     </span>
    </p>
   </div>
   <div class='ocr_carea' id='block_1_97' title="bbox 3104 1393 3528 1458">
    <p class='ocr_par' dir='ltr' id='par_1_97' title="bbox 3104 1393 3528 1458">
     <span class='ocr_line' id='line_1_97' title="bbox 3104 1393 3528 1458; baseline 0.017 -10"><span class='ocrx_word' id='word_1_270' title='bbox 3104 1393 3361 1458; x_wconf 82' lang='lat' dir='ltr'><strong>ﬁdebant.</strong></span> <span class='ocrx_word' id='word_1_271' title='bbox 3392 1408 3528 1454; x_wconf 78' lang='lat' dir='ltr'><strong>tam-</strong></span> 
     </span>
    </p>
   </div>
   <div class='ocr_carea' id='block_1_98' title="bbox 3103 1469 3425 1536">
    <p class='ocr_par' dir='ltr' id='par_1_98' title="bbox 3103 1469 3425 1536">
     <span class='ocr_line' id='line_1_98' title="bbox 3103 1469 3425 1536; baseline 0.016 -17"><span class='ocrx_word' id='word_1_272' title='bbox 3103 1481 3262 1535; x_wconf 79' lang='lat' dir='ltr'><strong>quam</strong></span> <span class='ocrx_word' id='word_1_273' title='bbox 3291 1469 3425 1536; x_wconf 86' lang='lat' dir='ltr'><strong>justi</strong></span> 
     </span>
    </p>
   </div>
   <div class='ocr_carea' id='block_1_99' title="bbox 3103 1537 3490 1609">
    <p class='ocr_par' dir='ltr' id='par_1_99' title="bbox 3103 1537 3490 1609">
     <span class='ocr_line' id='line_1_99' title="bbox 3103 1537 3490 1609; baseline -0.005 0"><span class='ocrx_word' id='word_1_274' title='bbox 3103 1537 3179 1609; x_wconf 80' lang='grc' dir='ltr'><strong>(ο)</strong></span> <span class='ocrx_word' id='word_1_275' title='bbox 3207 1551 3391 1594; x_wconf 72' lang='lat' dir='ltr'><strong>essent</strong></span> <span class='ocrx_word' id='word_1_276' title='bbox 3415 1539 3490 1609; x_wconf 72' lang='lat'><strong>1&#39;.</strong></span> 
     </span>
    </p>
   </div>
   <div class='ocr_carea' id='block_1_100' title="bbox 3100 1611 3503 1676">
    <p class='ocr_par' dir='ltr' id='par_1_100' title="bbox 3100 1611 3503 1676">
     <span class='ocr_line' id='line_1_100' title="bbox 3100 1611 3503 1676; baseline 0.002 -14"><span class='ocrx_word' id='word_1_277' title='bbox 3100 1618 3156 1662; x_wconf 88' lang='lat' dir='ltr'><strong>et</strong></span> <span class='ocrx_word' id='word_1_278' title='bbox 3176 1611 3503 1676; x_wconf 76' lang='lat' dir='ltr'><strong>spernebant</strong></span> 
     </span>
    </p>
   </div>
   <div class='ocr_carea' id='block_1_101' title="bbox 3099 1681 3518 1745">
    <p class='ocr_par' dir='ltr' id='par_1_101' title="bbox 3099 1681 3518 1745">
     <span class='ocr_line' id='line_1_101' title="bbox 3099 1681 3518 1745; baseline 0 -10"><span class='ocrx_word' id='word_1_279' title='bbox 3099 1691 3332 1745; x_wconf 81' lang='lat' dir='ltr'><strong>ceteros,</strong></span> <span class='ocrx_word' id='word_1_280' title='bbox 3361 1681 3518 1735; x_wconf 85' lang='lat' dir='ltr'><strong>siml-</strong></span> 
     </span>
    </p>
   </div>
   <div class='ocr_carea' id='block_1_102' title="bbox 3098 1747 3383 1805">
    <p class='ocr_par' dir='ltr' id='par_1_102' title="bbox 3098 1747 3383 1805">
     <span class='ocr_line' id='line_1_102' title="bbox 3098 1747 3383 1805; baseline 0.011 -3"><span class='ocrx_word' id='word_1_281' title='bbox 3098 1747 3383 1805; x_wconf 79' lang='lat' dir='ltr'><strong>lit-tdiuem</strong></span> 
     </span>
    </p>
   </div>
   <div class='ocr_carea' id='block_1_103' title="bbox 2284 549 2565 606">
    <p class='ocr_par' dir='ltr' id='par_1_103' title="bbox 2284 549 2565 606">
     <span class='ocr_line' id='line_1_103' title="bbox 2284 549 2565 606; baseline 0.011 -3"><span class='ocrx_word' id='word_1_282' title='bbox 2284 549 2565 606; x_wconf 85' lang='lat' dir='ltr'><strong>hominem</strong></span> 
     </span>
    </p>
   </div>
   <div class='ocr_carea' id='block_1_104' title="bbox 2283 621 2650 675">
    <p class='ocr_par' dir='ltr' id='par_1_104' title="bbox 2283 621 2650 675">
     <span class='ocr_line' id='line_1_104' title="bbox 2283 621 2650 675; baseline 0.003 -1"><span class='ocrx_word' id='word_1_283' title='bbox 2283 621 2650 675; x_wconf 86' lang='lat' dir='ltr'><strong>reverebatur.</strong></span> 
     </span>
    </p>
   </div>
   <div class='ocr_carea' id='block_1_105' title="bbox 2283 690 2756 746">
    <p class='ocr_par' dir='ltr' id='par_1_105' title="bbox 2283 690 2756 746">
     <span class='ocr_line' id='line_1_105' title="bbox 2283 690 2756 746; baseline 0.006 -3"><span class='ocrx_word' id='word_1_284' title='bbox 2283 691 2336 743; x_wconf 79' lang='lat'><strong>5.</strong></span> <span class='ocrx_word' id='word_1_285' title='bbox 2380 690 2547 744; x_wconf 74' lang='lat' dir='ltr'><strong>Vidua</strong></span> <span class='ocrx_word' id='word_1_286' title='bbox 2578 702 2756 746; x_wconf 89' lang='lat' dir='ltr'><strong>autem</strong></span> 
     </span>
    </p>
   </div>
   <div class='ocr_carea' id='block_1_106' title="bbox 2283 760 2692 822">
    <p class='ocr_par' dir='ltr' id='par_1_106' title="bbox 2283 760 2692 822">
     <span class='ocr_line' id='line_1_106' title="bbox 2283 760 2692 822; baseline 0.012 -10"><span class='ocrx_word' id='word_1_287' title='bbox 2283 760 2544 822; x_wconf 81' lang='lat' dir='ltr'><strong>quaedam</strong></span> <span class='ocrx_word' id='word_1_288' title='bbox 2572 771 2692 817; x_wconf 89' lang='lat' dir='ltr'><strong>erat</strong></span> 
     </span>
    </p>
   </div>
   <div class='ocr_carea' id='block_1_107' title="bbox 2283 903 2592 969">
    <p class='ocr_par' dir='ltr' id='par_1_107' title="bbox 2283 903 2592 969">
     <span class='ocr_line' id='line_1_107' title="bbox 2283 903 2592 969; baseline 0.016 -17"><span class='ocrx_word' id='word_1_289' title='bbox 2283 916 2421 969; x_wconf 87' lang='lat' dir='ltr'><strong>quae</strong></span> <span class='ocrx_word' id='word_1_290' title='bbox 2449 903 2592 957; x_wconf 89' lang='lat' dir='ltr'><strong>venit</strong></span> 
     </span>
    </p>
   </div>
   <div class='ocr_carea' id='block_1_108' title="bbox 2282 972 2661 1035">
    <p class='ocr_par' dir='ltr' id='par_1_108' title="bbox 2282 972 2661 1035">
     <span class='ocr_line' id='line_1_108' title="bbox 2282 972 2661 1035; baseline 0.011 -11"><span class='ocrx_word' id='word_1_291' title='bbox 2282 972 2350 1025; x_wconf 83' lang='lat' dir='ltr'><strong>ad</strong></span> <span class='ocrx_word' id='word_1_292' title='bbox 2385 972 2554 1035; x_wconf 87' lang='lat' dir='ltr'><strong>illum,</strong></span> <span class='ocrx_word' id='word_1_293' title='bbox 2585 973 2661 1028; x_wconf 92' lang='lat' dir='ltr'><strong>di-</strong></span> 
     </span>
    </p>
   </div>
   <div class='ocr_carea' id='block_1_109' title="bbox 2282 1043 2713 1100">
    <p class='ocr_par' dir='ltr' id='par_1_109' title="bbox 2282 1043 2713 1100">
     <span class='ocr_line' id='line_1_109' title="bbox 2282 1043 2713 1100; baseline 0.012 -4"><span class='ocrx_word' id='word_1_294' title='bbox 2282 1056 2411 1097; x_wconf 89' lang='lat' dir='ltr'><strong>cens</strong></span> <span class='ocrx_word' id='word_1_295' title='bbox 2442 1060 2455 1096; x_wconf 92' lang='lat'><strong>:</strong></span> <span class='ocrx_word' id='word_1_296' title='bbox 2495 1043 2713 1100; x_wconf 78' lang='lat' dir='ltr'><strong>Viudica</strong></span> 
     </span>
    </p>
   </div>
   <div class='ocr_carea' id='block_1_110' title="bbox 2283 1112 2590 1169">
    <p class='ocr_par' dir='ltr' id='par_1_110' title="bbox 2283 1112 2590 1169">
     <span class='ocr_line' id='line_1_110' title="bbox 2283 1112 2590 1169; baseline 0.003 -2"><span class='ocrx_word' id='word_1_297' title='bbox 2283 1128 2370 1167; x_wconf 90' lang='lat' dir='ltr'><strong>me</strong></span> <span class='ocrx_word' id='word_1_298' title='bbox 2399 1112 2468 1169; x_wconf 90' lang='lat' dir='ltr'><strong>de</strong></span> <span class='ocrx_word' id='word_1_299' title='bbox 2495 1114 2590 1168; x_wconf 84' lang='lat' dir='ltr'><strong>:td-</strong></span> 
     </span>
    </p>
   </div>
   <div class='ocr_carea' id='block_1_111' title="bbox 2282 1185 2688 1241">
    <p class='ocr_par' dir='ltr' id='par_1_111' title="bbox 2282 1185 2688 1241">
     <span class='ocr_line' id='line_1_111' title="bbox 2282 1185 2688 1241; baseline 0.012 -7"><span class='ocrx_word' id='word_1_300' title='bbox 2282 1185 2520 1238; x_wconf 78' lang='lat' dir='ltr'><strong>versario</strong></span> <span class='ocrx_word' id='word_1_301' title='bbox 2548 1201 2688 1241; x_wconf 90' lang='lat' dir='ltr'><strong>meo.</strong></span> 
     </span>
    </p>
   </div>
   <div class='ocr_carea' id='block_1_112' title="bbox 2282 1251 2685 1312">
    <p class='ocr_par' dir='ltr' id='par_1_112' title="bbox 2282 1251 2685 1312">
     <span class='ocr_line' id='line_1_112' title="bbox 2282 1251 2685 1312; baseline 0.01 -6"><span class='ocrx_word' id='word_1_302' title='bbox 2282 1251 2337 1306; x_wconf 69' lang='grc'><strong>4.</strong></span> <span class='ocrx_word' id='word_1_303' title='bbox 2379 1253 2446 1309; x_wconf 85' lang='lat' dir='ltr'><strong>Et</strong></span> <span class='ocrx_word' id='word_1_304' title='bbox 2471 1256 2685 1312; x_wconf 86' lang='lat' dir='ltr'><strong>uolebat</strong></span> 
     </span>
    </p>
   </div>
   <div class='ocr_carea' id='block_1_113' title="bbox 2284 1328 2631 1391">
    <p class='ocr_par' dir='ltr' id='par_1_113' title="bbox 2284 1328 2631 1391">
     <span class='ocr_line' id='line_1_113' title="bbox 2284 1328 2631 1391; baseline 0 -12"><span class='ocrx_word' id='word_1_305' title='bbox 2284 1340 2380 1391; x_wconf 89' lang='lat' dir='ltr'><strong>per</strong></span> <span class='ocrx_word' id='word_1_306' title='bbox 2410 1328 2631 1382; x_wconf 86' lang='lat' dir='ltr'><strong>multum</strong></span> 
     </span>
    </p>
   </div>
   <div class='ocr_carea' id='block_1_114' title="bbox 2284 1396 2677 1464">
    <p class='ocr_par' dir='ltr' id='par_1_114' title="bbox 2284 1396 2677 1464">
     <span class='ocr_line' id='line_1_114' title="bbox 2284 1396 2677 1464; baseline 0.008 -16"><span class='ocrx_word' id='word_1_307' title='bbox 2284 1402 2512 1464; x_wconf 80' lang='lat' dir='ltr'><strong>tempus.</strong></span> <span class='ocrx_word' id='word_1_308' title='bbox 2551 1396 2677 1453; x_wconf 83' lang='lat' dir='ltr'><strong>Post</strong></span> 
     </span>
    </p>
   </div>
   <div class='ocr_carea' id='block_1_115' title="bbox 2282 1463 2576 1523">
    <p class='ocr_par' dir='ltr' id='par_1_115' title="bbox 2282 1463 2576 1523">
     <span class='ocr_line' id='line_1_115' title="bbox 2282 1463 2576 1523; baseline 0.014 -5"><span class='ocrx_word' id='word_1_309' title='bbox 2282 1463 2417 1521; x_wconf 71' lang='lat' dir='ltr'><strong>haec</strong></span> <span class='ocrx_word' id='word_1_310' title='bbox 2441 1468 2576 1523; x_wconf 85' lang='lat' dir='ltr'><strong>dixit</strong></span> 
     </span>
    </p>
   </div>
   <div class='ocr_carea' id='block_1_116' title="bbox 2282 1536 2560 1592">
    <p class='ocr_par' dir='ltr' id='par_1_116' title="bbox 2282 1536 2560 1592">
     <span class='ocr_line' id='line_1_116' title="bbox 2282 1536 2560 1592; baseline 0.014 -5"><span class='ocrx_word' id='word_1_311' title='bbox 2282 1536 2440 1591; x_wconf 88' lang='lat' dir='ltr'><strong>intra.</strong></span> <span class='ocrx_word' id='word_1_312' title='bbox 2486 1577 2500 1590; x_wconf 96' lang='lat'><strong>.</strong></span> <span class='ocrx_word' id='word_1_313' title='bbox 2542 1575 2560 1592; x_wconf 91' lang='lat'><strong>.</strong></span> 
     </span>
    </p>
   </div>
   <div class='ocr_carea' id='block_1_117' title="bbox 2281 1605 2676 1664">
    <p class='ocr_par' dir='ltr' id='par_1_117' title="bbox 2281 1605 2676 1664">
     <span class='ocr_line' id='line_1_117' title="bbox 2281 1605 2676 1664; baseline 0.005 -4"><span class='ocrx_word' id='word_1_314' title='bbox 2281 1605 2339 1660; x_wconf 89' lang='lat' dir='ltr'><strong>Si</strong></span> <span class='ocrx_word' id='word_1_315' title='bbox 2371 1609 2558 1664; x_wconf 89' lang='lat' dir='ltr'><strong>Deum.</strong></span> <span class='ocrx_word' id='word_1_316' title='bbox 2600 1645 2617 1660; x_wconf 92' lang='lat'><strong>.</strong></span> <span class='ocrx_word' id='word_1_317' title='bbox 2658 1647 2676 1662; x_wconf 92' lang='lat'><strong>.</strong></span> 
     </span>
    </p>
   </div>
   <div class='ocr_carea' id='block_1_118' title="bbox 2283 1677 2471 1740">
    <p class='ocr_par' dir='ltr' id='par_1_118' title="bbox 2283 1677 2471 1740">
     <span class='ocr_line' id='line_1_118' title="bbox 2283 1677 2471 1740; baseline 0.021 -11"><span class='ocrx_word' id='word_1_318' title='bbox 2283 1677 2471 1740; x_wconf 85' lang='lat' dir='ltr'><strong>timeo.</strong></span> 
     </span>
    </p>
   </div>
   <div class='ocr_carea' id='block_1_119' title="bbox 2280 1748 2675 1803">
    <p class='ocr_par' dir='ltr' id='par_1_119' title="bbox 2280 1748 2675 1803">
     <span class='ocr_line' id='line_1_119' title="bbox 2280 1748 2675 1803; baseline 0.005 -2"><span class='ocrx_word' id='word_1_319' title='bbox 2280 1762 2382 1802; x_wconf 89' lang='lat' dir='ltr'><strong>nec</strong></span> <span class='ocrx_word' id='word_1_320' title='bbox 2407 1748 2675 1803; x_wconf 85' lang='lat' dir='ltr'><strong>hominem</strong></span> 
     </span>
    </p>
   </div>
   <div class='ocr_carea' id='block_1_120' title="bbox 2280 1818 3276 1874">
    <p class='ocr_par' dir='ltr' id='par_1_120' title="bbox 2280 1818 3276 1874">
     <span class='ocr_line' id='line_1_120' title="bbox 2280 1818 3276 1874; baseline 0.001 -2"><span class='ocrx_word' id='word_1_321' title='bbox 2280 1819 2336 1872; x_wconf 88' lang='lat'><strong>5.</strong></span> <span class='ocrx_word' id='word_1_322' title='bbox 2377 1833 2625 1873; x_wconf 84' lang='lat' dir='ltr'><strong>revereor</strong></span> <span class='ocrx_word' id='word_1_323' title='bbox 2659 1834 2672 1869; x_wconf 87' lang='lat'><strong>:</strong></span> <span class='ocrx_word' id='word_1_324' title='bbox 2705 1826 2784 1872; x_wconf 83' lang='lat' dir='ltr'><strong>ta—</strong></span> <span class='ocrx_word' id='word_1_325' title='bbox 3098 1818 3276 1874; x_wconf 85' lang='lat' dir='ltr'><strong>istam.</strong></span> 
     </span>
    </p>
   </div>
   <div class='ocr_carea' id='block_1_121' title="bbox 2277 1882 3620 1952">
    <p class='ocr_par' dir='ltr' id='par_1_121' title="bbox 2277 1882 3620 1952">
     <span class='ocr_line' id='line_1_121' title="bbox 2277 1882 3620 1952; baseline 0.004 -10"><span class='ocrx_word' id='word_1_326' title='bbox 2277 1903 2424 1948; x_wconf 88' lang='lat' dir='ltr'><strong>men.</strong></span> <span class='ocrx_word' id='word_1_327' title='bbox 2452 1889 2574 1952; x_wconf 84' lang='lat' dir='ltr'><strong>quia</strong></span> <span class='ocrx_word' id='word_1_328' title='bbox 2706 1882 2714 1896; x_wconf 24' lang='grc' dir='ltr'><em>κ</em></span> <span class='ocrx_word' id='word_1_329' title='bbox 3097 1889 3184 1944; x_wconf 74' lang='grc'><strong>10.</strong></span> <span class='ocrx_word' id='word_1_330' title='bbox 3227 1890 3341 1944; x_wconf 90' lang='lat' dir='ltr'><strong>Duo</strong></span> <span class='ocrx_word' id='word_1_331' title='bbox 3368 1890 3620 1948; x_wconf 79' lang='lat' dir='ltr'><strong>homines</strong></span> 
     </span>
    </p>
   </div>
   <div class='ocr_carea' id='block_1_122' title="bbox 2277 1959 3457 2017">
    <p class='ocr_par' dir='ltr' id='par_1_122' title="bbox 2277 1959 3457 2017">
     <span class='ocr_line' id='line_1_122' title="bbox 2277 1959 3457 2017; baseline 0.004 -5"><span class='ocrx_word' id='word_1_332' title='bbox 2277 1959 2504 2012; x_wconf 84' lang='lat' dir='ltr'><strong>molesta</strong></span> <span class='ocrx_word' id='word_1_333' title='bbox 2533 1966 2616 2013; x_wconf 88' lang='lat' dir='ltr'><strong>est</strong></span> <span class='ocrx_word' id='word_1_334' title='bbox 2634 1968 2639 1975; x_wconf 93' lang='lat'>&#39;</span> <span class='ocrx_word' id='word_1_335' title='bbox 3094 1962 3457 2017; x_wconf 87' lang='lat' dir='ltr'><strong>ascenderunt</strong></span> 
     </span>
    </p>
   </div>
   <div class='ocr_carea' id='block_1_123' title="bbox 2274 2029 2597 2084">
    <p class='ocr_par' dir='ltr' id='par_1_123' title="bbox 2274 2029 2597 2084">
     <span class='ocr_line' id='line_1_123' title="bbox 2274 2029 2597 2084; baseline 0.006 -2"><span class='ocrx_word' id='word_1_336' title='bbox 2274 2029 2404 2082; x_wconf 90' lang='lat' dir='ltr'><strong>mihi</strong></span> <span class='ocrx_word' id='word_1_337' title='bbox 2431 2031 2562 2084; x_wconf 85' lang='lat' dir='ltr'><strong>haec</strong></span> <span class='ocrx_word' id='word_1_338' title='bbox 2595 2072 2597 2074; x_wconf 88' lang='grc'><strong>-</strong></span> 
     </span>
    </p>
   </div>
   <div class='ocr_carea' id='block_1_124' title="bbox 2273 2099 2598 2164">
    <p class='ocr_par' dir='ltr' id='par_1_124' title="bbox 2273 2099 2598 2164">
     <span class='ocr_line' id='line_1_124' title="bbox 2273 2099 2598 2164; baseline 0.006 -13"><span class='ocrx_word' id='word_1_339' title='bbox 2273 2099 2454 2164; x_wconf 88' lang='lat' dir='ltr'><strong>vidua,</strong></span> <span class='ocrx_word' id='word_1_340' title='bbox 2483 2100 2598 2153; x_wconf 88' lang='lat' dir='ltr'><strong>vin-</strong></span> 
     </span>
    </p>
   </div>
   <div class='ocr_carea' id='block_1_125' title="bbox 2273 2169 2659 2234">
    <p class='ocr_par' dir='ltr' id='par_1_125' title="bbox 2273 2169 2659 2234">
     <span class='ocr_line' id='line_1_125' title="bbox 2273 2169 2659 2234; baseline 0.003 -12"><span class='ocrx_word' id='word_1_341' title='bbox 2273 2169 2464 2223; x_wconf 85' lang='lat' dir='ltr'><strong>dicabo</strong></span> <span class='ocrx_word' id='word_1_342' title='bbox 2497 2171 2659 2234; x_wconf 84' lang='lat' dir='ltr'><strong>illam,</strong></span> 
     </span>
    </p>
   </div>
   <div class='ocr_carea' id='block_1_126' title="bbox 3093 2029 3464 2102">
    <p class='ocr_par' dir='ltr' id='par_1_126' title="bbox 3093 2029 3464 2102">
     <span class='ocr_line' id='line_1_126' title="bbox 3093 2029 3464 2102; baseline 0.011 -19"><span class='ocrx_word' id='word_1_343' title='bbox 3093 2029 3148 2084; x_wconf 94' lang='lat' dir='ltr'><strong>in</strong></span> <span class='ocrx_word' id='word_1_344' title='bbox 3180 2032 3464 2102; x_wconf 87' lang='lat' dir='ltr'><strong>templum,</strong></span> 
     </span>
    </p>
   </div>
   <div class='ocr_carea' id='block_1_127' title="bbox 3095 2110 3437 2168">
    <p class='ocr_par' dir='ltr' id='par_1_127' title="bbox 3095 2110 3437 2168">
     <span class='ocr_line' id='line_1_127' title="bbox 3095 2110 3437 2168; baseline 0.018 -16"><span class='ocrx_word' id='word_1_345' title='bbox 3095 2110 3154 2154; x_wconf 91' lang='lat' dir='ltr'><strong>ut</strong></span> <span class='ocrx_word' id='word_1_346' title='bbox 3178 2112 3437 2168; x_wconf 88' lang='lat' dir='ltr'><strong>orarent,</strong></span> 
     </span>
    </p>
   </div>
   <div class='ocr_carea' id='block_1_128' title="bbox 3027 2169 3572 2242">
    <p class='ocr_par' dir='ltr' id='par_1_128' title="bbox 3027 2169 3572 2242">
     <span class='ocr_line' id='line_1_128' title="bbox 3027 2169 3572 2242; baseline 0.009 -18"><span class='ocrx_word' id='word_1_347' title='bbox 3027 2237 3033 2242; x_wconf 29' lang='lat'><em>.</em></span> <span class='ocrx_word' id='word_1_348' title='bbox 3095 2169 3182 2225; x_wconf 79' lang='grc'><strong>11.</strong></span> <span class='ocrx_word' id='word_1_349' title='bbox 3223 2188 3359 2229; x_wconf 87' lang='lat' dir='ltr'><strong>unus</strong></span> <span class='ocrx_word' id='word_1_350' title='bbox 3386 2173 3572 2228; x_wconf 82' lang='lat' dir='ltr'><strong>Publi-</strong></span> 
     </span>
    </p>
   </div>
   <div class='ocr_carea' id='block_1_129' title="bbox 2272 2241 3293 2310">
    <p class='ocr_par' dir='ltr' id='par_1_129' title="bbox 2272 2241 3293 2310">
     <span class='ocr_line' id='line_1_129' title="bbox 2272 2241 3293 2310; baseline 0.003 -17"><span class='ocrx_word' id='word_1_351' title='bbox 2272 2255 2340 2310; x_wconf 87' lang='lat' dir='ltr'><strong>ne</strong></span> <span class='ocrx_word' id='word_1_352' title='bbox 2369 2242 2419 2293; x_wconf 92' lang='lat' dir='ltr'><strong>in</strong></span> <span class='ocrx_word' id='word_1_353' title='bbox 2457 2241 2637 2294; x_wconf 79' lang='lat' dir='ltr'><strong>novis-</strong></span> <span class='ocrx_word' id='word_1_354' title='bbox 3029 2241 3033 2242; x_wconf 52' lang='grc'><strong>“</strong></span> <span class='ocrx_word' id='word_1_355' title='bbox 3093 2255 3293 2310; x_wconf 84' lang='lat' dir='ltr'><strong>canus,</strong></span> 
     </span>
    </p>
   </div>
   <div class='ocr_carea' id='block_1_130' title="bbox 2271 2309 3300 2379">
    <p class='ocr_par' dir='ltr' id='par_1_130' title="bbox 2271 2309 3300 2379">
     <span class='ocr_line' id='line_1_130' title="bbox 2271 2309 3300 2379; baseline 0.003 -15"><span class='ocrx_word' id='word_1_356' title='bbox 2271 2309 2410 2379; x_wconf 87' lang='lat' dir='ltr'><strong>simo</strong></span> <span class='ocrx_word' id='word_1_357' title='bbox 2439 2310 2700 2366; x_wconf 89' lang='lat' dir='ltr'><strong>veniendo</strong></span> <span class='ocrx_word' id='word_1_358' title='bbox 3089 2323 3144 2365; x_wconf 90' lang='lat' dir='ltr'><strong>et</strong></span> <span class='ocrx_word' id='word_1_359' title='bbox 3166 2313 3300 2368; x_wconf 81' lang='lat' dir='ltr'><strong>alter</strong></span> 
     </span>
    </p>
   </div>
   <div class='ocr_carea' id='block_1_131' title="bbox 2271 2381 3437 2452">
    <p class='ocr_par' dir='ltr' id='par_1_131' title="bbox 2271 2381 3437 2452">
     <span class='ocr_line' id='line_1_131' title="bbox 2271 2381 3437 2452; baseline 0.003 -18"><span class='ocrx_word' id='word_1_360' title='bbox 2271 2382 2604 2452; x_wconf 77' lang='lat' dir='ltr'><strong>constringat</strong></span> <span class='ocrx_word' id='word_1_361' title='bbox 3088 2381 3437 2452; x_wconf 79' lang='lat' dir='ltr'><strong>Pharisaeus.</strong></span> 
     </span>
    </p>
   </div>
   <div class='ocr_carea' id='block_1_132' title="bbox 2271 2450 3459 2525">
    <p class='ocr_par' dir='ltr' id='par_1_132' title="bbox 2271 2450 3459 2525">
     <span class='ocr_line' id='line_1_132' title="bbox 2271 2450 3459 2525; baseline 0.003 -19"><span class='ocrx_word' id='word_1_362' title='bbox 2271 2465 2396 2525; x_wconf 59' lang='lat' dir='ltr'><strong>me.</strong></span> <span class='ocrx_word' id='word_1_363' title='bbox 2423 2523 2433 2525; x_wconf 76' lang='lat'><strong><em>_</em></strong></span> <span class='ocrx_word' id='word_1_364' title='bbox 2519 2450 2538 2452; x_wconf 55' lang='grc'>⁷</span> <span class='ocrx_word' id='word_1_365' title='bbox 3092 2450 3251 2525; x_wconf 56' lang='lat' dir='ltr'><strong>Stans</strong></span> <span class='ocrx_word' id='word_1_366' title='bbox 3281 2456 3459 2525; x_wconf 84' lang='lat' dir='ltr'><strong>itaque</strong></span> 
     </span>
    </p>
   </div>
   <div class='ocr_carea' id='block_1_133' title="bbox 2275 2522 2668 2578">
    <p class='ocr_par' dir='ltr' id='par_1_133' title="bbox 2275 2522 2668 2578">
     <span class='ocr_line' id='line_1_133' title="bbox 2275 2522 2668 2578; baseline 0.005 -2"><span class='ocrx_word' id='word_1_367' title='bbox 2275 2522 2329 2576; x_wconf 88' lang='lat'><strong>6.</strong></span> <span class='ocrx_word' id='word_1_368' title='bbox 2372 2523 2460 2577; x_wconf 84' lang='lat' dir='ltr'><strong>Ait</strong></span> <span class='ocrx_word' id='word_1_369' title='bbox 2477 2530 2668 2578; x_wconf 81' lang='lat' dir='ltr'><strong>autem</strong></span> 
     </span>
    </p>
   </div>
   <div class='ocr_carea' id='block_1_134' title="bbox 2277 2591 2581 2648">
    <p class='ocr_par' dir='ltr' id='par_1_134' title="bbox 2277 2591 2581 2648">
     <span class='ocr_line' id='line_1_134' title="bbox 2277 2591 2581 2648; baseline 0.003 -3"><span class='ocrx_word' id='word_1_370' title='bbox 2277 2591 2535 2648; x_wconf 86' lang='lat' dir='ltr'><strong>Dominus</strong></span> <span class='ocrx_word' id='word_1_371' title='bbox 2567 2612 2581 2646; x_wconf 84' lang='lat'><strong>:</strong></span> 
     </span>
    </p>
   </div>
   <div class='ocr_carea' id='block_1_135' title="bbox 2273 2661 2643 2734">
    <p class='ocr_par' dir='ltr' id='par_1_135' title="bbox 2273 2661 2643 2734">
     <span class='ocr_line' id='line_1_135' title="bbox 2273 2661 2643 2734; baseline 0.014 -21"><span class='ocrx_word' id='word_1_372' title='bbox 2273 2661 2487 2734; x_wconf 69' lang='lat' dir='ltr'><strong>Audite,</strong></span> <span class='ocrx_word' id='word_1_373' title='bbox 2520 2663 2643 2734; x_wconf 84' lang='lat' dir='ltr'><strong>quid</strong></span> 
     </span>
    </p>
   </div>
   <div class='ocr_carea' id='block_1_136' title="bbox 2269 2732 2665 2803">
    <p class='ocr_par' dir='ltr' id='par_1_136' title="bbox 2269 2732 2665 2803">
     <span class='ocr_line' id='line_1_136' title="bbox 2269 2732 2665 2803; baseline 0.003 -17"><span class='ocrx_word' id='word_1_374' title='bbox 2269 2732 2437 2799; x_wconf 81' lang='lat' dir='ltr'><strong>judex</strong></span> <span class='ocrx_word' id='word_1_375' title='bbox 2472 2732 2665 2803; x_wconf 68' lang='lat' dir='ltr'><strong>iniqui-</strong></span> 
     </span>
    </p>
   </div>
   <div class='ocr_carea' id='block_1_137' title="bbox 2274 2804 2640 2859">
    <p class='ocr_par' dir='ltr' id='par_1_137' title="bbox 2274 2804 2640 2859">
     <span class='ocr_line' id='line_1_137' title="bbox 2274 2804 2640 2859; baseline 0.003 -5"><span class='ocrx_word' id='word_1_376' title='bbox 2274 2805 2396 2857; x_wconf 85' lang='lat' dir='ltr'><strong>tatis</strong></span> <span class='ocrx_word' id='word_1_377' title='bbox 2425 2804 2640 2859; x_wconf 86' lang='lat' dir='ltr'><strong>dixerit.</strong></span> 
     </span>
    </p>
   </div>
   <div class='ocr_carea' id='block_1_138' title="bbox 2273 2872 2710 2930">
    <p class='ocr_par' dir='ltr' id='par_1_138' title="bbox 2273 2872 2710 2930">
     <span class='ocr_line' id='line_1_138' title="bbox 2273 2872 2710 2930; baseline 0.005 -5"><span class='ocrx_word' id='word_1_378' title='bbox 2273 2872 2326 2926; x_wconf 85' lang='lat'><strong>7.</strong></span> <span class='ocrx_word' id='word_1_379' title='bbox 2371 2875 2507 2929; x_wconf 82' lang='lat' dir='ltr'><strong>Deus</strong></span> <span class='ocrx_word' id='word_1_380' title='bbox 2533 2884 2710 2930; x_wconf 81' lang='lat' dir='ltr'><strong>autem</strong></span> 
     </span>
    </p>
   </div>
   <div class='ocr_carea' id='block_1_139' title="bbox 2274 2946 2567 2999">
    <p class='ocr_par' dir='ltr' id='par_1_139' title="bbox 2274 2946 2567 2999">
     <span class='ocr_line' id='line_1_139' title="bbox 2274 2946 2567 2999; baseline 0.003 -2"><span class='ocrx_word' id='word_1_381' title='bbox 2274 2959 2379 2997; x_wconf 90' lang='lat' dir='ltr'><strong>nou</strong></span> <span class='ocrx_word' id='word_1_382' title='bbox 2412 2946 2567 2999; x_wconf 77' lang='lat' dir='ltr'><strong>faciet</strong></span> 
     </span>
    </p>
   </div>
   <div class='ocr_carea' id='block_1_140' title="bbox 2273 3015 2562 3068">
    <p class='ocr_par' dir='ltr' id='par_1_140' title="bbox 2273 3015 2562 3068">
     <span class='ocr_line' id='line_1_140' title="bbox 2273 3015 2562 3068; baseline 0.014 -3"><span class='ocrx_word' id='word_1_383' title='bbox 2273 3015 2562 3068; x_wconf 76' lang='lat' dir='ltr'><strong>vindictam</strong></span> 
     </span>
    </p>
   </div>
   <div class='ocr_carea' id='block_1_141' title="bbox 2273 3083 2572 3137">
    <p class='ocr_par' dir='ltr' id='par_1_141' title="bbox 2273 3083 2572 3137">
     <span class='ocr_line' id='line_1_141' title="bbox 2273 3083 2572 3137; baseline 0.003 -1"><span class='ocrx_word' id='word_1_384' title='bbox 2273 3083 2572 3137; x_wconf 87' lang='lat' dir='ltr'><strong>electorum</strong></span> 
     </span>
    </p>
   </div>
   <div class='ocr_carea' id='block_1_142' title="bbox 2274 3154 2631 3207">
    <p class='ocr_par' dir='ltr' id='par_1_142' title="bbox 2274 3154 2631 3207">
     <span class='ocr_line' id='line_1_142' title="bbox 2274 3154 2631 3207; baseline 0.003 -1"><span class='ocrx_word' id='word_1_385' title='bbox 2274 3167 2491 3206; x_wconf 88' lang='lat' dir='ltr'><strong>suorum</strong></span> <span class='ocrx_word' id='word_1_386' title='bbox 2519 3154 2631 3207; x_wconf 87' lang='lat' dir='ltr'><strong>cla-</strong></span> 
     </span>
    </p>
   </div>
   <div class='ocr_carea' id='block_1_143' title="bbox 2273 3224 2659 3288">
    <p class='ocr_par' dir='ltr' id='par_1_143' title="bbox 2273 3224 2659 3288">
     <span class='ocr_line' id='line_1_143' title="bbox 2273 3224 2659 3288; baseline 0.005 -12"><span class='ocrx_word' id='word_1_387' title='bbox 2273 3226 2529 3276; x_wconf 86' lang='lat' dir='ltr'><strong>mantium</strong></span> <span class='ocrx_word' id='word_1_388' title='bbox 2552 3224 2659 3288; x_wconf 87' lang='lat' dir='ltr'><strong>die,</strong></span> 
     </span>
    </p>
   </div>
   <div class='ocr_carea' id='block_1_144' title="bbox 2273 3295 2776 3365">
    <p class='ocr_par' dir='ltr' id='par_1_144' title="bbox 2273 3295 2776 3365">
     <span class='ocr_line' id='line_1_144' title="bbox 2273 3295 2776 3365; baseline 0.002 -19"><span class='ocrx_word' id='word_1_389' title='bbox 2273 3308 2336 3365; x_wconf 86' lang='lat' dir='ltr'><strong>ac</strong></span> <span class='ocrx_word' id='word_1_390' title='bbox 2365 3308 2542 3358; x_wconf 85' lang='lat' dir='ltr'><strong>noete,</strong></span> <span class='ocrx_word' id='word_1_391' title='bbox 2577 3295 2652 3365; x_wconf 84' lang='lat' dir='ltr'><strong>(a)</strong></span> <span class='ocrx_word' id='word_1_392' title='bbox 2687 3308 2776 3363; x_wconf 90' lang='lat' dir='ltr'><strong>pa-</strong></span> 
     </span>
    </p>
   </div>
   <div class='ocr_carea' id='block_1_145' title="bbox 3095 2522 3455 2591">
    <p class='ocr_par' dir='ltr' id='par_1_145' title="bbox 3095 2522 3455 2591">
     <span class='ocr_line' id='line_1_145' title="bbox 3095 2522 3455 2591; baseline 0.014 -16"><span class='ocrx_word' id='word_1_393' title='bbox 3095 2522 3418 2581; x_wconf 77' lang='lat' dir='ltr'><strong>Pitarisaetis</strong></span> <span class='ocrx_word' id='word_1_394' title='bbox 3439 2566 3455 2591; x_wconf 88' lang='lat'><strong>,</strong></span> 
     </span>
    </p>
   </div>
   <div class='ocr_carea' id='block_1_146' title="bbox 3093 2595 3440 2649">
    <p class='ocr_par' dir='ltr' id='par_1_146' title="bbox 3093 2595 3440 2649">
     <span class='ocr_line' id='line_1_146' title="bbox 3093 2595 3440 2649; baseline 0.006 -2"><span class='ocrx_word' id='word_1_395' title='bbox 3093 2595 3172 2648; x_wconf 90' lang='lat' dir='ltr'><strong>sic</strong></span> <span class='ocrx_word' id='word_1_396' title='bbox 3201 2595 3392 2649; x_wconf 89' lang='lat' dir='ltr'><strong>orabat</strong></span> <span class='ocrx_word' id='word_1_397' title='bbox 3424 2613 3440 2648; x_wconf 91' lang='lat'><strong>:</strong></span> 
     </span>
    </p>
   </div>
   <div class='ocr_carea' id='block_1_147' title="bbox 3099 2664 3506 2736">
    <p class='ocr_par' dir='ltr' id='par_1_147' title="bbox 3099 2664 3506 2736">
     <span class='ocr_line' id='line_1_147' title="bbox 3099 2664 3506 2736; baseline 0.01 -19"><span class='ocrx_word' id='word_1_398' title='bbox 3099 2664 3235 2719; x_wconf 87' lang='lat' dir='ltr'><strong>Deus</strong></span> <span class='ocrx_word' id='word_1_399' title='bbox 3252 2707 3270 2736; x_wconf 77' lang='lat'><strong>,</strong></span> <span class='ocrx_word' id='word_1_400' title='bbox 3301 2666 3506 2736; x_wconf 76' lang='lat' dir='ltr'><strong>gratias</strong></span> 
     </span>
    </p>
   </div>
   <div class='ocr_carea' id='block_1_148' title="bbox 3093 2735 3516 2805">
    <p class='ocr_par' dir='ltr' id='par_1_148' title="bbox 3093 2735 3516 2805">
     <span class='ocr_line' id='line_1_148' title="bbox 3093 2735 3516 2805; baseline 0.009 -18"><span class='ocrx_word' id='word_1_401' title='bbox 3093 2748 3195 2805; x_wconf 82' lang='lat' dir='ltr'><strong>ago</strong></span> <span class='ocrx_word' id='word_1_402' title='bbox 3225 2735 3321 2789; x_wconf 88' lang='lat' dir='ltr'><strong>tibi</strong></span> <span class='ocrx_word' id='word_1_403' title='bbox 3343 2778 3358 2803; x_wconf 92' lang='lat'><strong>,</strong></span> <span class='ocrx_word' id='word_1_404' title='bbox 3390 2739 3516 2803; x_wconf 85' lang='lat' dir='ltr'><strong>quia</strong></span> 
     </span>
    </p>
   </div>
   <div class='ocr_carea' id='block_1_149' title="bbox 3093 2811 3542 2871">
    <p class='ocr_par' dir='ltr' id='par_1_149' title="bbox 3093 2811 3542 2871">
     <span class='ocr_line' id='line_1_149' title="bbox 3093 2811 3542 2871; baseline 0.007 -13"><span class='ocrx_word' id='word_1_405' title='bbox 3093 2820 3201 2858; x_wconf 89' lang='lat' dir='ltr'><strong>non</strong></span> <span class='ocrx_word' id='word_1_406' title='bbox 3229 2821 3372 2871; x_wconf 87' lang='lat' dir='ltr'><strong>sum,</strong></span> <span class='ocrx_word' id='word_1_407' title='bbox 3401 2811 3542 2863; x_wconf 85' lang='lat' dir='ltr'><strong>sicut</strong></span> 
     </span>
    </p>
   </div>
   <div class='ocr_carea' id='block_1_150' title="bbox 3093 2877 3468 2932">
    <p class='ocr_par' dir='ltr' id='par_1_150' title="bbox 3093 2877 3468 2932">
     <span class='ocr_line' id='line_1_150' title="bbox 3093 2877 3468 2932; baseline 0.008 -4"><span class='ocrx_word' id='word_1_408' title='bbox 3093 2877 3262 2930; x_wconf 87' lang='lat' dir='ltr'><strong>ceteri</strong></span> <span class='ocrx_word' id='word_1_409' title='bbox 3292 2877 3468 2932; x_wconf 85' lang='lat' dir='ltr'><strong>homi-</strong></span> 
     </span>
    </p>
   </div>
   <div class='ocr_carea' id='block_1_151' title="bbox 3096 2955 3520 3015">
    <p class='ocr_par' dir='ltr' id='par_1_151' title="bbox 3096 2955 3520 3015">
     <span class='ocr_line' id='line_1_151' title="bbox 3096 2955 3520 3015; baseline 0.012 -17"><span class='ocrx_word' id='word_1_410' title='bbox 3096 2959 3193 3015; x_wconf 84' lang='lat' dir='ltr'><strong>nes</strong></span> <span class='ocrx_word' id='word_1_411' title='bbox 3211 2985 3225 3010; x_wconf 85' lang='lat'><strong>,</strong></span> <span class='ocrx_word' id='word_1_412' title='bbox 3252 2955 3520 3015; x_wconf 77' lang='lat' dir='ltr'><strong>raptores.</strong></span> 
     </span>
    </p>
   </div>
   <div class='ocr_carea' id='block_1_152' title="bbox 3093 3013 3500 3082">
    <p class='ocr_par' dir='ltr' id='par_1_152' title="bbox 3093 3013 3500 3082">
     <span class='ocr_line' id='line_1_152' title="bbox 3093 3013 3500 3082; baseline 0.012 -15"><span class='ocrx_word' id='word_1_413' title='bbox 3093 3013 3279 3082; x_wconf 86' lang='lat' dir='ltr'><strong>injusti</strong></span> <span class='ocrx_word' id='word_1_414' title='bbox 3299 3013 3330 3080; x_wconf 58' lang='grc'><strong>,⁷</strong></span> <span class='ocrx_word' id='word_1_415' title='bbox 3347 3017 3500 3072; x_wconf 84' lang='lat' dir='ltr'><strong>adul-</strong></span> 
     </span>
    </p>
   </div>
   <div class='ocr_carea' id='block_1_153' title="bbox 3095 3084 3396 3150">
    <p class='ocr_par' dir='ltr' id='par_1_153' title="bbox 3095 3084 3396 3150">
     <span class='ocr_line' id='line_1_153' title="bbox 3095 3084 3396 3150; baseline 0.007 -13"><span class='ocrx_word' id='word_1_416' title='bbox 3095 3084 3216 3150; x_wconf 90' lang='lat' dir='ltr'><strong>teri,</strong></span> <span class='ocrx_word' id='word_1_417' title='bbox 3251 3087 3396 3139; x_wconf 91' lang='lat' dir='ltr'><strong>velut</strong></span> 
     </span>
    </p>
   </div>
   <div class='ocr_carea' id='block_1_154' title="bbox 3090 3153 3469 3223">
    <p class='ocr_par' dir='ltr' id='par_1_154' title="bbox 3090 3153 3469 3223">
     <span class='ocr_line' id='line_1_154' title="bbox 3090 3153 3469 3223; baseline -0.003 -14"><span class='ocrx_word' id='word_1_418' title='bbox 3090 3162 3252 3208; x_wconf 80' lang='lat' dir='ltr'><strong>etiam</strong></span> <span class='ocrx_word' id='word_1_419' title='bbox 3283 3153 3364 3223; x_wconf 78' lang='grc' dir='ltr'><strong>(ά)</strong></span> <span class='ocrx_word' id='word_1_420' title='bbox 3392 3155 3469 3208; x_wconf 87' lang='lat' dir='ltr'><strong>si-</strong></span> 
     </span>
    </p>
   </div>
   <div class='ocr_carea' id='block_1_155' title="bbox 3090 3223 3574 3294">
    <p class='ocr_par' dir='ltr' id='par_1_155' title="bbox 3090 3223 3574 3294">
     <span class='ocr_line' id='line_1_155' title="bbox 3090 3223 3574 3294; baseline 0 -15"><span class='ocrx_word' id='word_1_421' title='bbox 3090 3234 3178 3279; x_wconf 90' lang='lat' dir='ltr'><strong>cut</strong></span> <span class='ocrx_word' id='word_1_422' title='bbox 3206 3223 3248 3294; x_wconf 73' lang='grc' dir='ltr'><strong>-ι-</strong></span> <span class='ocrx_word' id='word_1_423' title='bbox 3276 3223 3366 3278; x_wconf 88' lang='lat' dir='ltr'><strong>hic</strong></span> <span class='ocrx_word' id='word_1_424' title='bbox 3389 3224 3574 3279; x_wconf 84' lang='lat' dir='ltr'><strong>Publi-</strong></span> 
     </span>
    </p>
   </div>
   <div class='ocr_carea' id='block_1_156' title="bbox 3093 3293 3596 3365">
    <p class='ocr_par' dir='ltr' id='par_1_156' title="bbox 3093 3293 3596 3365">
     <span class='ocr_line' id='line_1_156' title="bbox 3093 3293 3596 3365; baseline 0.008 -18"><span class='ocrx_word' id='word_1_425' title='bbox 3093 3294 3180 3350; x_wconf 72' lang='grc' dir='ltr'><strong>η.</strong></span> <span class='ocrx_word' id='word_1_426' title='bbox 3199 3364 3202 3365; x_wconf 16' lang='grc' dir='ltr'><em>ν</em></span> <span class='ocrx_word' id='word_1_427' title='bbox 3223 3293 3427 3349; x_wconf 78' lang='lat' dir='ltr'><strong>canus:</strong></span> <span class='ocrx_word' id='word_1_428' title='bbox 3454 3293 3596 3365; x_wconf 81' lang='lat' dir='ltr'><strong>jeju-</strong></span> 
     </span>
    </p>
   </div>
   <div class='ocr_carea' id='block_1_157' title="bbox 2275 3364 3359 3419">
    <p class='ocr_par' dir='ltr' id='par_1_157' title="bbox 2275 3364 3359 3419">
     <span class='ocr_line' id='line_1_157' title="bbox 2275 3364 3359 3419; baseline -0.001 -2"><span class='ocrx_word' id='word_1_429' title='bbox 2275 3364 2518 3418; x_wconf 83' lang='lat' dir='ltr'><strong>tientiam</strong></span> <span class='ocrx_word' id='word_1_430' title='bbox 2550 3364 2641 3416; x_wconf 77' lang='lat' dir='ltr'><strong>lia-</strong></span> <span class='ocrx_word' id='word_1_431' title='bbox 3093 3380 3167 3418; x_wconf 90' lang='lat' dir='ltr'><strong>no</strong></span> <span class='ocrx_word' id='word_1_432' title='bbox 3196 3364 3279 3419; x_wconf 89' lang='lat' dir='ltr'><strong>bis</strong></span> <span class='ocrx_word' id='word_1_433' title='bbox 3309 3366 3359 3418; x_wconf 92' lang='lat' dir='ltr'><strong>iu</strong></span> 
     </span>
    </p>
   </div>
   <div class='ocr_carea' id='block_1_158' title="bbox 2276 3433 3478 3504">
    <p class='ocr_par' dir='ltr' id='par_1_158' title="bbox 2276 3433 3478 3504">
     <span class='ocr_line' id='line_1_158' title="bbox 2276 3433 3478 3504; baseline -0.004 -15"><span class='ocrx_word' id='word_1_434' title='bbox 2276 3434 2408 3489; x_wconf 87' lang='lat' dir='ltr'><strong>bens</strong></span> <span class='ocrx_word' id='word_1_435' title='bbox 2435 3433 2475 3504; x_wconf 67' lang='grc' dir='ltr'><strong>σί·</strong></span> <span class='ocrx_word' id='word_1_436' title='bbox 2504 3440 2552 3488; x_wconf 89' lang='lat' dir='ltr'><strong>in</strong></span> <span class='ocrx_word' id='word_1_437' title='bbox 2577 3435 2722 3488; x_wconf 80' lang='lat' dir='ltr'><strong>illis?</strong></span> <span class='ocrx_word' id='word_1_438' title='bbox 3095 3434 3321 3490; x_wconf 89' lang='lat' dir='ltr'><strong>sabbato</strong></span> <span class='ocrx_word' id='word_1_439' title='bbox 3352 3435 3478 3492; x_wconf 83' lang='lat' dir='ltr'><strong>:de-</strong></span> 
     </span>
    </p>
   </div>
   <div class='ocr_carea' id='block_1_159' title="bbox 2276 3505 3362 3561">
    <p class='ocr_par' dir='ltr' id='par_1_159' title="bbox 2276 3505 3362 3561">
     <span class='ocr_line' id='line_1_159' title="bbox 2276 3505 3362 3561; baseline 0.002 -2"><span class='ocrx_word' id='word_1_440' title='bbox 2276 3505 2330 3559; x_wconf 92' lang='lat'><strong>8.</strong></span> <span class='ocrx_word' id='word_1_441' title='bbox 2374 3508 2500 3560; x_wconf 79' lang='lat' dir='ltr'><strong>Dico</strong></span> <span class='ocrx_word' id='word_1_442' title='bbox 2525 3506 2676 3561; x_wconf 85' lang='lat' dir='ltr'><strong>vobis</strong></span> <span class='ocrx_word' id='word_1_443' title='bbox 2701 3522 2715 3559; x_wconf 92' lang='lat'>:</span> <span class='ocrx_word' id='word_1_444' title='bbox 3096 3507 3266 3561; x_wconf 79' lang='lat' dir='ltr'><strong>cimus</strong></span> <span class='ocrx_word' id='word_1_445' title='bbox 3290 3505 3362 3561; x_wconf 92' lang='lat' dir='ltr'><strong>do</strong></span> 
     </span>
    </p>
   </div>
   <div class='ocr_carea' id='block_1_160' title="bbox 1885 3614 2549 3672">
    <p class='ocr_par' dir='ltr' id='par_1_160' title="bbox 1885 3614 2549 3672">
     <span class='ocr_line' id='line_1_160' title="bbox 1885 3614 2549 3672; baseline 0.002 -1"><span class='ocrx_word' id='word_1_446' title='bbox 1885 3615 2118 3671; x_wconf 79' lang='lat' dir='ltr'><strong>CODEX</strong></span> <span class='ocrx_word' id='word_1_447' title='bbox 2155 3614 2549 3672; x_wconf 81' lang='lat' dir='ltr'><strong>BRleANUS.</strong></span> 
     </span>
    </p>
   </div>
   <div class='ocr_carea' id='block_1_161' title="bbox 572 3710 2154 3780">
    <p class='ocr_par' dir='ltr' id='par_1_161' title="bbox 572 3710 2154 3780">
     <span class='ocr_line' id='line_1_161' title="bbox 572 3710 2154 3780; baseline -0.005 -7"><span class='ocrx_word' id='word_1_448' title='bbox 572 3711 847 3773; x_wconf 83' lang='lat' dir='ltr'><strong>hominem</strong></span> <span class='ocrx_word' id='word_1_449' title='bbox 919 3732 1025 3770; x_wconf 89' lang='lat' dir='ltr'><strong>non</strong></span> <span class='ocrx_word' id='word_1_450' title='bbox 1095 3714 1468 3768; x_wconf 80' lang='lat' dir='ltr'><strong>reverebatur.</strong></span> <span class='ocrx_word' id='word_1_451' title='bbox 1537 3710 1709 3764; x_wconf 79' lang='lat' dir='ltr'><strong>Vidua</strong></span> <span class='ocrx_word' id='word_1_452' title='bbox 1757 3720 1932 3764; x_wconf 88' lang='lat' dir='ltr'><strong>autem</strong></span> <span class='ocrx_word' id='word_1_453' title='bbox 1988 3727 2154 3780; x_wconf 69' lang='lat' dir='ltr'><strong>quae-</strong></span> 
     </span>
    </p>
   </div>
   <div class='ocr_carea' id='block_1_162' title="bbox 572 3780 2158 3843">
    <p class='ocr_par' dir='ltr' id='par_1_162' title="bbox 572 3780 2158 3843">
     <span class='ocr_line' id='line_1_162' title="bbox 572 3780 2158 3843; baseline -0.006 -1"><span class='ocrx_word' id='word_1_454' title='bbox 572 3791 698 3843; x_wconf 89' lang='lat' dir='ltr'><strong>dam</strong></span> <span class='ocrx_word' id='word_1_455' title='bbox 730 3788 924 3842; x_wconf 85' lang='lat' dir='ltr'><strong>eratin</strong></span> <span class='ocrx_word' id='word_1_456' title='bbox 951 3786 1167 3839; x_wconf 79' lang='lat' dir='ltr'><strong>civitate</strong></span> <span class='ocrx_word' id='word_1_457' title='bbox 1203 3786 1313 3836; x_wconf 81' lang='lat' dir='ltr'><strong>illa.</strong></span> <span class='ocrx_word' id='word_1_458' title='bbox 1353 3789 1408 3835; x_wconf 90' lang='lat' dir='ltr'><strong>et</strong></span> <span class='ocrx_word' id='word_1_459' title='bbox 1435 3781 1683 3835; x_wconf 72' lang='lat' dir='ltr'><strong>veniebat</strong></span> <span class='ocrx_word' id='word_1_460' title='bbox 1723 3780 1789 3833; x_wconf 86' lang='lat' dir='ltr'><strong>ad</strong></span> <span class='ocrx_word' id='word_1_461' title='bbox 1823 3796 1945 3833; x_wconf 88' lang='lat' dir='ltr'><strong>eum</strong></span> <span class='ocrx_word' id='word_1_462' title='bbox 1974 3786 2158 3834; x_wconf 82' lang='lat' dir='ltr'><strong>dicens</strong></span> 
     </span>
    </p>
   </div>
   <div class='ocr_carea' id='block_1_163' title="bbox 571 3850 2161 3918">
    <p class='ocr_par' dir='ltr' id='par_1_163' title="bbox 571 3850 2161 3918">
     <span class='ocr_line' id='line_1_163' title="bbox 571 3850 2161 3918; baseline -0.008 -3"><span class='ocrx_word' id='word_1_463' title='bbox 571 3858 799 3915; x_wconf 76' lang='lat' dir='ltr'><strong>Vindica</strong></span> <span class='ocrx_word' id='word_1_464' title='bbox 837 3872 922 3910; x_wconf 90' lang='lat' dir='ltr'><strong>me</strong></span> <span class='ocrx_word' id='word_1_465' title='bbox 952 3854 1019 3909; x_wconf 90' lang='lat' dir='ltr'><strong>de</strong></span> <span class='ocrx_word' id='word_1_466' title='bbox 1046 3855 1359 3907; x_wconf 68' lang='lat' dir='ltr'><strong>adversm-io</strong></span> <span class='ocrx_word' id='word_1_467' title='bbox 1401 3867 1544 3904; x_wconf 86' lang='lat' dir='ltr'><strong>meo.</strong></span> <span class='ocrx_word' id='word_1_468' title='bbox 1578 3851 1648 3903; x_wconf 86' lang='lat' dir='ltr'><strong>At</strong></span> <span class='ocrx_word' id='word_1_469' title='bbox 1690 3850 1783 3903; x_wconf 87' lang='lat' dir='ltr'><strong>ille</strong></span> <span class='ocrx_word' id='word_1_470' title='bbox 1825 3852 2030 3903; x_wconf 82' lang='lat' dir='ltr'><strong>uolebat</strong></span> <span class='ocrx_word' id='word_1_471' title='bbox 2067 3865 2161 3918; x_wconf 87' lang='lat' dir='ltr'><strong>per</strong></span> 
     </span>
    </p>
   </div>
   <div class='ocr_carea' id='block_1_164' title="bbox 574 3920 2162 3995">
    <p class='ocr_par' dir='ltr' id='par_1_164' title="bbox 574 3920 2162 3995">
     <span class='ocr_line' id='line_1_164' title="bbox 574 3920 2162 3995; baseline -0.006 -12"><span class='ocrx_word' id='word_1_472' title='bbox 574 3933 802 3985; x_wconf 80' lang='lat' dir='ltr'><strong>multum</strong></span> <span class='ocrx_word' id='word_1_473' title='bbox 844 3938 1076 3995; x_wconf 83' lang='lat' dir='ltr'><strong>tempus.</strong></span> <span class='ocrx_word' id='word_1_474' title='bbox 1127 3926 1252 3978; x_wconf 86' lang='lat' dir='ltr'><strong>l&#39;ost</strong></span> <span class='ocrx_word' id='word_1_475' title='bbox 1285 3923 1417 3995; x_wconf 81' lang='lat' dir='ltr'><strong>haec</strong></span> <span class='ocrx_word' id='word_1_476' title='bbox 1453 3933 1632 3995; x_wconf 84' lang='lat' dir='ltr'><strong>autem</strong></span> <span class='ocrx_word' id='word_1_477' title='bbox 1661 3921 1797 3973; x_wconf 75' lang='lat' dir='ltr'><strong>dixit</strong></span> <span class='ocrx_word' id='word_1_478' title='bbox 1837 3920 1972 3973; x_wconf 85' lang='lat' dir='ltr'><strong>intra</strong></span> <span class='ocrx_word' id='word_1_479' title='bbox 2003 3935 2067 3978; x_wconf 86' lang='lat' dir='ltr'><strong>se</strong></span> <span class='ocrx_word' id='word_1_480' title='bbox 2096 3921 2162 3973; x_wconf 82' lang='lat' dir='ltr'><strong>Et</strong></span> 
     </span>
    </p>
   </div>
   <div class='ocr_carea' id='block_1_165' title="bbox 575 3992 2156 4054">
    <p class='ocr_par' dir='ltr' id='par_1_165' title="bbox 575 3992 2156 4054">
     <span class='ocr_line' id='line_1_165' title="bbox 575 3992 2156 4054; baseline -0.011 -1"><span class='ocrx_word' id='word_1_481' title='bbox 575 4003 618 4053; x_wconf 90' lang='lat' dir='ltr'><strong>si</strong></span> <span class='ocrx_word' id='word_1_482' title='bbox 654 4003 817 4054; x_wconf 83' lang='lat' dir='ltr'><strong>Deum</strong></span> <span class='ocrx_word' id='word_1_483' title='bbox 851 3992 1175 4051; x_wconf 83' lang='lat' dir='ltr'><strong>nuutimt-o.</strong></span> <span class='ocrx_word' id='word_1_484' title='bbox 1222 4009 1320 4047; x_wconf 89' lang='lat' dir='ltr'><strong>nec</strong></span> <span class='ocrx_word' id='word_1_485' title='bbox 1349 3992 1619 4049; x_wconf 85' lang='lat' dir='ltr'><strong>hominem</strong></span> <span class='ocrx_word' id='word_1_486' title='bbox 1652 4005 1924 4046; x_wconf 67' lang='lat' dir='ltr'><strong>ret-ereiir.</strong></span> <span class='ocrx_word' id='word_1_487' title='bbox 1957 4001 2156 4044; x_wconf 78' lang='lat' dir='ltr'><strong>tamen.</strong></span> 
     </span>
    </p>
   </div>
   <div class='ocr_carea' id='block_1_166' title="bbox 574 4061 2160 4137">
    <p class='ocr_par' dir='ltr' id='par_1_166' title="bbox 574 4061 2160 4137">
     <span class='ocr_line' id='line_1_166' title="bbox 574 4061 2160 4137; baseline -0.005 -15"><span class='ocrx_word' id='word_1_488' title='bbox 574 4071 697 4137; x_wconf 83' lang='lat' dir='ltr'><strong>quia</strong></span> <span class='ocrx_word' id='word_1_489' title='bbox 731 4069 950 4121; x_wconf 81' lang='lat' dir='ltr'><strong>molesta</strong></span> <span class='ocrx_word' id='word_1_490' title='bbox 985 4077 1066 4120; x_wconf 90' lang='lat' dir='ltr'><strong>est</strong></span> <span class='ocrx_word' id='word_1_491' title='bbox 1097 4065 1228 4119; x_wconf 89' lang='lat' dir='ltr'><strong>mihi</strong></span> <span class='ocrx_word' id='word_1_492' title='bbox 1262 4062 1578 4137; x_wconf 23' lang='lat' dir='ltr'><strong>haceﬂvidua</strong></span> <span class='ocrx_word' id='word_1_493' title='bbox 1607 4061 1893 4137; x_wconf 79' lang='lat' dir='ltr'><strong>vindicabo</strong></span> <span class='ocrx_word' id='word_1_494' title='bbox 1922 4061 2063 4137; x_wconf 55' lang='lat' dir='ltr'><strong>illam</strong></span> <span class='ocrx_word' id='word_1_495' title='bbox 2093 4076 2160 4137; x_wconf 85' lang='lat' dir='ltr'><strong>ne</strong></span> 
     </span>
    </p>
   </div>
   <div class='ocr_carea' id='block_1_167' title="bbox 575 4133 2161 4203">
    <p class='ocr_par' dir='ltr' id='par_1_167' title="bbox 575 4133 2161 4203">
     <span class='ocr_line' id='line_1_167' title="bbox 575 4133 2161 4203; baseline -0.006 -11"><span class='ocrx_word' id='word_1_496' title='bbox 575 4133 629 4192; x_wconf 77' lang='lat' dir='ltr'><strong>in</strong></span> <span class='ocrx_word' id='word_1_497' title='bbox 662 4140 950 4192; x_wconf 80' lang='lat' dir='ltr'><strong>novissimo</strong></span> <span class='ocrx_word' id='word_1_498' title='bbox 977 4138 1202 4191; x_wconf 85' lang='lat' dir='ltr'><strong>veniens</strong></span> <span class='ocrx_word' id='word_1_499' title='bbox 1231 4135 1479 4203; x_wconf 75' lang='lat' dir='ltr'><strong>suggillet</strong></span> <span class='ocrx_word' id='word_1_500' title='bbox 1507 4149 1613 4186; x_wconf 89' lang='lat' dir='ltr'><strong>me.</strong></span> <span class='ocrx_word' id='word_1_501' title='bbox 1646 4135 1735 4203; x_wconf 79' lang='lat' dir='ltr'><strong>Ait</strong></span> <span class='ocrx_word' id='word_1_502' title='bbox 1768 4142 1947 4185; x_wconf 87' lang='lat' dir='ltr'><strong>autem</strong></span> <span class='ocrx_word' id='word_1_503' title='bbox 1984 4133 2161 4184; x_wconf 79' lang='lat' dir='ltr'><strong>Domi-</strong></span> 
     </span>
    </p>
   </div>
   <div class='ocr_carea' id='block_1_168' title="bbox 575 4202 2159 4276">
    <p class='ocr_par' dir='ltr' id='par_1_168' title="bbox 575 4202 2159 4276">
     <span class='ocr_line' id='line_1_168' title="bbox 575 4202 2159 4276; baseline -0.004 -14"><span class='ocrx_word' id='word_1_504' title='bbox 575 4225 694 4262; x_wconf 90' lang='lat' dir='ltr'><strong>uus.</strong></span> <span class='ocrx_word' id='word_1_505' title='bbox 727 4209 919 4263; x_wconf 79' lang='lat' dir='ltr'><strong>Audite</strong></span> <span class='ocrx_word' id='word_1_506' title='bbox 956 4210 1081 4276; x_wconf 84' lang='lat' dir='ltr'><strong>quid</strong></span> <span class='ocrx_word' id='word_1_507' title='bbox 1107 4208 1270 4273; x_wconf 84' lang='lat' dir='ltr'><strong>judex</strong></span> <span class='ocrx_word' id='word_1_508' title='bbox 1307 4202 1606 4271; x_wconf 66' lang='lat' dir='ltr'><strong>iniquitatis</strong></span> <span class='ocrx_word' id='word_1_509' title='bbox 1634 4202 1782 4255; x_wconf 83' lang='lat' dir='ltr'><strong>dicit.</strong></span> <span class='ocrx_word' id='word_1_510' title='bbox 1818 4203 1954 4276; x_wconf 78' lang='lat' dir='ltr'><strong>Deus</strong></span> <span class='ocrx_word' id='word_1_511' title='bbox 1977 4209 2159 4276; x_wconf 79' lang='lat' dir='ltr'><strong>autem</strong></span> 
     </span>
    </p>
   </div>
   <div class='ocr_carea' id='block_1_169' title="bbox 575 4273 2152 4333">
    <p class='ocr_par' dir='ltr' id='par_1_169' title="bbox 575 4273 2152 4333">
     <span class='ocr_line' id='line_1_169' title="bbox 575 4273 2152 4333; baseline -0.005 -2"><span class='ocrx_word' id='word_1_512' title='bbox 575 4294 681 4332; x_wconf 93' lang='lat' dir='ltr'><strong>non</strong></span> <span class='ocrx_word' id='word_1_513' title='bbox 715 4279 876 4333; x_wconf 80' lang='lat' dir='ltr'><strong>faciet</strong></span> <span class='ocrx_word' id='word_1_514' title='bbox 906 4273 1189 4330; x_wconf 83' lang='lat' dir='ltr'><strong>vindictam</strong></span> <span class='ocrx_word' id='word_1_515' title='bbox 1219 4279 1517 4329; x_wconf 84' lang='lat' dir='ltr'><strong>electorum</strong></span> <span class='ocrx_word' id='word_1_516' title='bbox 1542 4288 1760 4326; x_wconf 87' lang='lat' dir='ltr'><strong>suorum</strong></span> <span class='ocrx_word' id='word_1_517' title='bbox 1783 4273 2152 4326; x_wconf 68' lang='lat' dir='ltr'><strong>clamantium.</strong></span> 
     </span>
    </p>
   </div>
   <div class='ocr_carea' id='block_1_170' title="bbox 575 4343 2156 4414">
    <p class='ocr_par' dir='ltr' id='par_1_170' title="bbox 575 4343 2156 4414">
     <span class='ocr_line' id='line_1_170' title="bbox 575 4343 2156 4414; baseline -0.004 -12"><span class='ocrx_word' id='word_1_518' title='bbox 575 4349 640 4403; x_wconf 88' lang='lat' dir='ltr'><strong>ad</strong></span> <span class='ocrx_word' id='word_1_519' title='bbox 665 4363 722 4403; x_wconf 88' lang='lat' dir='ltr'><strong>se</strong></span> <span class='ocrx_word' id='word_1_520' title='bbox 743 4348 832 4403; x_wconf 90' lang='lat' dir='ltr'><strong>die</strong></span> <span class='ocrx_word' id='word_1_521' title='bbox 851 4362 912 4400; x_wconf 88' lang='lat' dir='ltr'><strong>ac</strong></span> <span class='ocrx_word' id='word_1_522' title='bbox 937 4357 1116 4402; x_wconf 87' lang='lat' dir='ltr'><strong>nocte.</strong></span> <span class='ocrx_word' id='word_1_523' title='bbox 1140 4355 1196 4400; x_wconf 89' lang='lat' dir='ltr'><strong>et</strong></span> <span class='ocrx_word' id='word_1_524' title='bbox 1221 4346 1534 4414; x_wconf 86' lang='lat' dir='ltr'><strong>patientiam</strong></span> <span class='ocrx_word' id='word_1_525' title='bbox 1555 4344 1773 4397; x_wconf 85' lang='lat' dir='ltr'><strong>habebit</strong></span> <span class='ocrx_word' id='word_1_526' title='bbox 1797 4345 1849 4396; x_wconf 92' lang='lat' dir='ltr'><strong>in</strong></span> <span class='ocrx_word' id='word_1_527' title='bbox 1874 4345 1998 4397; x_wconf 79' lang='lat' dir='ltr'><strong>llllS.</strong></span> <span class='ocrx_word' id='word_1_528' title='bbox 2026 4343 2156 4396; x_wconf 92' lang='lat' dir='ltr'><strong>Dico</strong></span> 
     </span>
    </p>
   </div>
   <div class='ocr_carea' id='block_1_171' title="bbox 2266 3712 3854 3772">
    <p class='ocr_par' dir='ltr' id='par_1_171' title="bbox 2266 3712 3854 3772">
     <span class='ocr_line' id='line_1_171' title="bbox 2266 3712 3854 3772; baseline 0.004 -6"><span class='ocrx_word' id='word_1_529' title='bbox 2266 3713 2409 3766; x_wconf 89' lang='lat' dir='ltr'><strong>enim</strong></span> <span class='ocrx_word' id='word_1_530' title='bbox 2452 3712 2601 3766; x_wconf 82' lang='lat' dir='ltr'><strong>vobis</strong></span> <span class='ocrx_word' id='word_1_531' title='bbox 2628 3713 2750 3772; x_wconf 84' lang='lat' dir='ltr'><strong>quia</strong></span> <span class='ocrx_word' id='word_1_532' title='bbox 2781 3715 2889 3768; x_wconf 91' lang='lat' dir='ltr'><strong>cito</strong></span> <span class='ocrx_word' id='word_1_533' title='bbox 2931 3713 3093 3769; x_wconf 83' lang='lat' dir='ltr'><strong>faciet</strong></span> <span class='ocrx_word' id='word_1_534' title='bbox 3135 3713 3427 3769; x_wconf 82' lang='lat' dir='ltr'><strong>vindictam</strong></span> <span class='ocrx_word' id='word_1_535' title='bbox 3461 3714 3707 3770; x_wconf 89' lang='lat' dir='ltr'><strong>illorum.</strong></span> <span class='ocrx_word' id='word_1_536' title='bbox 3752 3718 3854 3772; x_wconf 74' lang='lat' dir='ltr'><strong>Ve-</strong></span> 
     </span>
    </p>
   </div>
   <div class='ocr_carea' id='block_1_172' title="bbox 2266 3785 3856 3855">
    <p class='ocr_par' dir='ltr' id='par_1_172' title="bbox 2266 3785 3856 3855">
     <span class='ocr_line' id='line_1_172' title="bbox 2266 3785 3856 3855; baseline 0.004 -22"><span class='ocrx_word' id='word_1_537' title='bbox 2266 3793 2591 3855; x_wconf 67' lang='lat' dir='ltr'><strong>rumtamen.</strong></span> <span class='ocrx_word' id='word_1_538' title='bbox 2649 3785 2813 3855; x_wconf 82' lang='lat' dir='ltr'><strong>Filius</strong></span> <span class='ocrx_word' id='word_1_539' title='bbox 2857 3785 3090 3855; x_wconf 78' lang='lat' dir='ltr'><strong>hominis</strong></span> <span class='ocrx_word' id='word_1_540' title='bbox 3137 3787 3358 3838; x_wconf 89' lang='lat' dir='ltr'><strong>veniens</strong></span> <span class='ocrx_word' id='word_1_541' title='bbox 3412 3798 3566 3855; x_wconf 83' lang='lat' dir='ltr'><strong>putas</strong></span> <span class='ocrx_word' id='word_1_542' title='bbox 3611 3787 3856 3844; x_wconf 78' lang='lat' dir='ltr'><strong>inveniet</strong></span> 
     </span>
    </p>
   </div>
   <div class='ocr_carea' id='block_1_173' title="bbox 2269 3850 3855 3926">
    <p class='ocr_par' dir='ltr' id='par_1_173' title="bbox 2269 3850 3855 3926">
     <span class='ocr_line' id='line_1_173' title="bbox 2269 3850 3855 3926; baseline 0.005 -22"><span class='ocrx_word' id='word_1_543' title='bbox 2269 3850 2426 3926; x_wconf 78' lang='lat' dir='ltr'><strong>ﬁdem</strong></span> <span class='ocrx_word' id='word_1_544' title='bbox 2465 3853 2514 3926; x_wconf 81' lang='lat' dir='ltr'><strong>iu</strong></span> <span class='ocrx_word' id='word_1_545' title='bbox 2547 3862 2708 3907; x_wconf 90' lang='lat' dir='ltr'><strong>terra.</strong></span> <span class='ocrx_word' id='word_1_546' title='bbox 2754 3853 2897 3926; x_wconf 74' lang='lat' dir='ltr'><strong>Dixit</strong></span> <span class='ocrx_word' id='word_1_547' title='bbox 2924 3863 3100 3906; x_wconf 87' lang='lat' dir='ltr'><strong>autem</strong></span> <span class='ocrx_word' id='word_1_548' title='bbox 3129 3865 3182 3926; x_wconf 93' lang='lat' dir='ltr'><strong>e_t</strong></span> <span class='ocrx_word' id='word_1_549' title='bbox 3205 3855 3271 3926; x_wconf 85' lang='lat' dir='ltr'><strong>ad</strong></span> <span class='ocrx_word' id='word_1_550' title='bbox 3303 3850 3562 3925; x_wconf 74' lang='lat' dir='ltr'><strong>quosdam</strong></span> <span class='ocrx_word' id='word_1_551' title='bbox 3584 3857 3678 3926; x_wconf 89' lang='lat' dir='ltr'><strong>qui</strong></span> <span class='ocrx_word' id='word_1_552' title='bbox 3711 3861 3771 3911; x_wconf 84' lang='lat' dir='ltr'><strong>in</strong></span> <span class='ocrx_word' id='word_1_553' title='bbox 3798 3873 3855 3912; x_wconf 91' lang='lat' dir='ltr'><strong>se</strong></span> 
     </span>
    </p>
   </div>
   <div class='ocr_carea' id='block_1_174' title="bbox 2265 3922 3856 3994">
    <p class='ocr_par' dir='ltr' id='par_1_174' title="bbox 2265 3922 3856 3994">
     <span class='ocr_line' id='line_1_174' title="bbox 2265 3922 3856 3994; baseline 0.003 -18"><span class='ocrx_word' id='word_1_554' title='bbox 2265 3922 2606 3976; x_wconf 79' lang='lat' dir='ltr'><strong>conﬁdebant</strong></span> <span class='ocrx_word' id='word_1_555' title='bbox 2653 3925 2792 3990; x_wconf 77' lang='lat' dir='ltr'><strong>quod</strong></span> <span class='ocrx_word' id='word_1_556' title='bbox 2825 3922 2896 3994; x_wconf 87' lang='lat' dir='ltr'><strong>(c)</strong></span> <span class='ocrx_word' id='word_1_557' title='bbox 2934 3931 3118 3978; x_wconf 85' lang='lat' dir='ltr'><strong>essent</strong></span> <span class='ocrx_word' id='word_1_558' title='bbox 3145 3923 3187 3994; x_wconf 68' lang='grc' dir='ltr'><strong>-ι-</strong></span> <span class='ocrx_word' id='word_1_559' title='bbox 3233 3922 3383 3994; x_wconf 80' lang='lat' dir='ltr'><strong>justi.</strong></span> <span class='ocrx_word' id='word_1_560' title='bbox 3420 3936 3475 3980; x_wconf 89' lang='lat' dir='ltr'><strong>et</strong></span> <span class='ocrx_word' id='word_1_561' title='bbox 3516 3922 3856 3994; x_wconf 74' lang='lat' dir='ltr'><strong>spernebant</strong></span> 
     </span>
    </p>
   </div>
   <div class='ocr_carea' id='block_1_175' title="bbox 2267 3995 3856 4060">
    <p class='ocr_par' dir='ltr' id='par_1_175' title="bbox 2267 3995 3856 4060">
     <span class='ocr_line' id='line_1_175' title="bbox 2267 3995 3856 4060; baseline 0.006 -20"><span class='ocrx_word' id='word_1_562' title='bbox 2267 4007 2479 4049; x_wconf 86' lang='lat' dir='ltr'><strong>ceteros</strong></span> <span class='ocrx_word' id='word_1_563' title='bbox 2511 3995 2814 4060; x_wconf 83' lang='lat' dir='ltr'><strong>parabolam</strong></span> <span class='ocrx_word' id='word_1_564' title='bbox 2858 3997 3009 4046; x_wconf 82' lang='lat' dir='ltr'><strong>istam</strong></span> <span class='ocrx_word' id='word_1_565' title='bbox 3046 3995 3157 4047; x_wconf 85' lang='lat' dir='ltr'><strong>Duo</strong></span> <span class='ocrx_word' id='word_1_566' title='bbox 3196 3995 3447 4050; x_wconf 86' lang='lat' dir='ltr'><strong>homines</strong></span> <span class='ocrx_word' id='word_1_567' title='bbox 3486 3997 3856 4050; x_wconf 82' lang='lat' dir='ltr'><strong>ascenderunt</strong></span> 
     </span>
    </p>
   </div>
   <div class='ocr_carea' id='block_1_176' title="bbox 2267 4064 3855 4132">
    <p class='ocr_par' dir='ltr' id='par_1_176' title="bbox 2267 4064 3855 4132">
     <span class='ocr_line' id='line_1_176' title="bbox 2267 4064 3855 4132; baseline 0.003 -16"><span class='ocrx_word' id='word_1_568' title='bbox 2267 4064 2319 4116; x_wconf 90' lang='lat' dir='ltr'><strong>in</strong></span> <span class='ocrx_word' id='word_1_569' title='bbox 2351 4065 2605 4132; x_wconf 89' lang='lat' dir='ltr'><strong>templum</strong></span> <span class='ocrx_word' id='word_1_570' title='bbox 2641 4078 2691 4117; x_wconf 91' lang='lat' dir='ltr'><strong>ut</strong></span> <span class='ocrx_word' id='word_1_571' title='bbox 2722 4073 2940 4118; x_wconf 86' lang='lat' dir='ltr'><strong>orarent</strong></span> <span class='ocrx_word' id='word_1_572' title='bbox 2971 4079 3109 4118; x_wconf 88' lang='lat' dir='ltr'><strong>unus</strong></span> <span class='ocrx_word' id='word_1_573' title='bbox 3135 4064 3470 4118; x_wconf 77' lang='lat' dir='ltr'><strong>PhariSaeus.</strong></span> <span class='ocrx_word' id='word_1_574' title='bbox 3505 4075 3561 4118; x_wconf 89' lang='lat' dir='ltr'><strong>et</strong></span> <span class='ocrx_word' id='word_1_575' title='bbox 3586 4066 3730 4119; x_wconf 80' lang='lat' dir='ltr'><strong>alter</strong></span> <span class='ocrx_word' id='word_1_576' title='bbox 3756 4067 3855 4120; x_wconf 78' lang='lat' dir='ltr'><strong>Pu-</strong></span> 
     </span>
    </p>
   </div>
   <div class='ocr_carea' id='block_1_177' title="bbox 2267 4131 3853 4203">
    <p class='ocr_par' dir='ltr' id='par_1_177' title="bbox 2267 4131 3853 4203">
     <span class='ocr_line' id='line_1_177' title="bbox 2267 4131 3853 4203; baseline 0.003 -17"><span class='ocrx_word' id='word_1_577' title='bbox 2267 4131 2528 4187; x_wconf 89' lang='lat' dir='ltr'><strong>blicanns.</strong></span> <span class='ocrx_word' id='word_1_578' title='bbox 2557 4131 2734 4190; x_wconf 77' lang='lat' dir='ltr'><strong>&#39;Staus</strong></span> <span class='ocrx_word' id='word_1_579' title='bbox 2775 4135 2952 4203; x_wconf 82' lang='lat' dir='ltr'><strong>itaque</strong></span> <span class='ocrx_word' id='word_1_580' title='bbox 2989 4133 3311 4188; x_wconf 84' lang='lat' dir='ltr'><strong>Pharisaeus</strong></span> <span class='ocrx_word' id='word_1_581' title='bbox 3338 4141 3420 4189; x_wconf 86' lang='lat' dir='ltr'><strong>sic</strong></span> <span class='ocrx_word' id='word_1_582' title='bbox 3459 4136 3676 4187; x_wconf 76' lang='lat' dir='ltr'><strong>orabat.</strong></span> <span class='ocrx_word' id='word_1_583' title='bbox 3708 4135 3853 4190; x_wconf 81' lang='lat' dir='ltr'><strong>Dens</strong></span> 
     </span>
    </p>
   </div>
   <div class='ocr_carea' id='block_1_178' title="bbox 2265 4204 3854 4276">
    <p class='ocr_par' dir='ltr' id='par_1_178' title="bbox 2265 4204 3854 4276">
     <span class='ocr_line' id='line_1_178' title="bbox 2265 4204 3854 4276; baseline 0.004 -20"><span class='ocrx_word' id='word_1_584' title='bbox 2265 4209 2466 4272; x_wconf 44' lang='lat' dir='ltr'><strong>gratias</strong></span> <span class='ocrx_word' id='word_1_585' title='bbox 2496 4206 2590 4258; x_wconf 86' lang='lat' dir='ltr'><strong>tibi</strong></span> <span class='ocrx_word' id='word_1_586' title='bbox 2629 4222 2748 4276; x_wconf 76' lang='lat' dir='ltr'><strong>ago.</strong></span> <span class='ocrx_word' id='word_1_587' title='bbox 2782 4208 2902 4271; x_wconf 88' lang='lat' dir='ltr'><strong>quia</strong></span> <span class='ocrx_word' id='word_1_588' title='bbox 2932 4219 3036 4258; x_wconf 92' lang='lat' dir='ltr'><strong>non</strong></span> <span class='ocrx_word' id='word_1_589' title='bbox 3068 4220 3183 4257; x_wconf 87' lang='lat' dir='ltr'><strong>smn</strong></span> <span class='ocrx_word' id='word_1_590' title='bbox 3214 4205 3351 4257; x_wconf 84' lang='lat' dir='ltr'><strong>sicut</strong></span> <span class='ocrx_word' id='word_1_591' title='bbox 3387 4204 3854 4276; x_wconf 23' lang='lat' dir='ltr'><strong>ceteriAhomines</strong></span> 
     </span>
    </p>
   </div>
   <div class='ocr_carea' id='block_1_179' title="bbox 2266 4273 3853 4346">
    <p class='ocr_par' dir='ltr' id='par_1_179' title="bbox 2266 4273 3853 4346">
     <span class='ocr_line' id='line_1_179' title="bbox 2266 4273 3853 4346; baseline 0.003 -19"><span class='ocrx_word' id='word_1_592' title='bbox 2266 4289 2533 4346; x_wconf 61' lang='lat' dir='ltr'><strong>ruptores.</strong></span> <span class='ocrx_word' id='word_1_593' title='bbox 2566 4273 2767 4346; x_wconf 66' lang='lat' dir='ltr'><strong>iujdsti.</strong></span> <span class='ocrx_word' id='word_1_594' title='bbox 2801 4276 3029 4330; x_wconf 84' lang='lat' dir='ltr'><strong>atlultcri</strong></span> <span class='ocrx_word' id='word_1_595' title='bbox 3065 4276 3210 4330; x_wconf 90' lang='lat' dir='ltr'><strong>velut</strong></span> <span class='ocrx_word' id='word_1_596' title='bbox 3240 4276 3398 4346; x_wconf 85' lang='lat' dir='ltr'><strong>etiam</strong></span> <span class='ocrx_word' id='word_1_597' title='bbox 3426 4274 3504 4344; x_wconf 76' lang='grc' dir='ltr'><strong>(ά)</strong></span> <span class='ocrx_word' id='word_1_598' title='bbox 3536 4273 3685 4346; x_wconf 79' lang='lat' dir='ltr'><strong>sicut</strong></span> <span class='ocrx_word' id='word_1_599' title='bbox 3706 4276 3746 4346; x_wconf 60' lang='grc' dir='ltr'><strong>’τ’</strong></span> <span class='ocrx_word' id='word_1_600' title='bbox 3769 4279 3853 4331; x_wconf 85' lang='lat' dir='ltr'><strong>hic</strong></span> 
     </span>
    </p>
   </div>
   <div class='ocr_carea' id='block_1_180' title="bbox 2265 4343 3598 4416">
    <p class='ocr_par' dir='ltr' id='par_1_180' title="bbox 2265 4343 3598 4416">
     <span class='ocr_line' id='line_1_180' title="bbox 2265 4343 3598 4416; baseline 0.003 -20"><span class='ocrx_word' id='word_1_601' title='bbox 2265 4343 2630 4401; x_wconf 46' lang='lat' dir='ltr'><strong>Publio-anum</strong></span> <span class='ocrx_word' id='word_1_602' title='bbox 2639 4347 2820 4416; x_wconf 80' lang='lat' dir='ltr'><strong>jejuno</strong></span> <span class='ocrx_word' id='word_1_603' title='bbox 2841 4347 2923 4401; x_wconf 90' lang='lat' dir='ltr'><strong>bis</strong></span> <span class='ocrx_word' id='word_1_604' title='bbox 2953 4346 3006 4400; x_wconf 91' lang='lat' dir='ltr'><strong>in</strong></span> <span class='ocrx_word' id='word_1_605' title='bbox 3029 4347 3254 4403; x_wconf 79' lang='lat' dir='ltr'><strong>sabbato</strong></span> <span class='ocrx_word' id='word_1_606' title='bbox 3269 4343 3507 4400; x_wconf 79' lang='lat' dir='ltr'><strong>decimas</strong></span> <span class='ocrx_word' id='word_1_607' title='bbox 3525 4345 3598 4400; x_wconf 89' lang='lat' dir='ltr'><strong>do</strong></span> 
     </span>
    </p>
   </div>
   <div class='ocr_carea' id='block_1_181' title="bbox 1855 4454 2587 4516">
    <p class='ocr_par' dir='ltr' id='par_1_181' title="bbox 1855 4454 2587 4516">
     <span class='ocr_line' id='line_1_181' title="bbox 1855 4454 2587 4516; baseline 0.008 -6"><span class='ocrx_word' id='word_1_608' title='bbox 1855 4454 2087 4510; x_wconf 76' lang='lat' dir='ltr'><strong>CODEX</strong></span> <span class='ocrx_word' id='word_1_609' title='bbox 2123 4455 2587 4516; x_wconf 79' lang='lat' dir='ltr'><strong>CORBEIENSIS.</strong></span> 
     </span>
    </p>
   </div>
   <div class='ocr_carea' id='block_1_182' title="bbox 643 4545 2006 4613">
    <p class='ocr_par' dir='ltr' id='par_1_182' title="bbox 643 4545 2006 4613">
     <span class='ocr_line' id='line_1_182' title="bbox 643 4545 2006 4613; baseline -0.01 -1"><span class='ocrx_word' id='word_1_610' title='bbox 643 4557 695 4612; x_wconf 80' lang='lat'><strong>5.</strong></span> <span class='ocrx_word' id='word_1_611' title='bbox 740 4571 806 4611; x_wconf 89' lang='lat' dir='ltr'><strong>ne</strong></span> <span class='ocrx_word' id='word_1_612' title='bbox 830 4554 882 4610; x_wconf 88' lang='lat' dir='ltr'><strong>in</strong></span> <span class='ocrx_word' id='word_1_613' title='bbox 913 4549 1210 4606; x_wconf 85' lang='lat' dir='ltr'><strong>novissimo</strong></span> <span class='ocrx_word' id='word_1_614' title='bbox 1235 4547 1435 4609; x_wconf 82' lang='lat' dir='ltr'><strong>veniat,</strong></span> <span class='ocrx_word' id='word_1_615' title='bbox 1467 4555 1521 4599; x_wconf 88' lang='lat' dir='ltr'><strong>et</strong></span> <span class='ocrx_word' id='word_1_616' title='bbox 1543 4545 1873 4613; x_wconf 76' lang='lat' dir='ltr'><strong>constringat</strong></span> <span class='ocrx_word' id='word_1_617' title='bbox 1901 4561 2006 4599; x_wconf 92' lang='lat' dir='ltr'><strong>me.</strong></span> 
     </span>
    </p>
   </div>
   <div class='ocr_carea' id='block_1_183' title="bbox 643 4616 2149 4693">
    <p class='ocr_par' dir='ltr' id='par_1_183' title="bbox 643 4616 2149 4693">
     <span class='ocr_line' id='line_1_183' title="bbox 643 4616 2149 4693; baseline -0.009 -10"><span class='ocrx_word' id='word_1_618' title='bbox 643 4630 696 4684; x_wconf 85' lang='lat'><strong>9.</strong></span> <span class='ocrx_word' id='word_1_619' title='bbox 737 4629 760 4658; x_wconf 84' lang='grc'><strong><em>⁸</em></strong></span> <span class='ocrx_word' id='word_1_620' title='bbox 787 4638 1053 4693; x_wconf 84' lang='lat' dir='ltr'><strong>tamquam</strong></span> <span class='ocrx_word' id='word_1_621' title='bbox 1071 4620 1199 4687; x_wconf 84' lang='lat' dir='ltr'><strong>justi</strong></span> <span class='ocrx_word' id='word_1_622' title='bbox 1227 4627 1431 4684; x_wconf 72' lang='lat' dir='ltr'><strong>essent,</strong></span> <span class='ocrx_word' id='word_1_623' title='bbox 1459 4627 1512 4671; x_wconf 91' lang='lat' dir='ltr'><strong>et</strong></span> <span class='ocrx_word' id='word_1_624' title='bbox 1539 4616 1868 4685; x_wconf 78' lang='lat' dir='ltr'><strong>Spernebant</strong></span> <span class='ocrx_word' id='word_1_625' title='bbox 1885 4628 2149 4682; x_wconf 87' lang='lat' dir='ltr'><strong>caeteros,</strong></span> 
     </span>
    </p>
   </div>
   <div class='ocr_carea' id='block_1_184' title="bbox 571 4694 1198 4757">
    <p class='ocr_par' dir='ltr' id='par_1_184' title="bbox 571 4694 1198 4757">
     <span class='ocr_line' id='line_1_184' title="bbox 571 4694 1198 4757; baseline -0.024 0"><span class='ocrx_word' id='word_1_626' title='bbox 571 4697 982 4757; x_wconf 83' lang='lat' dir='ltr'><strong>similitudinem</strong></span> <span class='ocrx_word' id='word_1_627' title='bbox 1019 4694 1198 4746; x_wconf 89' lang='lat' dir='ltr'><strong>istam.</strong></span> 
     </span>
    </p>
   </div>
   <div class='ocr_carea' id='block_1_185' title="bbox 637 4895 2153 4960">
    <p class='ocr_par' dir='ltr' id='par_1_185' title="bbox 637 4895 2153 4960">
     <span class='ocr_line' id='line_1_185' title="bbox 637 4895 2153 4960; baseline -0.004 -9"><span class='ocrx_word' id='word_1_628' title='bbox 637 4907 655 4936; x_wconf 66' lang='grc' dir='ltr'><strong><em>ι</em></strong></span> <span class='ocrx_word' id='word_1_629' title='bbox 691 4906 808 4954; x_wconf 73' lang='lat' dir='ltr'><strong>Mm.</strong></span> <span class='ocrx_word' id='word_1_630' title='bbox 832 4905 1166 4949; x_wconf 73' lang='lat' dir='ltr'><strong>verumtamen</strong></span> <span class='ocrx_word' id='word_1_631' title='bbox 1183 4899 1409 4960; x_wconf 86' lang='lat' dir='ltr'><strong>quoniam</strong></span> <span class='ocrx_word' id='word_1_632' title='bbox 1428 4895 1581 4960; x_wconf 80' lang='lat' dir='ltr'><strong>Filius</strong></span> <span class='ocrx_word' id='word_1_633' title='bbox 1599 4897 1805 4945; x_wconf 85' lang='lat' dir='ltr'><strong>hominis</strong></span> <span class='ocrx_word' id='word_1_634' title='bbox 1826 4897 2047 4960; x_wconf 57' lang='lat' dir='ltr'><strong>veniens,</strong></span> <span class='ocrx_word' id='word_1_635' title='bbox 2071 4911 2153 4960; x_wconf 82' lang='lat' dir='ltr'><strong>pu-</strong></span> 
     </span>
    </p>
   </div>
   <div class='ocr_carea' id='block_1_186' title="bbox 574 4956 2154 5022">
    <p class='ocr_par' dir='ltr' id='par_1_186' title="bbox 574 4956 2154 5022">
     <span class='ocr_line' id='line_1_186' title="bbox 574 4956 2154 5022; baseline -0.005 -7"><span class='ocrx_word' id='word_1_636' title='bbox 574 4976 650 5019; x_wconf 74' lang='lat' dir='ltr'><strong>tas</strong></span> <span class='ocrx_word' id='word_1_637' title='bbox 672 4964 894 5015; x_wconf 88' lang='lat' dir='ltr'><strong>invenire</strong></span> <span class='ocrx_word' id='word_1_638' title='bbox 916 4960 1057 5006; x_wconf 77' lang='lat' dir='ltr'><strong>[idem</strong></span> <span class='ocrx_word' id='word_1_639' title='bbox 1082 4962 1131 5006; x_wconf 91' lang='lat' dir='ltr'><strong>lu</strong></span> <span class='ocrx_word' id='word_1_640' title='bbox 1147 4956 1286 5022; x_wconf 69' lang='lat' dir='ltr'><strong>terra</strong></span> <span class='ocrx_word' id='word_1_641' title='bbox 1302 4959 1326 5008; x_wconf 83' lang='lat'><strong>?</strong></span> <span class='ocrx_word' id='word_1_642' title='bbox 1361 4962 1500 5022; x_wconf 57' lang='lat' dir='ltr'><strong>Vulg.</strong></span> <span class='ocrx_word' id='word_1_643' title='bbox 1528 4958 1875 5022; x_wconf 75' lang='lat' dir='ltr'><strong>Verumtamen</strong></span> <span class='ocrx_word' id='word_1_644' title='bbox 1902 4956 2054 5007; x_wconf 82' lang='lat' dir='ltr'><strong>Filius</strong></span> <span class='ocrx_word' id='word_1_645' title='bbox 2071 4956 2154 5007; x_wconf 79' lang='lat' dir='ltr'><strong>ho-</strong></span> 
     </span>
    </p>
   </div>
   <div class='ocr_carea' id='block_1_187' title="bbox 577 5019 2055 5083">
    <p class='ocr_par' dir='ltr' id='par_1_187' title="bbox 577 5019 2055 5083">
     <span class='ocr_line' id='line_1_187' title="bbox 577 5019 2055 5083; baseline -0.026 -4"><span class='ocrx_word' id='word_1_646' title='bbox 577 5031 720 5080; x_wconf 82' lang='lat' dir='ltr'><strong>minis</strong></span> <span class='ocrx_word' id='word_1_647' title='bbox 738 5026 961 5083; x_wconf 75' lang='lat' dir='ltr'><strong>veniens,</strong></span> <span class='ocrx_word' id='word_1_648' title='bbox 984 5021 1364 5083; x_wconf 77' lang='lat' dir='ltr'><strong>putasinveniet</strong></span> <span class='ocrx_word' id='word_1_649' title='bbox 1386 5019 1529 5083; x_wconf 68' lang='lat' dir='ltr'><strong>iide</strong></span> <span class='ocrx_word' id='word_1_650' title='bbox 1558 5023 1605 5068; x_wconf 72' lang='lat' dir='ltr'><strong>in</strong></span> <span class='ocrx_word' id='word_1_651' title='bbox 1631 5021 1793 5070; x_wconf 50' lang='lat' dir='ltr'><strong>terra?</strong></span> <span class='ocrx_word' id='word_1_652' title='bbox 1933 5081 1946 5083; x_wconf 50' lang='lat'>_</span> <span class='ocrx_word' id='word_1_653' title='bbox 1971 5081 1978 5083; x_wconf 13' lang='grc' dir='ltr'><strong>Α</strong></span> <span class='ocrx_word' id='word_1_654' title='bbox 2052 5061 2055 5065; x_wconf 25' lang='grc' dir='ltr'>ι</span> 
     </span>
    </p>
   </div>
   <div class='ocr_carea' id='block_1_188' title="bbox 636 5080 2150 5146">
    <p class='ocr_par' dir='ltr' id='par_1_188' title="bbox 636 5080 2150 5146">
     <span class='ocr_line' id='line_1_188' title="bbox 636 5080 2150 5146; baseline 0.005 -24"><span class='ocrx_word' id='word_1_655' title='bbox 636 5094 658 5122; x_wconf 75' lang='grc' dir='ltr'>ι</span> <span class='ocrx_word' id='word_1_656' title='bbox 692 5091 811 5139; x_wconf 66' lang='lat' dir='ltr'><strong>Mm.</strong></span> <span class='ocrx_word' id='word_1_657' title='bbox 835 5080 1000 5146; x_wconf 78' lang='lat' dir='ltr'><strong>quise</strong></span> <span class='ocrx_word' id='word_1_658' title='bbox 1021 5080 1341 5146; x_wconf 67' lang='lat' dir='ltr'><strong>coittidebaut.</strong></span> <span class='ocrx_word' id='word_1_659' title='bbox 1374 5080 1520 5146; x_wconf 55' lang='lat' dir='ltr'><strong>Vulg.</strong></span> <span class='ocrx_word' id='word_1_660' title='bbox 1558 5085 1637 5143; x_wconf 85' lang='lat' dir='ltr'><strong>qui</strong></span> <span class='ocrx_word' id='word_1_661' title='bbox 1665 5085 1709 5128; x_wconf 84' lang='lat' dir='ltr'><strong>in</strong></span> <span class='ocrx_word' id='word_1_662' title='bbox 1748 5081 2150 5146; x_wconf 76' lang='lat' dir='ltr'><strong>seconﬁdebant.</strong></span> 
     </span>
    </p>
   </div>
   <div class='ocr_carea' id='block_1_189' title="bbox 637 5140 1873 5204">
    <p class='ocr_par' dir='ltr' id='par_1_189' title="bbox 637 5140 1873 5204">
     <span class='ocr_line' id='line_1_189' title="bbox 637 5140 1873 5204; baseline -0.003 -9"><span class='ocrx_word' id='word_1_663' title='bbox 637 5155 659 5184; x_wconf 83' lang='grc'>³</span> <span class='ocrx_word' id='word_1_664' title='bbox 694 5151 798 5200; x_wconf 72' lang='lat' dir='ltr'><strong>Gaz.</strong></span> <span class='ocrx_word' id='word_1_665' title='bbox 828 5140 1162 5194; x_wconf 64' lang='lat' dir='ltr'><strong>aScendebuut</strong></span> <span class='ocrx_word' id='word_1_666' title='bbox 1185 5141 1250 5187; x_wconf 90' lang='lat' dir='ltr'><strong>in.</strong></span> <span class='ocrx_word' id='word_1_667' title='bbox 1291 5140 1432 5204; x_wconf 81' lang='lat' dir='ltr'><strong>Vulg.</strong></span> <span class='ocrx_word' id='word_1_668' title='bbox 1460 5140 1782 5193; x_wconf 68' lang='lat' dir='ltr'><strong>ascenderunt</strong></span> <span class='ocrx_word' id='word_1_669' title='bbox 1803 5143 1873 5192; x_wconf 85' lang='lat' dir='ltr'><strong>iu.</strong></span> 
     </span>
    </p>
   </div>
   <div class='ocr_carea' id='block_1_190' title="bbox 2334 4551 3590 4619">
    <p class='ocr_par' dir='ltr' id='par_1_190' title="bbox 2334 4551 3590 4619">
     <span class='ocr_line' id='line_1_190' title="bbox 2334 4551 3590 4619; baseline 0.007 -17"><span class='ocrx_word' id='word_1_670' title='bbox 2334 4551 2419 4604; x_wconf 80' lang='grc'><strong>10.</strong></span> <span class='ocrx_word' id='word_1_671' title='bbox 2462 4568 2597 4606; x_wconf 89' lang='lat' dir='ltr'><strong>unus</strong></span> <span class='ocrx_word' id='word_1_672' title='bbox 2629 4553 2968 4619; x_wconf 81' lang='lat' dir='ltr'><strong>Publicanus,</strong></span> <span class='ocrx_word' id='word_1_673' title='bbox 2994 4564 3048 4609; x_wconf 91' lang='lat' dir='ltr'><strong>et</strong></span> <span class='ocrx_word' id='word_1_674' title='bbox 3079 4570 3213 4609; x_wconf 88' lang='lat' dir='ltr'><strong>unus</strong></span> <span class='ocrx_word' id='word_1_675' title='bbox 3240 4556 3590 4613; x_wconf 85' lang='lat' dir='ltr'><strong>Pharisaeus.</strong></span> 
     </span>
    </p>
   </div>
   <div class='ocr_carea' id='block_1_191' title="bbox 2334 4620 3386 4680">
    <p class='ocr_par' dir='ltr' id='par_1_191' title="bbox 2334 4620 3386 4680">
     <span class='ocr_line' id='line_1_191' title="bbox 2334 4620 3386 4680; baseline 0.005 -6"><span class='ocrx_word' id='word_1_676' title='bbox 2334 4620 2418 4674; x_wconf 76' lang='lat' dir='ltr'><strong>ll.</strong></span> <span class='ocrx_word' id='word_1_677' title='bbox 2464 4624 2546 4675; x_wconf 90' lang='lat' dir='ltr'><strong>vel</strong></span> <span class='ocrx_word' id='word_1_678' title='bbox 2576 4621 2736 4676; x_wconf 87' lang='lat' dir='ltr'><strong>etiam</strong></span> <span class='ocrx_word' id='word_1_679' title='bbox 2765 4625 2904 4677; x_wconf 89' lang='lat' dir='ltr'><strong>sicut</strong></span> <span class='ocrx_word' id='word_1_680' title='bbox 2927 4624 3012 4678; x_wconf 90' lang='lat' dir='ltr'><strong>hic</strong></span> <span class='ocrx_word' id='word_1_681' title='bbox 3041 4624 3386 4680; x_wconf 86' lang='lat' dir='ltr'><strong>Publicanus.</strong></span> 
     </span>
    </p>
   </div>
   <div class='ocr_carea' id='block_1_192' title="bbox 1814 4801 2639 4861">
    <p class='ocr_par' dir='ltr' id='par_1_192' title="bbox 1814 4801 2639 4861">
     <span class='ocr_line' id='line_1_192' title="bbox 1814 4801 2639 4861; baseline 0.006 -7"><span class='ocrx_word' id='word_1_682' title='bbox 1814 4801 1898 4855; x_wconf 84' lang='lat' dir='ltr'><strong>VA</strong></span> <span class='ocrx_word' id='word_1_683' title='bbox 1910 4801 2204 4860; x_wconf 76' lang='lat' dir='ltr'><strong>RIANTES</strong></span> <span class='ocrx_word' id='word_1_684' title='bbox 2239 4801 2639 4861; x_wconf 82' lang='lat' dir='ltr'><strong>LECTIONES.</strong></span> 
     </span>
    </p>
   </div>
   <div class='ocr_carea' id='block_1_193' title="bbox 2319 4898 3844 4971">
    <p class='ocr_par' dir='ltr' id='par_1_193' title="bbox 2319 4898 3844 4971">
     <span class='ocr_line' id='line_1_193' title="bbox 2319 4898 3844 4971; baseline 0.008 -25"><span class='ocrx_word' id='word_1_685' title='bbox 2319 4898 2342 4930; x_wconf 67' lang='grc'><strong>⁸</strong></span> <span class='ocrx_word' id='word_1_686' title='bbox 2378 4899 2482 4947; x_wconf 77' lang='lat' dir='ltr'><strong>Gut.</strong></span> <span class='ocrx_word' id='word_1_687' title='bbox 2507 4901 2700 4971; x_wconf 81' lang='lat' dir='ltr'><strong>dicebat</strong></span> <span class='ocrx_word' id='word_1_688' title='bbox 2717 4913 2734 4971; x_wconf 61' lang='grc' dir='ltr'>ξ</span> <span class='ocrx_word' id='word_1_689' title='bbox 2753 4899 2990 4971; x_wconf 80' lang='lat' dir='ltr'><strong>Deus.....</strong></span> <span class='ocrx_word' id='word_1_690' title='bbox 3015 4905 3183 4953; x_wconf 75' lang='lat' dir='ltr'><strong>ueteri</strong></span> <span class='ocrx_word' id='word_1_691' title='bbox 3201 4905 3440 4954; x_wconf 85' lang='lat' dir='ltr'><strong>homines.</strong></span> <span class='ocrx_word' id='word_1_692' title='bbox 3467 4902 3620 4971; x_wconf 76' lang='lat' dir='ltr'><strong>Vulg.</strong></span> <span class='ocrx_word' id='word_1_693' title='bbox 3640 4909 3844 4959; x_wconf 77' lang='lat' dir='ltr'><strong>orabat:</strong></span> 
     </span>
    </p>
   </div>
   <div class='ocr_carea' id='block_1_194' title="bbox 2256 4961 2985 5012">
    <p class='ocr_par' dir='ltr' id='par_1_194' title="bbox 2256 4961 2985 5012">
     <span class='ocr_line' id='line_1_194' title="bbox 2256 4961 2985 5012; baseline 0.001 -1"><span class='ocrx_word' id='word_1_694' title='bbox 2256 4961 2393 5011; x_wconf 88' lang='lat' dir='ltr'><strong>Deus</strong></span> <span class='ocrx_word' id='word_1_695' title='bbox 2518 4965 2698 5010; x_wconf 82' lang='lat' dir='ltr'><strong>caeteri</strong></span> <span class='ocrx_word' id='word_1_696' title='bbox 2725 4965 2985 5012; x_wconf 89' lang='lat' dir='ltr'><strong>hominum.</strong></span> 
     </span>
    </p>
   </div>
   <div class='ocr_carea' id='block_1_195' title="bbox 2261 5023 3842 5146">
    <p class='ocr_par' dir='ltr' id='par_1_195' title="bbox 2261 5023 3842 5146">
     <span class='ocr_line' id='line_1_195' title="bbox 2261 5023 3842 5146; baseline 0.011 -82"><span class='ocrx_word' id='word_1_697' title='bbox 2261 5023 2643 5146; x_wconf 40' lang='lat' dir='ltr'><strong>Sgeﬁﬂbaq’uod</strong></span> <span class='ocrx_word' id='word_1_698' title='bbox 2675 5034 2844 5074; x_wconf 81' lang='lat' dir='ltr'><strong>essent</strong></span> <span class='ocrx_word' id='word_1_699' title='bbox 2869 5027 3014 5088; x_wconf 86' lang='lat' dir='ltr'><strong>justi,</strong></span> <span class='ocrx_word' id='word_1_700' title='bbox 3058 5032 3110 5076; x_wconf 90' lang='lat' dir='ltr'><strong>et</strong></span> <span class='ocrx_word' id='word_1_701' title='bbox 3128 5027 3434 5091; x_wconf 66' lang='lat' dir='ltr'><strong>spernebant</strong></span> <span class='ocrx_word' id='word_1_702' title='bbox 3457 5037 3709 5083; x_wconf 81' lang='lat' dir='ltr'><strong>caeteros.</strong></span> <span class='ocrx_word' id='word_1_703' title='bbox 3739 5031 3842 5081; x_wconf 78' lang='lat' dir='ltr'><strong>Gut.</strong></span> 
     </span>
    </p>
   </div>
   <div class='ocr_carea' id='block_1_196' title="bbox 1244 5236 3146 5297">
    <p class='ocr_par' dir='ltr' id='par_1_196' title="bbox 1244 5236 3146 5297">
     <span class='ocr_line' id='line_1_196' title="bbox 1244 5236 3146 5297; baseline 0.007 -23"><span class='ocrx_word' id='word_1_704' title='bbox 1244 5236 1535 5277; x_wconf 72' lang='lat' dir='ltr'><strong>LECTIONES</strong></span> <span class='ocrx_word' id='word_1_705' title='bbox 1555 5239 1753 5281; x_wconf 86' lang='lat' dir='ltr'><strong>CODICIS</strong></span> <span class='ocrx_word' id='word_1_706' title='bbox 1777 5242 2180 5282; x_wconf 71' lang='lat' dir='ltr'><strong>VINDEBONENSIS</strong></span> <span class='ocrx_word' id='word_1_707' title='bbox 2200 5242 2475 5284; x_wconf 74' lang='lat' dir='ltr'><strong>ABEUNTES</strong></span> <span class='ocrx_word' id='word_1_708' title='bbox 2504 5247 2568 5284; x_wconf 81' lang='grc' dir='ltr'><strong>ΑΒ</strong></span> <span class='ocrx_word' id='word_1_709' title='bbox 2607 5245 2857 5285; x_wconf 76' lang='lat' dir='ltr'><strong>EDITIONE</strong></span> <span class='ocrx_word' id='word_1_710' title='bbox 2887 5247 3146 5297; x_wconf 67' lang='lat' dir='ltr'><strong>VULGL‘I‘A.</strong></span> 
     </span>
    </p>
   </div>
   <div class='ocr_carea' id='block_1_197' title="bbox 634 5314 2140 5377">
    <p class='ocr_par' dir='ltr' id='par_1_197' title="bbox 634 5314 2140 5377">
     <span class='ocr_line' id='line_1_197' title="bbox 634 5314 2140 5377; baseline -0.004 -4"><span class='ocrx_word' id='word_1_711' title='bbox 634 5331 680 5377; x_wconf 77' lang='lat'><strong>3.</strong></span> <span class='ocrx_word' id='word_1_712' title='bbox 708 5331 814 5374; x_wconf 84' lang='lat' dir='ltr'><strong>erat</strong></span> <span class='ocrx_word' id='word_1_713' title='bbox 837 5324 883 5372; x_wconf 91' lang='lat' dir='ltr'><strong>in</strong></span> <span class='ocrx_word' id='word_1_714' title='bbox 907 5321 1199 5376; x_wconf 87' lang='lat' dir='ltr'><strong>Civitate,...</strong></span> <span class='ocrx_word' id='word_1_715' title='bbox 1225 5316 1454 5377; x_wconf 72' lang='lat' dir='ltr'><strong>etcocpit</strong></span> <span class='ocrx_word' id='word_1_716' title='bbox 1473 5314 1527 5377; x_wconf 82' lang='lat' dir='ltr'><strong>ad</strong></span> <span class='ocrx_word' id='word_1_717' title='bbox 1550 5315 1680 5364; x_wconf 90' lang='lat' dir='ltr'><strong>illum</strong></span> <span class='ocrx_word' id='word_1_718' title='bbox 1702 5318 1867 5366; x_wconf 66' lang='lat' dir='ltr'><strong>dicere</strong></span> <span class='ocrx_word' id='word_1_719' title='bbox 1892 5334 1903 5366; x_wconf 93' lang='lat'>:</span> <span class='ocrx_word' id='word_1_720' title='bbox 1924 5319 2140 5367; x_wconf 80' lang='lat' dir='ltr'><strong>Viudica.</strong></span> 
     </span>
    </p>
   </div>
   <div class='ocr_carea' id='block_1_198' title="bbox 632 5374 2145 5437">
    <p class='ocr_par' dir='ltr' id='par_1_198' title="bbox 632 5374 2145 5437">
     <span class='ocr_line' id='line_1_198' title="bbox 632 5374 2145 5437; baseline -0.006 -1"><span class='ocrx_word' id='word_1_721' title='bbox 632 5374 679 5436; x_wconf 72' lang='grc' dir='ltr'><strong>Ᾰ.</strong></span> <span class='ocrx_word' id='word_1_722' title='bbox 701 5390 750 5437; x_wconf 77' lang='lat' dir='ltr'><strong>Si</strong></span> <span class='ocrx_word' id='word_1_723' title='bbox 775 5387 944 5434; x_wconf 83' lang='lat' dir='ltr'><strong>Deum.</strong></span> <span class='ocrx_word' id='word_1_724' title='bbox 1009 5384 1056 5431; x_wconf 80' lang='grc'><strong>5.</strong></span> <span class='ocrx_word' id='word_1_725' title='bbox 1083 5374 1325 5437; x_wconf 86' lang='lat' dir='ltr'><strong>veniendo</strong></span> <span class='ocrx_word' id='word_1_726' title='bbox 1347 5374 1581 5437; x_wconf 72' lang='lat' dir='ltr'><strong>suegillet</strong></span> <span class='ocrx_word' id='word_1_727' title='bbox 1602 5392 1698 5425; x_wconf 85' lang='lat' dir='ltr'><strong>tne.</strong></span> <span class='ocrx_word' id='word_1_728' title='bbox 1726 5381 1805 5427; x_wconf 80' lang='lat' dir='ltr'><strong>Ait</strong></span> <span class='ocrx_word' id='word_1_729' title='bbox 1827 5387 1987 5428; x_wconf 86' lang='lat' dir='ltr'><strong>autem</strong></span> <span class='ocrx_word' id='word_1_730' title='bbox 2014 5391 2026 5424; x_wconf 84' lang='lat'><em>:</em></span> <span class='ocrx_word' id='word_1_731' title='bbox 2049 5381 2145 5427; x_wconf 79' lang='lat' dir='ltr'><strong>Au-</strong></span> 
     </span>
    </p>
   </div>
   <div class='ocr_carea' id='block_1_199' title="bbox 569 5435 2145 5500">
    <p class='ocr_par' dir='ltr' id='par_1_199' title="bbox 569 5435 2145 5500">
     <span class='ocr_line' id='line_1_199' title="bbox 569 5435 2145 5500; baseline -0.006 -4"><span class='ocrx_word' id='word_1_732' title='bbox 569 5435 690 5500; x_wconf 71' lang='lat' dir='ltr'><strong>dite.</strong></span> <span class='ocrx_word' id='word_1_733' title='bbox 740 5435 801 5497; x_wconf 18' lang='lat'><strong>‘7.</strong></span> <span class='ocrx_word' id='word_1_734' title='bbox 828 5447 956 5494; x_wconf 77' lang='lat' dir='ltr'><strong>deest</strong></span> <span class='ocrx_word' id='word_1_735' title='bbox 996 5445 1054 5491; x_wconf 87' lang='lat' dir='ltr'><strong>ad</strong></span> <span class='ocrx_word' id='word_1_736' title='bbox 1085 5453 1158 5488; x_wconf 84' lang='lat' dir='ltr'><strong>se.</strong></span> <span class='ocrx_word' id='word_1_737' title='bbox 1201 5435 1336 5486; x_wconf 78' lang='lat' dir='ltr'><strong>Ibid.</strong></span> <span class='ocrx_word' id='word_1_738' title='bbox 1362 5435 1520 5500; x_wconf 62' lang='lat' dir='ltr'><strong>habet,</strong></span> <span class='ocrx_word' id='word_1_739' title='bbox 1559 5440 1832 5497; x_wconf 73' lang='lat' dir='ltr'><strong>patientiam</strong></span> <span class='ocrx_word' id='word_1_740' title='bbox 1871 5441 2057 5487; x_wconf 82' lang='lat' dir='ltr'><strong>habens</strong></span> <span class='ocrx_word' id='word_1_741' title='bbox 2097 5443 2145 5487; x_wconf 90' lang='lat' dir='ltr'><strong>in</strong></span> 
     </span>
    </p>
   </div>
   <div class='ocr_carea' id='block_1_200' title="bbox 560 5497 2081 5566">
    <p class='ocr_par' dir='ltr' id='par_1_200' title="bbox 560 5497 2081 5566">
     <span class='ocr_line' id='line_1_200' title="bbox 560 5497 2081 5566; baseline -0.008 -7"><span class='ocrx_word' id='word_1_742' title='bbox 560 5497 701 5561; x_wconf 64' lang='lat' dir='ltr'><strong>illis?</strong></span> <span class='ocrx_word' id='word_1_743' title='bbox 762 5512 808 5558; x_wconf 87' lang='lat'><strong>8.</strong></span> <span class='ocrx_word' id='word_1_744' title='bbox 850 5506 980 5557; x_wconf 77' lang='lat' dir='ltr'><strong>deest</strong></span> <span class='ocrx_word' id='word_1_745' title='bbox 1041 5505 1152 5566; x_wconf 88' lang='lat' dir='ltr'><strong>quia</strong></span> <span class='ocrx_word' id='word_1_746' title='bbox 1214 5502 1326 5550; x_wconf 89' lang='lat' dir='ltr'><strong>cito.</strong></span> <span class='ocrx_word' id='word_1_747' title='bbox 1387 5497 1520 5548; x_wconf 80' lang='lat' dir='ltr'><strong>Ibid.</strong></span> <span class='ocrx_word' id='word_1_748' title='bbox 1565 5502 1794 5560; x_wconf 82' lang='lat' dir='ltr'><strong>numquid</strong></span> <span class='ocrx_word' id='word_1_749' title='bbox 1849 5503 2081 5550; x_wconf 85' lang='lat' dir='ltr'><strong>inveniet.</strong></span> 
     </span>
    </p>
   </div>
   <div class='ocr_carea' id='block_1_201' title="bbox 2250 5319 3899 5398">
    <p class='ocr_par' dir='ltr' id='par_1_201' title="bbox 2250 5319 3899 5398">
     <span class='ocr_line' id='line_1_201' title="bbox 2250 5319 3899 5398; baseline 0.004 -29"><span class='ocrx_word' id='word_1_750' title='bbox 2250 5319 2615 5398; x_wconf 47' lang='grc' dir='ltr'><strong>ἓςηὶξςεξμᾳης·</strong></span> <span class='ocrx_word' id='word_1_751' title='bbox 2637 5335 2712 5398; x_wconf 73' lang='lat' dir='ltr'><strong>am</strong></span> <span class='ocrx_word' id='word_1_752' title='bbox 2731 5323 2877 5398; x_wconf 41' lang='lat' dir='ltr'><strong>justi;</strong></span> <span class='ocrx_word' id='word_1_753' title='bbox 2897 5321 3030 5373; x_wconf 87' lang='lat' dir='ltr'><strong>Ibid.</strong></span> <span class='ocrx_word' id='word_1_754' title='bbox 3065 5330 3118 5398; x_wconf 63' lang='lat' dir='ltr'><strong>et</strong></span> <span class='ocrx_word' id='word_1_755' title='bbox 3141 5326 3462 5398; x_wconf 13' lang='lat' dir='ltr'><strong>spernebant,</strong></span> <span class='ocrx_word' id='word_1_756' title='bbox 3481 5335 3722 5398; x_wconf 66' lang='lat' dir='ltr'><strong>caeteros</strong></span> <span class='ocrx_word' id='word_1_757' title='bbox 3739 5367 3753 5391; x_wconf 95' lang='lat'><strong>,</strong></span> <span class='ocrx_word' id='word_1_758' title='bbox 3775 5329 3844 5398; x_wconf 76' lang='lat' dir='ltr'><strong>si-</strong></span> <span class='ocrx_word' id='word_1_759' title='bbox 3898 5341 3899 5398; x_wconf 14' lang='grc' dir='ltr'><em>ἐ</em></span> 
     </span>
    </p>
   </div>
   <div class='ocr_carea' id='block_1_202' title="bbox 2251 5375 3899 5445">
    <p class='ocr_par' dir='ltr' id='par_1_202' title="bbox 2251 5375 3899 5445">
     <span class='ocr_line' id='line_1_202' title="bbox 2251 5375 3899 5445; baseline 0.006 -19"><span class='ocrx_word' id='word_1_760' title='bbox 2251 5380 2568 5430; x_wconf 76' lang='lat' dir='ltr'><strong>militudiuein</strong></span> <span class='ocrx_word' id='word_1_761' title='bbox 2591 5375 2750 5432; x_wconf 54' lang='lat' dir='ltr'><strong>istam:</strong></span> <span class='ocrx_word' id='word_1_762' title='bbox 2819 5383 2895 5432; x_wconf 88' lang='grc'><strong>10.</strong></span> <span class='ocrx_word' id='word_1_763' title='bbox 2921 5399 3046 5433; x_wconf 86' lang='lat' dir='ltr'><strong>unus</strong></span> <span class='ocrx_word' id='word_1_764' title='bbox 3067 5375 3379 5445; x_wconf 73' lang='lat' dir='ltr'><strong>Publicanns,</strong></span> <span class='ocrx_word' id='word_1_765' title='bbox 3417 5394 3470 5437; x_wconf 89' lang='lat' dir='ltr'><strong>et</strong></span> <span class='ocrx_word' id='word_1_766' title='bbox 3491 5375 3646 5438; x_wconf 65' lang='lat' dir='ltr'><strong>alius</strong></span> <span class='ocrx_word' id='word_1_767' title='bbox 3667 5375 3843 5439; x_wconf 54' lang='lat' dir='ltr'><strong>i’h’aﬁ-</strong></span> <span class='ocrx_word' id='word_1_768' title='bbox 3898 5375 3899 5416; x_wconf 69' lang='lat'>‘</span> 
     </span>
    </p>
   </div>
   <div class='ocr_carea' id='block_1_203' title="bbox 2253 5445 3842 5511">
    <p class='ocr_par' dir='ltr' id='par_1_203' title="bbox 2253 5445 3842 5511">
     <span class='ocr_line' id='line_1_203' title="bbox 2253 5445 3842 5511; baseline 0.006 -22"><span class='ocrx_word' id='word_1_769' title='bbox 2253 5453 2413 5511; x_wconf 69' lang='lat' dir='ltr'><strong>saetis.</strong></span> <span class='ocrx_word' id='word_1_770' title='bbox 2479 5445 2554 5511; x_wconf 66' lang='lat' dir='ltr'><strong>lt.</strong></span> <span class='ocrx_word' id='word_1_771' title='bbox 2574 5445 2715 5492; x_wconf 84' lang='lat' dir='ltr'><strong>Stans</strong></span> <span class='ocrx_word' id='word_1_772' title='bbox 2729 5447 2893 5507; x_wconf 76' lang='lat' dir='ltr'><strong>itaque.</strong></span> <span class='ocrx_word' id='word_1_773' title='bbox 2905 5445 3214 5511; x_wconf 78' lang='lat' dir='ltr'><strong>Pharisaeus,</strong></span> <span class='ocrx_word' id='word_1_774' title='bbox 3236 5451 3308 5498; x_wconf 80' lang='lat' dir='ltr'><strong>sic</strong></span> <span class='ocrx_word' id='word_1_775' title='bbox 3326 5451 3556 5501; x_wconf 78' lang='lat' dir='ltr'><strong>orabat...</strong></span> <span class='ocrx_word' id='word_1_776' title='bbox 3577 5453 3706 5502; x_wconf 84' lang='lat' dir='ltr'><strong>sicut</strong></span> <span class='ocrx_word' id='word_1_777' title='bbox 3726 5463 3842 5500; x_wconf 41' lang='lat' dir='ltr'><strong>(ne.</strong></span> 
     </span>
    </p>
   </div>
   <div class='ocr_carea' id='block_1_204' title="bbox 2256 5491 3899 5571">
    <p class='ocr_par' dir='ltr' id='par_1_204' title="bbox 2256 5491 3899 5571">
     <span class='ocr_line' id='line_1_204' title="bbox 2256 5491 3899 5571; baseline -0.038 7"><span class='ocrx_word' id='word_1_778' title='bbox 2256 5503 2350 5549; x_wconf 63' lang='grc' dir='ltr'><strong>ιθνί</strong></span> <span class='ocrx_word' id='word_1_779' title='bbox 2377 5491 2599 5554; x_wconf 51' lang='lat' dir='ltr'><strong>homines</strong></span> <span class='ocrx_word' id='word_1_780' title='bbox 2622 5520 2634 5555; x_wconf 85' lang='lat'>:</span> <span class='ocrx_word' id='word_1_781' title='bbox 2655 5491 2934 5568; x_wconf 47' lang='lat' dir='ltr'><strong>russea;</strong></span> <span class='ocrx_word' id='word_1_782' title='bbox 2949 5491 3046 5557; x_wconf 56' lang='grc' dir='ltr'><strong>ἶέῐ</strong></span> <span class='ocrx_word' id='word_1_783' title='bbox 3060 5491 3556 5571; x_wconf 44' lang='grc' dir='ltr'><strong>ειῑξιῖῖςέῇιῦζ---η-</strong></span> <span class='ocrx_word' id='word_1_784' title='bbox 3577 5491 3706 5502; x_wconf 71' lang='grc' dir='ltr'><strong>-ν-</strong></span> <span class='ocrx_word' id='word_1_785' title='bbox 3728 5491 3812 5500; x_wconf 62' lang='grc' dir='ltr'><strong>-τ</strong></span> <span class='ocrx_word' id='word_1_786' title='bbox 3897 5491 3899 5534; x_wconf 46' lang='grc' dir='ltr'><strong>η</strong></span> 
     </span>
    </p>
   </div>
   <div class='ocr_carea' id='block_1_205' title="bbox 1876 5601 2512 5663">
    <p class='ocr_par' dir='ltr' id='par_1_205' title="bbox 1876 5601 2512 5663">
     <span class='ocr_line' id='line_1_205' title="bbox 1876 5601 2512 5663; baseline 0.011 -7"><span class='ocrx_word' id='word_1_787' title='bbox 1876 5601 2244 5657; x_wconf 71' lang='lat' dir='ltr'><strong>BLANCHIM</strong></span> <span class='ocrx_word' id='word_1_788' title='bbox 2282 5605 2512 5663; x_wconf 66' lang='lat' dir='ltr'><strong>NOTAE.</strong></span> 
     </span>
    </p>
   </div>
   <div class='ocr_carea' id='block_1_206' title="bbox 642 5691 3829 5777">
    <p class='ocr_par' dir='ltr' id='par_1_206' title="bbox 642 5691 3829 5777">
     <span class='ocr_line' id='line_1_206' title="bbox 642 5691 3829 5777; baseline 0.002 -22"><span class='ocrx_word' id='word_1_789' title='bbox 642 5704 812 5777; x_wconf 64' lang='lat' dir='ltr'><strong>(alita</strong></span> <span class='ocrx_word' id='word_1_790' title='bbox 829 5712 886 5777; x_wconf 60' lang='lat' dir='ltr'><strong>et</strong></span> <span class='ocrx_word' id='word_1_791' title='bbox 910 5697 1109 5777; x_wconf 35' lang='grc' dir='ltr'><strong>ιω..οτ</strong></span> <span class='ocrx_word' id='word_1_792' title='bbox 1123 5691 1651 5777; x_wconf 54' lang='grc' dir='ltr'><strong>μακροθγμραγρς-(ὺ)</strong></span> <span class='ocrx_word' id='word_1_793' title='bbox 1670 5693 2009 5777; x_wconf 34' lang='lat' dir='ltr'><strong>Ante‘chiet,</strong></span> <span class='ocrx_word' id='word_1_794' title='bbox 2027 5697 2091 5775; x_wconf 80' lang='lat' dir='ltr'><strong>de</strong></span> <span class='ocrx_word' id='word_1_795' title='bbox 2110 5707 2190 5777; x_wconf 81' lang='lat' dir='ltr'><strong>est</strong></span> <span class='ocrx_word' id='word_1_796' title='bbox 2213 5698 2355 5777; x_wconf 85' lang='lat' dir='ltr'><strong>quia,</strong></span> <span class='ocrx_word' id='word_1_797' title='bbox 2379 5709 2537 5754; x_wconf 82' lang='lat' dir='ltr'><strong>etiam</strong></span> <span class='ocrx_word' id='word_1_798' title='bbox 2563 5701 2614 5755; x_wconf 92' lang='lat' dir='ltr'><strong>in</strong></span> <span class='ocrx_word' id='word_1_799' title='bbox 2636 5703 2758 5777; x_wconf 77' lang='lat' dir='ltr'><strong>cod.</strong></span> <span class='ocrx_word' id='word_1_800' title='bbox 2782 5702 3091 5772; x_wconf 88' lang='lat' dir='ltr'><strong>Cant.—(c)</strong></span> <span class='ocrx_word' id='word_1_801' title='bbox 3126 5702 3282 5761; x_wconf 85' lang='lat' dir='ltr'><strong>Addit</strong></span> <span class='ocrx_word' id='word_1_802' title='bbox 3310 5709 3829 5777; x_wconf 71' lang='lat' dir='ltr'><strong>essent,paritertex.</strong></span> 
     </span>
    </p>
   </div>
   <div class='ocr_carea' id='block_1_207' title="bbox 569 5765 3899 5866">
    <p class='ocr_par' dir='ltr' id='par_1_207' title="bbox 569 5765 3899 5866">
     <span class='ocr_line' id='line_1_207' title="bbox 569 5765 3899 5866; baseline 0.001 -36"><span class='ocrx_word' id='word_1_803' title='bbox 569 5765 663 5830; x_wconf 67' lang='lat' dir='ltr'><strong>Gr.</strong></span> <span class='ocrx_word' id='word_1_804' title='bbox 691 5776 805 5827; x_wconf 70' lang='lat' dir='ltr'><strong>riui.</strong></span> <span class='ocrx_word' id='word_1_805' title='bbox 829 5769 1063 5826; x_wconf 78' lang='lat' dir='ltr'><strong>Vercell.</strong></span> <span class='ocrx_word' id='word_1_806' title='bbox 1081 5765 1296 5836; x_wconf 80' lang='lat' dir='ltr'><strong>quoque</strong></span> <span class='ocrx_word' id='word_1_807' title='bbox 1319 5765 1484 5822; x_wconf 75' lang='lat' dir='ltr'><strong>habet</strong></span> <span class='ocrx_word' id='word_1_808' title='bbox 1507 5766 1628 5820; x_wconf 73' lang='lat' dir='ltr'><strong>sint.</strong></span> <span class='ocrx_word' id='word_1_809' title='bbox 1654 5792 1724 5805; x_wconf 88' lang='lat'><strong><em>—</em></strong></span> <span class='ocrx_word' id='word_1_810' title='bbox 1749 5765 1826 5836; x_wconf 74' lang='grc' dir='ltr'><strong>(ἀ)</strong></span> <span class='ocrx_word' id='word_1_811' title='bbox 1862 5765 2016 5835; x_wconf 74' lang='lat' dir='ltr'><strong>Legit</strong></span> <span class='ocrx_word' id='word_1_812' title='bbox 2040 5766 2190 5831; x_wconf 80' lang='lat' dir='ltr'><strong>sicut,</strong></span> <span class='ocrx_word' id='word_1_813' title='bbox 2222 5776 2399 5824; x_wconf 82' lang='lat' dir='ltr'><strong>textus</strong></span> <span class='ocrx_word' id='word_1_814' title='bbox 2417 5787 2627 5842; x_wconf 87' lang='lat' dir='ltr'><strong>quoque</strong></span> <span class='ocrx_word' id='word_1_815' title='bbox 2650 5775 2743 5830; x_wconf 83' lang='lat' dir='ltr'><strong>Gr.</strong></span> <span class='ocrx_word' id='word_1_816' title='bbox 2777 5778 2863 5836; x_wconf 78' lang='grc' dir='ltr'><strong>ὡς.</strong></span> <span class='ocrx_word' id='word_1_817' title='bbox 2901 5829 2903 5831; x_wconf 79' lang='grc'><strong><em>,</em></strong></span> <span class='ocrx_word' id='word_1_818' title='bbox 3027 5765 3038 5772; x_wconf 72' lang='grc'>’</span> <span class='ocrx_word' id='word_1_819' title='bbox 3074 5765 3084 5772; x_wconf 77' lang='grc'><em>’</em></span> <span class='ocrx_word' id='word_1_820' title='bbox 3481 5765 3518 5777; x_wconf 82' lang='grc'><em>”</em></span> <span class='ocrx_word' id='word_1_821' title='bbox 3898 5791 3899 5866; x_wconf 40' lang='grc' dir='ltr'>χ</span> 
     </span>
    </p>
   </div>
  </div>
