3912 6464
505 252 610 310 059
665 224 671 228 ’

895 363 1119 420 CODEX
1157 363 1696 420 VERCELLENSIS.

509 457 659 513 Haec
694 458 870 513 omni-
1330 458 1402 512 rit
1428 458 1608 512 salvus

511 544 544 582 a
568 529 827 583 custodiri

514 613 544 652 a
565 599 813 668 juventu-

514 677 572 741 te
597 684 734 726 mea.
771 737 797 741 Α

512 739 604 794 22.
632 739 931 806 ρυοᾶοιιπι
953 756 1050 798 au-

515 811 680 864 disset
701 811 881 875 Jesus,

516 879 650 934 dixit
672 883 720 936 ei
747 900 760 935 :
791 881 900 937 Ad-

515 951 620 1005 huc
645 968 806 1006 unum

1329 528 1420 581 27.
1464 527 1611 582 ﬁeri?
1637 525 1776 582 Dixit

1329 607 1504 652 autem
1539 598 1642 650 illis
1673 617 1687 650 :

1331 668 1478 735 Quae
1505 669 1683 737 inpos-

1333 739 1505 794 sibilia
1534 749 1657 792 Sunt

1335 819 1461 878 aput
1489 810 1663 862 homi—

1335 895 1452 943 nes,
1487 879 1711 948 possibi—

1339 949 1406 1004 lia
1429 965 1556 1004 vero
1578 958 1706 1016 aput

515 1021 609 1076 tibi
644 1024 794 1077 deest
817 1041 832 1076 :
1335 1020 1500 1074 Deum
1527 1029 1666 1073 sunt.

512 1093 692 1148 omnia
723 1106 882 1160 quae-
1333 1090 1427 1143 28.
1470 1091 1609 1142 liixit
1640 1099 1816 1144 autem

511 1177 747 1232 cumque
1336 1160 1523 1215 Petrus
1549 1177 1561 1211 :
1583 1160 1682 1232 Ec;-

513 1231 704 1297 habes,
733 1249 864 1288 ven-
1335 1246 1398 1284 ce
1426 1245 1541 1295 nos,
1576 1231 1734 1285 relic-

513 1303 578 1356 de
607 1318 670 1356 ea
703 1318 900 1372 paupe-
1337 1300 1404 1354 tis
1439 1299 1690 1372 omnibus

504 1372 687 1437 ribus,
718 1381 774 1426 et
801 1374 895 1427 ha-

512 1441 668 1498 bebis
696 1441 852 1498 then-

515 1527 737 1566 saurum
766 1514 818 1567 in

517 1582 713 1646 caelis;
745 1593 795 1637 et
817 1600 908 1640 ve-

517 1654 595 1715 ni,
625 1667 854 1721 sequere

517 1721 608 1776 25.
649 1738 753 1776 me.
789 1726 908 1791 Qui,

519 1807 641 1846 cum
671 1793 852 1848 audis-

520 1871 604 1917 set
629 1863 778 1927 haec,
815 1866 936 1919 tris-

523 1935 594 1986 tis
621 1932 788 1988 factus
817 1947 900 1990 est
921 1953 937 1994 :

525 2011 644 2056 erat
667 2005 810 2056 enim

525 2072 675 2126 dives
703 2074 877 2128 valde.

525 2141 618 2196 24.
659 2143 825 2206 Quem
849 2160 972 2200 cum

529 2213 756 2284 vidisset
769 2213 927 2272 Jesus

1336 1382 1451 1424 n05I
1466 1371 1559 1428 ris.
1592 1384 1678 1424 se-

1335 1440 1448 1496 cuti
1484 1455 1664 1492 sumus

1335 1512 1427 1566 29.
1470 1519 1540 1563 te.
1577 1510 1676 1576 Qui
1709 1511 1842 1566 dixit

1336 1583 1416 1635 eis
1450 1598 1462 1632 :
1493 1578 1662 1634 Amen
1685 1581 1767 1635 di-

1338 1666 1402 1706 co
1427 1651 1602 1704 vobis.
1635 1667 1730 1706 ne-

1342 1735 1432 1775 mo
1455 1729 1558 1779 eSt,
1588 1720 1679 1788 qui

1343 1793 1364 1822 ¹
1392 1791 1672 1856 reliquerit

1347 1861 1584 1924 domum,
1609 1870 1700 1915 aut

1348 1941 1616 2000 parentes.

1350 1998 1440 2054 aut
1468 1998 1683 2067 fratres,

1355 2080 1448 2124 aut
1475 2085 1718 2139 tutorem,

1357 2151 1448 2193 aut
1476 2139 1612 2192 filios

1357 2219 1575 2279 propter
1605 2225 1726 2280 reg-

531 2282 824 2366 contrista:
1110 2335 1112 2338 ,
1356 2282 1446 2366 50.
1489 2295 1612 2366 num
1647 2280 1774 2360 Dei,
1804 2287 1891 2357 qui

531 2363 666 2416 tum,
697 2352 831 2407 dixit
861 2375 874 2411 :
1359 2365 1464 2404 non
1493 2352 1688 2418 accipi-

533 2423 702 2490 Quam
734 2423 876 2477 difii-
1359 2433 1412 2476 et
1439 2419 1515 2492 (ὁ)
1539 2421 1735 2492 septies

527 2493 657 2556 cile,
684 2493 774 2559 qui
805 2511 955 2562 pecu-

537 2565 658 2647 nias
680 2562 897 2635 habent,

538 2650 590 2686 in
621 2647 788 2700 regno

1359 2491 1560 2572 tantum
1589 2491 1640 2572 ιιι.
1656 2493 1706 2545 in

1364 2571 1602 2630 tempore
1630 2571 1760 2630 isto;

1362 2640 1417 2685 et
1442 2631 1495 2684 in
1526 2628 1703 2688 futuro

538 2705 634 2758 Dei
665 2704 683 2734 ¹
717 2705 881 2761 intra-
1367 2701 1580 2755 saeculo
1607 2702 1688 2754 vi-

535 2776 626 2829 25.
669 2774 840 2831 bunt!
872 2779 1060 2832 Facili-
1366 2782 1470 2824 tam
1497 2781 1667 2824 aeter-

539 2859 603 2898 us
627 2855 712 2897 est
738 2847 882 2901 enim
973 2865 976 2867 δ
1367 2857 1485 2894 nam
1514 2845 1754 2909 posside-

541 2911 826 2968 camellum
1372 2913 1466 2964 bit.

543 3000 638 3054 per
666 2981 908 3042 foramen
1369 2985 1458 3037 5i.
1497 2984 1815 3042 Convocatis

545 3071 674 3109 acus
1369 3064 1542 3108 autem
1566 3055 1704 3109 duo-

545 3129 802 3190 transire,
1372 3125 1541 3178 decim
1571 3126 1681 3180 dis-

545 3213 704 3262 quam
731 3198 865 3252 divi-
1371 3197 1564 3263 cipulis
1583 3239 1597 3255 .
1629 3197 1764 3252 dixit

549 3278 653 3322 tem
686 3271 736 3322 in
763 3285 986 3337 regnum
1371 3267 1441 3338 (c)
1473 3267 1538 3320 ad
1569 3268 1686 3319 illos
1707 3269 1784 3338 ’ξος
1817 3269 1956 3324 Ecce

550 3338 669 3391 Dei.
1374 3338 1712 3392 ascmiditnus

546 3407 640 3460 26.
682 3407 941 3463 Dixerunt
967 3426 1065 3463 au-
1377 3412 1427 3461 in
1460 3409 1710 3461 Hicroso—
1737 3466 1743 3474 θ

549 3486 658 3548 tem
687 3482 775 3547 qui
815 3495 910 3530 au-
1378 3481 1538 3548 lyma,
1567 3487 1620 3530 et
1645 3494 1774 3536 con-

549 3547 764 3601 diebaut
797 3568 809 3602 :
846 3550 912 3603 Et
1378 3547 1718 3601 sinmuabun-

551 3617 670 3684 quis
709 3627 859 3686 pote-
1380 3631 1462 3670 tur
1487 3619 1687 3682 omnia,

1035 253 1294 310 EUSEBII
1339 252 1663 309 VERCELL.
1707 251 2147 308 EVANGELIUM
2187 249 2330 304 CUM
2369 245 2589 302 VARIIS
2624 246 2779 303 COD.
2818 244 3208 301 COLLATUM.

2611 358 2835 414 CODEX
2882 356 3330 412 VERONENSIS.

2183 450 2326 504 llaec
2355 451 2531 503 omnia
2998 449 3091 503 27.
3137 449 3226 503 Ait
3256 447 3361 503 illis
3391 447 3480 504 Je-

2182 519 2441 589 custodivi
3005 536 3096 574 sus
3131 537 3143 571 :
3172 518 3303 585 Quae

2182 605 2213 644 a
2236 590 2510 659 juventute
3003 589 3354 659 impossibilia

2182 675 2322 714 mea.
3001 673 3125 713 sunt
3150 669 3279 727 aput

2183 731 2274 784 22.
2317 729 2466 797 Quod
2497 728 2614 801 (sic)
2640 730 2792 785 audi-
3005 732 3270 795 homines,
3301 731 3433 801 haec

2187 809 2262 864 to,
2291 802 2446 855 Jesus

2185 877 2297 924 ait:
2326 870 2515 925 Adhuc

2187 957 2348 994 Iznuut
2384 941 2474 995 tibi

2185 1010 2336 1065 deest
2362 1029 2372 1062 :
2410 1013 2585 1066 omnia

3004 802 3184 856 omnia
3215 800 3386 868 possi-

3006 873 3130 926 bilia
3173 882 3297 925 sunt

3009 953 3136 1008 aput
3169 943 3356 995 Deum.

3007 1012 3096 1068 28.
3143 1014 3228 1065 Ait
3257 1023 3434 1068 autem

2188 1096 2555 1152 quaecumque
3009 1083 3124 1138 Pett
3141 1097 3202 1136 us
3227 1101 3244 1152 7:
3280 1082 3421 1139 Ecce

2190 1152 2377 1223 habes,
2403 1151 2594 1218 vende,
3010 1168 3130 1215 nos,
3166 1151 3244 1223 (α)
3275 1154 3477 1209 relictis

2189 1233 2242 1276 et
2266 1221 2328 1274 da
2357 1238 2481 1290 pauo
3012 1221 3232 1278 retibus
3252 1237 3347 1277 no-

2190 1292 2430 1363 peribus,
2461 1305 2514 1349 et
3015 1293 3143 1349 stris
3179 1295 3216 1363 ’ξ-
3245 1335 3259 1356 ,
3292 1308 3446 1350 secu-

2193 1362 2413 1415 babebis
2436 1368 2587 1421 then-
3015 1365 3054 1418 ti
3083 1362 3265 1425 sumus

2191 1448 2409 1486 saurum
2441 1433 2491 1488 in
3017 1445 3092 1489 te.

2193 1502 2365 1577 caelo,
2389 1515 2443 1557 et
3018 1505 3126 1577 29.
3151 1503 3355 1577 Quibus
3383 1506 3500 1577 ipse

2195 1575 2342 1636 veni,
2371 1589 2563 1644 seque-
3017 1574 3156 1629 dixit
3185 1593 3196 1626 :
3227 1575 3396 1631 Amen

2196 1659 2256 1698 re
2287 1659 2390 1697 me.
3019 1645 3142 1698 dico
3167 1646 3338 1711 vobis,

2197 1713 2289 1767 25.
2335 1715 2424 1767 llis
2451 1715 2538 1770 ille
2565 1732 2659 1776 au-
3020 1730 3181 1770 nemo
3205 1726 3308 1780 est,

2202 1784 2348 1845 ditis,
2374 1799 2502 1837 con-
3021 1786 3110 1856 qui
3139 1788 3364 1856 reliquid

2204 1856 2445 1925 triStatus
2471 1867 2589 1925 est;
3023 1855 3263 1921 domum,

2203 1925 2326 1992 quia
2353 1923 2502 1978 dives
2578 1923 2584 1925 ⁷
3023 1938 3113 1980 aut
3137 1940 3327 1993 paren-

2203 2002 2321 2046 crat
2347 1994 2519 2050 valde.
3030 2007 3130 2061 tes,
3162 2005 3255 2050 aut

2203 2063 2293 2116 24.
2335 2062 2535 2126 Videtis
2557 2085 2653 2127 an-

2205 2143 2311 2187 tem
2353 2133 2498 2188 illum

2209 2203 2411 2257 tristem
2451 2205 2528 2262 fa-

3023 2065 3240 2130 fratres,
3275 2081 3370 2126 aut

3025 2151 3268 2206 uxorem,
3300 2149 3394 2194 aut

3025 2207 3165 2260 filios
3205 2222 3426 2280 propter

3026 2291 3246 2349 regnum
3277 2283 3367 2336 Dei
3375 2325 3391 2349 ν

3029 2347 3119 2402 50.
3162 2353 3261 2403 nisi
3295 2363 3351 2405 ut
3375 2347 3460 2409 re.

2207 2283 2372 2339 ctum,
2403 2275 2534 2335 dixit

2207 2343 2362 2416 Jews
2379 2363 2405 2416 ,=
2433 2350 2602 2416 Quam

2209 2413 2476 2491 difﬁcile,‘
3027 2418 3191 2485 cipiat
3221 2421 3293 2491 (ὑ)
3320 2439 3400 2477 se-

2210 2489 2296 2564 qui
2329 2500 2480 2566 pecu.
3027 2491 3165 2566 pties
3193 2489 3396 2566 tantum
3418 2495 3456 2566 -ι-

2208 2556 2324 2634 nias
2358 2557 2572 2634 habent,
3029 2554 3082 2611 et
3115 2554 3165 2610 in
3199 2558 3326 2617 hoc‘

2212 2626 2264 2701 i_n
2291 2642 2511 2701 regnum
2557 2626 2568 2634 '
3032 2637 3302 2701 tempore;
3328 2648 3385 2691 et

2214 2695 2308 2748 Dei
2339 2699 2503 2756 intra-
3033 2699 3084 2752 in
3123 2695 3343 2760 saeculo

2185 2826 2189 2831 η
2215 2765 2304 2818 25.
2346 2767 2494 2828 bum,
2522 2769 2625 2832 ιτα.
3035 2780 3259 2825 venturo
3281 2780 3360 2830 vi.

2216 2840 2371 2894 cilius
2401 2855 2482 2898 est
3038 2850 3143 2891 lam
3167 2852 3441 2901 aeternam

2217 2909 2496 2970 catnellum

3037 2910 3348 2975 possidebit.

2220 2997 2313 3048 per
2335 2980 2572 3042 foramen
2602 3004 2729 3043 acus

2969 2983 2972 2986 ’
3034 2981 3122 3036 3i.
3166 2981 3477 3056 Adsumpsit

3041 3061 3219 3106 autem
3260 3072 3354 3110 xu.

3042 3126 3333 3190 discipulos
3360 3141 3508 3191 suos,

3045 3204 3100 3249 et
3127 3197 3199 3248 ait
3226 3195 3301 3266 (c)
3331 3199 3398 3252 ad

3046 3266 3167 3319 illos
3194 3269 3325 3336 in...

2222 3055 2466 3127 transire,
2499 3075 2656 3127 quam

2221 3125 2437 3180 divitem
2473 3125 2570 3182 ini-

2223 3207 2364 3250 trare
2397 3200 2447 3252 in
2497 3216 2583 3254 re-

2221 3284 2325 3336 gno
2353 3270 2465 3323 Dei.

2222 3339 2311 3392 26.
2355 3339 2423 3392 Et
2449 3343 2697 3396 dixerunt
3045 3338 3385 3393 ascendimus

2225 3410 2314 3472 qui
2343 3412 2523 3464 audie-
3047 3407 3439 3480 Hierosolyma,

2227 3480 2354 3532 bant
2383 3497 2396 3532 ε
2434 3481 2498 3534 Ει
2522 3481 2641 3550 quis
3047 3489 3099 3530 et
3126 3494 3376 3550 consum-

2229 3559 2402 3616 potest
2426 3549 2610 3605 salvus
3050 3549 3336 3604 mabuntur

2231 3620 2377 3671 fieri?
3051 3621 3247 3681 omnia,
3279 3636 3415 3689 quae

1847 3730 2078 3787 CODEX
2116 3730 2506 3786 BBIXIANUS.

552 3824 699 3878 llaec
716 3826 890 3877 omnia
914 3826 1176 3878 custodivi
1201 3841 1228 3877 a
1249 3825 1525 3891 juventutc
1548 3840 1685 3879 mea.
1703 3824 1818 3891 Quo
1837 3825 2019 3879 audito
2043 3824 2131 3878 Je-

555 3910 644 3946 sus
661 3897 735 3947 ait
755 3894 1053 3949 illi.Adltu-:
1077 3913 1237 3948 unum
1264 3895 1353 3948 tibi
1373 3896 1542 3948 deest.
1563 3895 1740 3948 omnia
1764 3910 2130 3964 quaecumque

556 3965 718 4024 habes
759 3967 947 4019 vende.
978 3977 1031 4019 et
1057 3967 1122 4019 da
1155 3965 1493 4033 pauperibus.
1525 3976 1578 4019 ct
1612 3967 1830 4020 habebis
1871 3972 2126 4018 Iliensiu—

559 4049 673 4086 vum
705 4035 755 4087 in
786 4036 956 4088 Caelo.
995 4047 1047 4088 et
1095 4036 1216 4089 veni
1248 4052 1474 4104 sequere
1522 4053 1625 4089 me.
1680 4036 1769 4088 ilic
1817 4038 1904 4090 ille
1933 4036 2130 4089 auditis

559 4107 904 4182 contristatus
923 4117 1036 4182 .est.
1069 4107 1360 4182 quiaulives
1387 4114 1506 4182 erat
1532 4106 1704 4182 valde.
1730 4106 1927 4182 Videas
1954 4116 2129 4182 :uttegn

561 4173 708 4242 illum
736 4173 891 4228 Jesus
929 4176 1132 4229 tristem
1183 4176 1398 4228 iactum.
1445 4176 1580 4229 dixit
1619 4177 1916 4242 discipulis.
1961 4173 2130 4240 Quain

562 4241 780 4315 difﬁcile
823 4244 911 4315 qui
960 4245 1210 4310 pecunias
1250 4246 1446 4299 habent
1493 4247 1764 4299 intrabunt
1812 4248 1863 4299 in
1914 4261 2136 4315 regnum

563 4310 683 4364 Dei.
715 4311 942 4365 Facilius
980 4323 1061 4365 est
1108 4316 1248 4364 enim
1295 4317 1558 4367 camelom
1610 4331 1704 4379 per
1738 4310 2140 4368 foramen'acus

563 4381 794 4436 transire
824 4397 977 4448 quam
1005 4382 1220 4434 divitem
1255 4383 1454 4436 intrare
1481 4385 1530 4435 iu
1565 4399 1783 4449 regnum
1825 4387 1935 4436 Dei.
1968 4385 2033 4437 Et
2061 4384 2142 4437 di-

565 4462 761 4506 xerunt
801 4449 893 4520 qui
934 4453 1241 4506 audiebant.
1281 4451 1411 4517 Quis
1457 4466 1583 4521 ergo
1613 4463 1787 4520 potest
1816 4453 1993 4506 salvus
2027 4453 2143 4506 lieri

2234 3823 2298 3876 Et
2327 3824 2400 3876 ait
2430 3825 2532 3895 illis
2557 3824 2728 3878 Jesus.
2755 3825 2902 3891 Quae
2931 3826 3262 3894 inpossibilia
3306 3836 3432 3881 sunt
3461 3835 3588 3895 aput
3630 3826 3802 3878 homi-

2234 3909 2348 3946 nes.
2380 3893 2652 3961 possibilia
2689 3905 2810 3948 sunt
2844 3893 3204 3961 apud'Deum.
3253 3897 3341 3952 Ait
3382 3893 3558 3951 autem
3594 3897 3796 3948 Petrus.

2237 3964 2371 4018 Ecci'
2402 3981 2499 4017 nos
2539 3967 2839 4018 dimisimus
2864 3967 3064 4018 omnia.
3093 3975 3146 4018 ct
3189 3968 3361 4020 Sccuti
3401 3981 3587 4020 sumus
3616 3978 3684 4016 to.
3724 3965 3798 4017 Ad

2233 4036 2320 4088 ille
2349 4035 2481 4088 dixit
2529 4039 2628 4088 eis.
2677 4035 2844 4089 Amen
2891 4037 3012 4089 dico
3043 4036 3192 4090 vobis
3233 4039 3354 4106 quia
3397 4053 3554 4090 neuio
3597 4045 3679 4086 est
3716 4034 3799 4101 qui

2239 4108 2500 4172 relinquat
2527 4107 2767 4158 domum.
2795 4114 2886 4160 aut
2918 4119 3165 4174 parentes
3193 4119 3285 4159 aut
3317 4113 3524 4160 fratres.
3557 4113 3645 4156 aut
3673 4120 3802 4156 tuo-

2241 4190 2350 4227 rem
2383 4187 2472 4228 attt
2518 4177 2656 4228 lilios
2686 4189 2900 4244 propter
2942 4193 3161 4244 regnum
3199 4179 3308 4231 Dei.
3345 4188 3397 4229 et
3436 4193 3539 4228 non
3590 4175 3803 4234 recipiat

2242 4245 2407 4297 multo
2450 4245 2601 4312 plura
2635 4248 2687 4299 in
2731 4249 2830 4300 hoc
2862 4260 3117 4314 tempore.
3164 4260 3215 4300 et
3262 4249 3311 4300 iu
3343 4249 3558 4300 sacculo
3587 4254 3803 4297 venturo

2240 4316 2402 4368 vitam
2447 4330 2741 4370 aeternam.
2790 4317 3091 4371 Adsumons
3118 4327 3294 4370 autem
3327 4318 3484 4370 Jesus
3531 4314 3798 4367 duodecim

2240 4382 2530 4452 discipulos
2555 4386 2624 4436 ait
2652 4387 2776 4438 illis.
2812 4388 2947 4438 Ecce
2967 4389 3306 4441 ascendimus
3335 4385 3720 4452 Hierosolyma.
3753 4395 3803 4438 et

2241 4455 2754 4507 consummabuntur
2783 4457 2962 4507 omnia

1830 4561 2058 4616 CODEX
2095 4562 2554 4617 CORBEIENSIS.

638 4657 727 4710 28.
771 4658 903 4712 Ecce
949 4674 1067 4722 nos,
1109 4658 1130 4688 ³
1162 4657 1361 4713 relictis
1405 4657 1565 4712 rebus
1612 4656 1830 4721 nostris,
1858 4658 2029 4711 secuti
2057 4672 2147 4709 su-

578 4740 696 4778 mus
729 4735 804 4780 te.

641 4793 730 4850 '50.
770 4798 859 4864 qui
892 4814 998 4850 non
1029 4801 1253 4868 recipiat
1299 4799 1497 4868 septies
1529 4807 1734 4852 tantum
1763 4797 1816 4851 in
1863 4797 1966 4850 hoc
2011 4806 2147 4851 tem-

2250 4671 2384 4780 pi:qu
2397 4675 2417 4738 ς.
2441 4661 2491 4710 in
2520 4658 2734 4713 saeculo
2763 4669 2938 4713 autem
2961 4670 3188 4714 venturo
3211 4659 3371 4714 vitam
3393 4670 3663 4719 aeternam
3688 4678 3802 4732 pos-

2250 4743 2294 4780 s:
2336 4744 2363 4780 e
2389 4737 2465 4780 ut.

2250 4737 2465 4781 Sidehll.

2318 4799 2407 4853 3i.
2451 4798 2729 4853 duodecim
2761 4800 3079 4869 discipulos,
3109 4809 3162 4853 et
3191 4799 3266 4853 ait
3299 4801 3423 4855 illis.

1801 4909 2182 4964 VABIANTES
2219 4909 2615 4967 LECTIONES.

638 5011 658 5040 ί
694 5001 803 5057 Eat.
826 5009 870 5054 et
911 5000 1026 5050 Mm.
1054 5001 1209 5049 ibunt.
1244 5001 1386 5062 Vulg.
1409 5003 1672 5052 intrabunt.

638 5071 659 5100 '
691 5068 797 5118 Eat.
829 5063 1091 5123 reliquerit
1111 5063 1303 5109 domum
1322 5061 1344 5117 ,⁷
1366 5070 1448 5110 aut
1480 5070 1722 5124 parentes.
1755 5066 1868 5112 Mm.
1893 5061 2149 5123 reliquerit

578 5134 788 5188 domum,
811 5133 894 5176 aut
917 5122 1109 5180 fl‘atrus,
1138 5131 1217 5169 aut
1241 5135 1438 5172 uxores.
1467 5122 1594 5186 Vulg.
1620 5123 1816 5186 reliquit
1837 5122 2047 5179 domum,
2069 5129 2151 5170 aut

2251 5011 2499 5062 parentes,
2525 5011 2608 5053 aut
2636 5003 2829 5062 fratres,
2857 5013 2940 5052 aut
2963 5017 3186 5055 uxorem.

2313 5065 2333 5094 ⁸
2367 5063 2469 5113 Gal.
2498 5065 2779 5127 reliquimus
2801 5068 2977 5114 omnia.

1254 5241 1536 5281 LECTIONES
1561 5243 1758 5283 CODICIS
1779 5240 2182 5282 VINDEBONENSIS
2205 5241 2475 5283 ABEUNTES
2502 5246 2564 5283 ΑΒ
2593 5246 2836 5284 εῡιτιοκε
2865 5219 3120 5285 νυιαΑτΑ.

646 5344 723 5396 Β.
741 5341 1197 5393 alt...thensaurum
1221 5338 1268 5384 in
1286 5335 1436 5384 melo.
1462 5335 1538 5383 24.
1565 5337 1746 5386 Videas
1767 5347 1928 5387 autem
1952 5336 2145 5385 illum...

585 5408 712 5458 dixit
740 5403 901 5453 Iesus.
964 5403 1026 5451 25
1065 5397 1273 5448 Facilius
1303 5404 1380 5458 est
1402 5405 1580 5445 autem.
1645 5399 1718 5446 27.
1749 5409 1798 5447 et
1842 5402 1908 5447 ait
1946 5397 2040 5446 illis
2062 5399 2148 5448 Je-

589 5456 717 5527 eus;
759 5464 913 5522 Quae.
977 5464 1054 5510 ‘38.
1102 5473 1206 5520 nos,
1252 5456 1435 5507 relictis
1481 5459 1627 5506 rebus
1671 5462 1863 5523 nostris,
1912 5462 2089 5509 secuti.

2255 5339 2330 5414 29.
2357 5338 2540 5414 Quibus
2563 5343 2780 5414 _itpse‘ait
2803 5341 3157 5414 :_An1eu..._qui
3184 5345 3476 5414 relinquit...
3511 5355 3597 5414 aut
3627 5347 3802 5414 fratres,

2257 5409 2335 5446 aut
2358 5402 2496 5467 lilios.
2562 5401 2638 5449 50.
2665 5403 2757 5450 nisi
2791 5412 2843 5450 ut
2881 5404 3082 5464 recipiat
3097 5401 3286 5467 septies
3306 5401 3488 5456 tantum
3515 5411 3560 5456 in
3585 5411 3672 5457 hoc
3695 5401 3804 5460 tem;

2257 5473 2433 5522 pore...
2455 5465 2596 5510 vitam
2617 5472 2870 5511 aeternam
2894 5465 3176 5525 possidebit}
3239 5467 3320 5516 31.
3346 5481 3409 5516 xu
3431 5469 3695 5532 discipulos.

1857 5560 2217 5616 BLANCHINI
2256 5563 2480 5619 NOTAE.

665 5660 739 5728 (α)
764 5657 1054 5713 Cod.Cant.
1081 5659 1146 5712 τὰ
1171 5653 1276 5730 ἴδιος
1303 5655 1521 5726 ἀφέντες.
1547 5683 1617 5694 -
1651 5651 1726 5722 (ὸ)
1755 5651 1824 5707 ιιι
1855 5665 1909 5710 et
1933 5655 2053 5710 cod.
2082 5653 2236 5713 Cant.
2259 5657 2651 5726 ἅπταπλασίονα.
2677 5688 2748 5700 —-
2869 5659 2944 5716 Ita
2965 5673 3017 5716 et
3040 5673 3146 5721 tex.
3171 5665 3265 5723 Gr.
3285 5667 3416 5744 πρὸς
3445 5663 3672 5735 αὺτούς.-
