3920 6380
534 319 636 373 nos
1055 321 1323 378 susse"
1340 286 1676 377 venerati.
1722 322 2082 379 EVANGEI."

2245 322 2341 379 UM
2371 322 2595 379 VABIIS
2622 321 2772 380 COD.
2793 320 3184 381 αοιιΑτῠιι.
3691 324 3791 380 δθι

910 441 1135 496 CODEX
1180 441 1707 498 VERCELLENSIS.
2637 437 2865 495 CODEX
2901 437 3349 496 VERONENSIS.

538 530 684 584 mine
706 529 944 585 Zacche-
1357 545 1487 599 aput
1511 535 1686 587 virum
2209 531 2355 584 mine
3026 538 3246 596 centes;
3275 531 3398 599 quia

537 614 647 671 ns:
677 611 728 653 et
753 601 838 655 hic
868 611 981 655 erat
1358 615 1698 671 peccatorem
2208 601 2520 655 Zaccheus:
3027 601 3094 655 ad
3122 601 3392 657 hominem

539 668 798 741 Princeps
831 671 930 724 Pu-
1358 668 1636 729 introisset
2208 684 2264 726 et
2293 671 2376 725 hic
2404 680 2520 730 erat
2829 710 2832 713 ι
3029 681 3365 741 peccatorem

537 738 867 792 blicanorttm
891 758 904 793 :
1359 759 1596 798 manere.
2209 742 2470 808 Princeps
3029 738 3278 796 devertit.

540 820 596 862 et
626 809 738 876 ipse
759 819 875 862 erat
1359 814 1414 867 8.
1452 814 1613 868 Stans
1639 823 1816 867 autem

543 879 596 932 3.
641 879 904 950 locuples,
933 891 987 935 et
1359 882 1657 947 Zaccheus,
1683 884 1763 938 di-

2210 811 2643 876 Publicanorum,
2693 857 2696 860 .
3029 811 3082 865 8.
3116 810 3277 866 Stans
3302 821 3510 882 autem,

2210 893 2265 935 et
2291 881 2404 950 ipse
2427 881 2606 942 dives;
3031 881 3320 947 Zaccheus,
3347 882 3431 938 di—

536 948 827 1014 quaerebat
1359 958 1440 1006 xit
1467 952 1532 1007 ad
1566 955 1845 1008 Dominum
1876 972 1888 1006 :
2210 951 2266 1005 3.
2306 948 2360 1004 et
2386 965 2607 1017 quaere-
3033 951 3108 1005 xit
3129 950 3197 1004 ad
3229 951 3332 1005 Do-

537 1018 714 1071 videre
743 1017 925 1072 Jesum
948 1062 962 1084 ,
1360 1023 1499 1077 Ecce
1527 1023 1684 1077 dimi-
2212 1023 2305 1074 hat
2325 1021 2509 1074 videre
3032 1022 3234 1076 minum
3270 1039 3284 1073 :
3308 1021 3450 1079 Ecce

535 1090 625 1154 qui
653 1100 830 1148 esset;
857 1101 912 1141 et
1359 1093 1500 1146 diam
1534 1106 1737 1161 partem
2210 1089 2392 1146 Iesum
2409 1131 2425 1152 ,
2456 1091 2577 1158 quis
3031 1088 3311 1146 dimidium

539 1173 642 1211 non
677 1167 796 1223 pote
805 1170 885 1211 rat
1363 1163 1625 1216 honorum
2212 1169 2358 1215 esset
2376 1175 2390 1224 ;
2418 1169 2474 1214 et
3031 1161 3293 1216 honorum

538 1243 664 1296 prae
691 1229 865 1294 turba,
1363 1249 1628 1297 meorum,
2213 1245 2319 1286 non
2352 1238 2560 1299 poterat
3033 1244 3278 1286 meorum

536 1300 790 1373 quoniam
1362 1303 1611 1368 Domine,
1637 1304 1705 1357 do
1733 1318 1864 1373 pau-
2214 1315 2342 1368 prae
2381 1301 2533 1354 turba
2551 1341 2566 1366 ,
2592 1368 2594 1370 ν
3035 1300 3104 1373 do
3127 1303 3470 1373 pauperibus,

536 1379 738 1442 statura
767 1370 913 1442 bre-ﬂ
1362 1374 1614 1440 peribus;
1644 1385 1697 1427 et
1715 1370 1751 1439 ,'
2213 1373 2347 1442 quia
2362 1381 2562 1442 statura
2745 1391 2748 1395 ι
3034 1370 3288 1442 Domine;
3311 1383 3366 1428 et
3471 1438 3474 1441 _

539 1441 590 1492 4.
632 1437 680 1489 vi
711 1453 846 1491 erat.
879 1441 944 1493 Et
976 1457 1096 1510 pro-
1362 1437 1405 1512 si
1428 1445 1512 1494 cui
1540 1443 1667 1511 quid
1718 1437 1724 1439 ’
2214 1437 2438 1512 pusillus
2461 1451 2597 1494 erat.
3029 1442 3074 1496 si
3105 1441 3230 1512 quid
3257 1437 3411 1499 alicui

536 1522 893 1572 currens,as-
1361 1510 1640 1575 fraudavi,
2211 1511 2266 1566 4.
2310 1510 2372 1564 Et
2401 1524 2776 1578 praecurrens,
3032 1551 3048 1564 .
3123 1510 3140 1563 ζ
3221 1553 3234 1566 .
3314 1553 3327 1566 .
3407 1553 3420 1566 .
3503 1548 3517 1564 .
3600 1549 3615 1562 .

536 1578 717 1650 cendit
741 1581 896 1650 invar-
1363 1584 1712 1650 quadruplum
2215 1581 2454 1634 ascendit
2478 1581 2532 1650 in
3030 1580 3067 1634 li
3094 1578 3299 1650 fraude,
3542 1607 3545 1613 λ

536 1649 721 1721 horem
747 1649 762 1678 ⁸
792 1648 957 1718 Syco—
1364 1648 1604 1706 reddam.
2213 1652 2464 1705 arborem
2487 1649 2588 1721 Sy-
3030 1649 3196 1721 reddo
3219 1648 3600 1721 quadruplum.

537 1669 721 1702 norem
747 1669 762 1678 -
792 1669 957 1718 ayco-
1364 1669 1604 1706 reddam.
2213 1669 2464 1705 arborem
2487 1669 2588 1721 δν·
3030 1669 3196 1705 renuo
3258 1669 3575 1720 nauruptum

537 1718 671 1794 mori
692 1730 793 1794 ,__u_t
821 1721 900 1770 vi-
1365 1723 1421 1794 ε).
1469 1722 1610 1794 Dixit
1643 1724 1717 1794 (ὁ)
1747 1734 1925 1779 autem
1956 1723 1995 1791 ἦ·
2215 1733 2517 1794 corporum,
3122 1669 3310 1794 Aitib)
3331 1732 3512 1776 autem
3537 1719 3581 1791 1·

538 1787 689 1842 deret
717 1789 863 1842 illum
887 1806 901 1852 ;
1364 1790 1518 1846 Iesus
1546 1793 1608 1844 ad
1639 1787 1760 1847 illos
1797 1814 1809 1847 :
1971 1787 1983 1791 ’
2217 1801 2276 1844 ιιι
2297 1791 2504 1844 videret
3037 1787 3198 1846 Iesus
3221 1787 3286 1846 ad

537 1858 786 1926 quoniam
1365 1861 1498 1927 Quia
1533 1862 1691 1916 hodie
2217 1861 2398 1922 illum;
2429 1858 2550 1927 quia
3038 1860 3204 1915 illos:
3237 1861 3388 1929 Quod

541 1945 635 1998 per
662 1929 749 1981 illa
779 1945 900 2000 par-
1366 1932 1511 1984 salus
1537 1934 1718 1987 domui
2218 1930 2306 1984 illa
2336 1939 2486 1998 parte
2514 1999 2521 2000 ί
3039 1929 3200 2000 hodie
3230 1935 3374 1985 salus

543 2009 596 2052 te
627 1998 877 2052 transitu-
1366 2001 1491 2055 huic
1520 2002 1659 2056 facta
1945 2031 1954 2039 ν
2220 2010 2332 2053 erat
2359 1999 2553 2053 transi-
2609 2064 2611 2066 η
3038 1998 3217 2056 domui
3241 2003 3363 2056 huic

544 2078 803 2140 rus_erat.
1363 2081 1474 2132 est;
1508 2074 1760 2140 quoniam
2217 2070 2271 2140 5.
2314 2077 2484 2123 turus.
2519 2067 2588 2120 Et
3035 2068 3178 2125 facta
3206 2081 3329 2136 est;

545 2141 610 2210 5._
645 2138 708 2210 Et
737 2137 929 2192 factum
961 2151 1046 2193 est
1363 2137 1580 2210 quidem
1604 2152 1660 2196 et
2219 2139 2418 2210 factum
2444 2148 2528 2194 est
2629 2207 2639 2210 _
3039 2153 3107 2194 eo
3134 2142 3275 2210 quod
3296 2152 3351 2196 et

544 2206 620 2279 (α)
643 2209 767 2281 dum
801 2213 995 2281 transif
1017 2280 1042 2281 Π
1366 2206 1453 2264 hic
1483 2212 1623 2264 (ilius
1650 2223 1733 2266 est
2226 2209 2302 2281 (α)
2329 2224 2448 2281 cui“
2477 2207 2670 2262 ll'anSi-
3039 2206 3257 2278 ἰρεέείι
3283 2211 3423 2267 Illius

543 2278 628 2350 ret
660 2278 698 2347 ’ζ-
729 2278 905 2344 Jesus,
938 2279 1073 2332 vidit
1368 2281 1456 2333 it).
1501 2283 1765 2336 Abrahae.
1793 2281 1894 2336 Ve-
2220 2278 2304 2350 ret
2323 2279 2361 2350 -ιι
2380 2279 2537 2334 Jesus
2562 2317 2577 2344 ,
3039 2281 3308 2337 Abrahae.

544 2348 727 2409 illum;
751 2362 798 2402 et
827 2365 940 2403 res-
1366 2353 1448 2404 nit
1473 2352 1614 2406 enim
1646 2351 1731 2406 Fi-
2219 2348 2350 2403 vidit
2375 2351 2537 2404 illum-
3040 2350 3126 2405 10.
3159 2350 3316 2406 Venit
3345 2353 3489 2408 enim

545 2421 768 2488 piciens.
797 2420 933 2473 dixit
1368 2421 1473 2474 lius
1505 2422 1675 2474 homi-
2217 2421 2590 2486 respicientem
2609 2459 2626 2484 ,
3036 2420 3206 2476 Filius
3233 2422 3464 2477 hominis

547 2490 596 2543 ei
629 2505 642 2542 :
667 2489 940 2544 Zacchaee
959 2532 971 2554 ,
1369 2493 1454 2544 nis
1480 2493 1686 2546 salvum
2216 2500 2271 2544 et
2293 2489 2426 2543 dixit
2453 2488 2519 2543 ad
3035 2507 3314 2558 quaerere,
3345 2503 3399 2547 et

543 2560 806 2632 festinans
1367 2561 1567 2628 facere,
1599 2575 1652 2617 et
1681 2579 1841 2632 quae-
2142 2617 2143 2620 η
2214 2575 2337 2632 eum
2371 2580 2383 2613 :
2411 2558 2708 2632 Zacchaee,
3035 2563 3239 2616 salvum
3263 2563 3459 2627 facere,

545 2629 843 2704 descende,
1367 2648 1490 2687 rere
1517 2629 1711 2704 perdi?
2216 2631 2474 2704 festinans
2497 2630 2594 2704 de-
3033 2633 3456 2704 quod_perierati

544 2703 794 2771 quoidam
1365 2700 1530 2756 tum.’
2213 2700 2432 2771 scende,
2463 2701 2587 2770 quia
3033 2703 3121 2755 ii.
3154 2701 3296 2756 Haec
3318 2703 3427 2758 illis

544 2770 704 2825 hodie
731 2772 784 2825 in
811 2771 908 2823 do-
1367 2779 1455 2828 11.
1496 2777 1516 2806 ³
1549 2774 1903 2830 Andientibus
2214 2770 2376 2825 hodie
2398 2771 2451 2824 in
3032 2773 3370 2827 audientibus

544 2857 632 2896 mo
660 2851 744 2894 tua
774 2857 935 2910 opur-
1363 2854 1544 2898 autem
1574 2846 1706 2900 Ιιειιοο
2207 2841 2374 2896 domo
2407 2853 2495 2896 tua
2535 2876 2539 2883 -
3037 2882 3052 2895 .
3090 2882 3104 2894 .
3139 2882 3153 2896 .
3190 2883 3204 2897 .
3240 2882 3252 2895 .
3282 2857 3400 2909 ens,

545 2923 621 2967 tet
643 2928 728 2967 me
754 2927 866 2965 ma-
1364 2913 1492 2972 illis.
1518 2915 1768 2980 addidit,‘
2213 2922 2427 2981 oportet
2456 2927 2542 2965 me
2585 2979 2596 2981 _
3031 2911 3164 2965 dixit
3186 2912 3365 2968 simili-

449 3035 451 3038 .
547 2997 697 3054 nere.
736 3053 745 3054 ί
838 3051 847 3054 Α
1365 2983 1554 3037 dicens
1585 2979 1744 3054 para-7
2214 2979 2268 3054 6.
2312 2979 2643 3054 manere.Et
3029 2981 3266 3054 tudinem
3300 2998 3404 3038 :eo

545 3052 600 3124 (ξ.
643 3053 706 3104 Et
730 3051 988 3124 festinans
1369 3055 1544 3107 bolum
1569 3051 1676 3118 {eo
1699 3057 1840 3124 quod
2214 3053 2502 3124 festinans,
2537 3051 2629 3104 de—
3033 3051 3174 3119 quod
3197 3059 3343 3124 esset

546 3121 858 3187 descendit,
1369 3133 1515 3177 esset
1530 3124 1682 3192 juxta
1717 3120 1729 3124 ”
2216 3122 2427 3192 scendit
2444 3131 2540 3192 ;Aet
2673 3135 2699 3162 ο
3032 3135 3199 3190 prope
3223 3120 3354 3176 Hie-

546 3201 602 3246 et
630 3195 840 3258 excepit
871 3192 926 3244 il-
1370 3189 1726 3258 llieruSalem,
2215 3189 2424 3260 excepit
2449 3190 2595 3244 illum
3032 3193 3287 3250 rusalem.
3313 3199 3369 3244 et

541 3262 651 3316 lum
681 3262 939 3330 gaudens.
1369 3267 1423 3317 et
1445 3265 1584 3331 quod
1614 3275 1761 3331 puta-
2214 3263 2471 3330 gaudens.
3034 3261 3158 3329 Quia
3187 3261 3372 3314 existi-

545 3335 598 3386 7.
641 3333 846 3386 Etcum
878 3333 1040 3387 vidis-
1367 3330 1528 3398 bant,
1553 3330 1674 3399 quia
2215 3331 2270 3385 7.
2314 3333 2394 3395 Et,
2424 3345 2543 3385 cum
3035 3341 3266 3399 marem,
3291 3330 3432 3397 quod

541 3414 664 3456 sent
687 3417 877 3456 omnes
895 3445 908 3466 ,
1369 3398 1653 3458 confestim
2215 3403 2459 3457 viderent
2479 3415 2664 3456 omnes
2683 3443 2698 3468 ,
3036 3398 3316 3455 confestim
3346 3414 3432 3456 re-

539 3488 838 3527 murmura-
925 3543 930 3544 7
1369 3477 1720 3544 regnum-Dei
2212 3489 2456 3528 murmu-
2551 3542 2582 3544 Η
3033 3486 3205 3544 gnum
3233 3469 3323 3526 Dei

539 3544 577 3598 ti
609 3553 770 3609 sunt,
796 3543 936 3613 quod
1367 3540 1674 3602 manifesta-
2213 3552 2499 3610 raverunt,
2531 3542 2634 3598 di-~
2960 3554 2962 3556 '
3036 3540 3343 3598 manifeSta-

1837 3686 2062 3742 CODEX
2099 3684 2486 3740 BRleANUS.

543 3779 685 3832 mine
705 3778 999 3832 Zaccheus.
1037 3779 1124 3831 hic
1154 3789 1269 3832 erat
1311 3779 1565 3847 Princeps
1589 3780 2025 3833 Publicanorum.
2058 3789 2112 3831 et
2220 3779 2434 3831 intravit
2462 3792 2696 3847 manere.
2737 3777 2895 3832 Stans
2919 3788 3095 3831 autem
3121 3777 3388 3832 Zaccheus
3415 3777 3552 3832 dixit
3575 3777 3644 3832 ad
3677 3777 3786 3832 Do-

539 3849 1336 3916 istecratdives.etquat-rebat
1355 3846 2113 3917 viderelesumquisessetxt
2217 3849 2442 3900 minum.
2477 3846 2614 3901 Ecce
2654 3847 3230 3917 dimidiunrbonorutn
3277 3863 3515 3901 meorum
3559 3848 3787 3902 Domine

541 3933 647 3972 nun
677 3927 881 3984 poterat
913 3933 1038 3986 prae
1064 3915 1238 3969 turba.
1266 3922 1389 3986 quia
1410 3929 1610 3972 statura
1637 3915 1856 3986 pusillus
1878 3927 2011 3972 erat.
2049 3919 2113 3970 Et
2217 3918 2286 3970 do
2309 3919 2648 3985 pauperibus.
2682 3927 2734 3968 et
2762 3917 2804 3968 si
2837 3915 2960 3983 quid
2991 3916 3223 3984 aliquem
3257 3917 3512 3982 fraudavi,
3547 3917 3786 3986 quadru-

450 4029 452 4032 τ
537 4002 894 4059 praecurrens
924 3989 1164 4041 ascendit
1204 3990 1254 4040 in
1286 3991 1534 4042 arborem
1565 3993 1913 4059 SyComorum
1949 3998 2005 4042 ut
2033 3988 2112 4040 vi-
2219 3987 2361 4059 plum
2409 3986 2732 4059 reddo._Ait
2779 3986 2852 4059 (lg)
2883 3997 3055 4059 autem
3081 3986 3119 4054 -ι-
3162 3987 3225 4037 ad
3255 4001 3377 4039 eum
3420 3986 3596 4040 Jesus.
3650 3988 3783 4051 Quia

538 4057 690 4110 deret
717 4059 862 4127 illum
891 4059 1012 4127 quia
1041 4060 1162 4111 inde
1187 4065 1304 4110 erat
1331 4055 1669 4114 transiturus.
1705 4061 1906 4112 Etcum
1939 4060 2112 4111 venis-
2217 4058 2376 4110 hodie
2405 4059 2549 4110 salus
2592 4056 2768 4109 domui
2794 4055 2940 4127 huic
2970 4055 3106 4108 facta
3136 4063 3253 4127 est.
3287 4070 3363 4127 eo
3396 4059 3624 4127 quodet
3672 4059 3786 4123 ipse

539 4136 622 4180 set
662 4126 725 4176 ad
756 4123 926 4180 locum
957 4130 1253 4194 suscipiens
1280 4129 1434 4182 Jesus
1459 4134 1588 4184 vidit
1621 4131 1767 4183 illum
1797 4142 1849 4182 et
1879 4131 2012 4182 dixit
2046 4129 2112 4182 ad
2214 4129 2351 4182 filius
2382 4127 2448 4182 sit
2489 4127 2760 4182 Abrahae.
2793 4126 2949 4180 Venit
2983 4131 3122 4178 enim
3156 4124 3323 4178 Filius
3353 4123 3584 4194 hominis
3611 4141 3780 4193 quae-

540 4211 682 4248 enm.
707 4195 941 4250 Zicrhee
962 4193 1218 4251 festinans
1238 4199 1520 4279 descende.
1553 4202 1923 4279 qtliallttdle‘llt
1953 4202 2110 4279 domo
2213 4215 2331 4279 rere
2366 4208 2423 4279 et
2454 4200 2661 4279 salvum
2686 4199 2859 4279 facere
2898 4195 3036 4277 quod
3072 4205 3322 4279 perierat.
3372 4193 3512 4248 Haec
3555 4194 3664 4279 illis
3689 4211 3782 4247 au-

540 4273 627 4318 tua
657 4276 864 4332 Oportet
907 4283 991 4319 me
1042 4285 1276 4320 manere.
1325 4272 1386 4323 Et
1435 4264 1692 4324 festttiatts
1735 4264 2014 4324 desc‘endit
2055 4278 2110 4323 et
2210 4269 2480 4322 dientibus
2527 4268 2762 4321 adiciens
2807 4264 2949 4320 dixit
2993 4266 3298 4333 parabolam
3339 4279 3403 4318 eo
3449 4264 3590 4332 qttod
3628 4275 3782 4318 esset

539 4336 748 4408 excepit
778 4337 922 4408 illum
947 4338 1202 4402 gaudens.
1234 4338 1300 4408 Et
1326 4355 1442 4392 cum
1473 4341 1719 4393 viderent
1748 4355 1933 4394 Omnes
1960 4355 2104 4393 tnur-
2210 4354 2371 4408 prolie
2403 4339 2749 4392 Hierusalem.
2785 4348 2838 4391 et
2869 4339 2991 4408 quia
3021 4337 3389 4390 existimarent
3421 4335 3563 4404 quod
3594 4333 3779 4389 coofe»

540 4407 819 4457 murahant
847 4405 1107 4457 dicentes.
1155 4407 1297 4474 quod
1345 4409 1408 4460 ad
1453 4411 1716 4463 hominem
1769 4410 2104 4478 peccator'em
2206 4405 2328 4464 stim
2361 4424 2582 4477 regnum
2614 4409 2707 4462 Dei
2752 4406 3056 4462 manifesta-

1795 4539 2020 4595 CODEX
2060 4540 2517 4598 CORBEIENSIS.

603 4633 656 4686 4.
699 4633 824 4703 quia
854 4632 940 4686 illa
973 4641 1124 4698 parte
1155 4641 1268 4686 erat
1303 4633 1640 4703 transiturus.
1975 4701 2006 4703 Η
2205 4644 2441 4686 catorem
2471 4633 2687 4686 divertit
2712 4648 2946 4689 manere.

605 4704 657 4757 5.
703 4700 766 4757 Et
807 4704 998 4756 factum
1043 4715 1126 4756 est
1154 4703 1278 4756 dum
1313 4703 1500 4756 transit
1539 4700 1728 4765 Jesus,
1777 4703 1910 4755 vidit
1955 4701 2104 4754 illum
2278 4703 2330 4755 8.
2371 4712 2446 4764 et,
2476 4704 2520 4754 si
2551 4704 2674 4769 quid
2706 4704 2862 4756 alicui
2894 4704 3151 4760 fraudavi.

533 4787 743 4828 sursum
776 4776 1038 4840 aspicit-us
1070 4815 1081 4826 .
1117 4815 1128 4826 .
1163 4813 1176 4825 .
1211 4814 1223 4824 .
1256 4773 1377 4840 quia
1405 4774 1454 4826 in
1478 4773 1640 4827 domo
1668 4783 1751 4826 tua
1779 4780 1991 4840 oportet
2019 4786 2105 4825 me
2274 4771 2326 4824 9.
2371 4771 2458 4842 Ait
2485 4782 2659 4842 autem
2688 4771 2842 4842 Jesus
2872 4775 2936 4826 ad
2965 4775 3121 4830 illos:
3154 4773 3304 4842 Quod
3335 4772 3515 4829 hodie.

535 4844 802 4915 prandere
832 4845 1008 4896 hodie.
1563 4913 1576 4915 _
1657 4912 1698 4915 Α
1819 4913 1828 4915 _
2278 4842 2362 4915 μ.
2408 4841 2547 4894 Haec
2574 4841 2676 4893 illis
2703 4841 3068 4915 audientibus,
3093 4841 3383 4915 adjiciens,
3417 4844 3557 4898 dixit
3588 4845 3775 4900 simili-

606 4914 658 4967 7.
699 4928 907 4978 omnes,
935 4923 1420 4979 murmuraverunt,
1440 4913 1580 4983 quod
1605 4913 1669 4967 ad
1688 4912 1957 4966 hominem
1984 4926 2105 4981 pec-
2190 4910 2474 4975 tudinem;
2507 4925 2573 4964 eo
2595 4911 2756 4980 quod.

1762 5008 2147 5080 VABIANTES
2184 5022 2580 5080 LECTIONES.

595 5119 610 5146 ¹
649 5118 753 5167 σω.
778 5123 822 5167 et
846 5121 963 5166 Mm.
988 5118 1302 5179 Sycimorum.
1337 5121 1479 5183 Vulg.
1501 5122 1828 5183 Sycomorum.
2267 5119 2286 5148 ⁸
2322 5120 2441 5166 Mm.
2467 5117 2758 5166 dicentibus.
2792 5117 2937 5182 Vulg.
2961 5119 3292 5172 Audientibus.

1220 5236 1503 5274 LECTIONES
1529 5236 1726 5276 CODICIS
1747 5235 2148 5278 νιβυειιοκειιῖειε
2169 5236 2440 5276 ABEUNTBS
2472 5238 2536 5275 ΑΒ
2565 5237 2814 5277 ευιτιοηε
2836 5239 3094 5278 νυιωτλ.

589 5325 699 5397 Cia.
728 5322 848 5398 ᾎῙΧ.
881 5351 937 5362 --
959 5331 1002 5378 2.
1040 5328 1126 5376 Hic
1151 5329 1528 5399 erat.Princeps.
1595 5335 1625 5382 4
1668 5341 1721 5381 ut
1744 5336 1934 5384 videret
1959 5334 2092 5381 illum
2197 5329 2333 5380 Ibid.
2367 5336 2410 5382 si
2480 5334 2561 5382 uid
2593 5333 2735 5383 alicui
2767 5334 2933 5385 fraude
2959 5335 3160 5395 abstuli,
3187 5339 3354 5389 reddo.
3419 5342 3469 5391 9.
3497 5344 3582 5393 Ait
3604 5352 3766 5393 autem

606 5401 716 5442 quia
743 5385 822 5435 illa
846 5394 982 5442 parte
1010 5399 1112 5432 erat
1137 5397 1439 5438 transnturus.
1506 5393 1550 5442 ὅ.
1592 5394 1651 5442 Ει
1673 5396 1847 5442 factum
1884 5404 1961 5442 est
1981 5396 2093 5442 dum
2197 5393 2341 5442 Jesus
2365 5397 2421 5442 ad
2441 5349 2578 5442 ﬂius:
2601 5396 2735 5442 Ouod
2759 5397 2924 5442 hodie-
2948 5397 3083 5442 Ibid.
3108 5397 3234 5442 ﬁlius
3254 5407 3342 5442 est.
3414 5402 3489 5442 m_
3514 5403 3662 5442 νμηίι
3692 5420 3766 5442 ιη.

528 5419 582 5455 ...
606 5385 822 5455 quia_illa
846 5394 1112 5455 part(:__erat
1137 5393 1439 5455 transiturus.
1462 5385 1472 5393 ’
1506 5393 1550 5442 ὅ.
1592 5394 1651 5442 Ει
1673 5396 1847 5444 factum
1884 5404 1961 5444 est
1981 5396 2093 5443 dum
2197 5393 2341 5455 Jesus
2365 5397 2421 5442 ad
2441 5385 2578 5444 illus:
2601 5396 2735 5454 Quod
2759 5397 2924 5446 hodie.
2948 5385 3083 5448 Ibid.
3108 5385 3235 5448 illius
3249 5385 3353 5449 est.
3414 5385 3767 5455 {diem};

527 5447 1273 5528 transiuiesusz‘vitiitz.sui.qu
1306 5453 1568 5528 aspiciens,
1593 5461 1646 5528 et
1664 5457 1785 5528 dixit
1815 5456 2031 5528 adﬁeum.
2198 5455 2298 5505 tem
2317 5447 2811 5521 Filius...et§alvare,
2830 5461 2974 5520 quod.
3017 5447 3116 5510 iii.
3134 5447 3764 5528 similitudinem-ecquod.

527 5508 577 5553 7.
603 5514 992 5570 murmurat-unt,
1036 5509 1179 5569 quod.
1246 5509 1294 5559 7.
1337 5508 1564 5563 divertit.
1619 5517 1665 5565 8.
1690 5517 1830 5568 Deest
1867 5517 2092 5568 Domine.

1816 5619 2178 5677 BLANCHINI
2207 5622 2434 5682 NOT/E.

600 5723 675 5793 (α)
697 5724 767 5782 lta
797 5737 850 5782 et
890 5729 1012 5783 cod.
1052 5727 1205 5785 Cant.
1245 5732 1298 5785 ἕν
1320 5742 1398 5808 τῷ
1425 5733 1742 5808 διέρχισθαι.
1767 5767 1835 5779 -
1859 5736 1934 5807 (ὁ)
1965 5735 2146 5803 Addit,
2173 5746 2360 5807 autem,
2386 5740 2546 5798 etiam
2579 5752 2686 5800 tex.
2725 5743 2817 5799 Gr.
2843 5743 2918 5798 δέ.
