5106 6488
210 251 309 312 669

206 457 404 512 Domini
433 456 535 512 illi-

202 544 263 583 us
290 528 363 581 ad
383 528 500 583 illos
533 546 548 583 :

200 599 333 668 Quid
363 598 568 654 solvitis

201 671 285 727 54.
327 669 578 739 pullum?
616 688 624 693 ί

199 742 445 797 dixerunt
476 761 490 797 :

197 812 326 879 Quia
353 812 580 872 Domino

198 898 295 939 SUO
321 899 508 941 neces-

196 955 367 1013 Sarius
392 968 494 1013 est.

194 1026 287 1081 35.
327 1026 388 1081 Et
414 1029 648 1089 adduxe-

196 1105 317 1166 runt
346 1098 364 1129 ¹
394 1098 544 1166 illum

193 1167 256 1221 ad
284 1164 489 1226 Jesum.
508 1164 587 1231 Et

197 1237 555 1298 subSternen-'

200 1317 279 1363 tes
308 1315 597 1371 vestimen-

203 1390 249 1434 ta
270 1394 375 1452 sua
402 1397 572 1452 super

197 1450 401 1520 pullum
425 1495 441 1515 .
476 1450 562 1511 in-

230 1534 498 1581 osuerunt

226 1608 315 1646 esu
323 1608 395 1648 nt.

194 1662 281 1719 36.
324 1664 551 1727 Euntem
576 1684 675 1726 aus

142 1736 143 1739 “
196 1743 299 1799 tem
324 1734 422 1792 illo
441 1781 459 1805 ,
487 1741 642 1797 subs-

196 1807 480 1870 tergtebant

191 1875 240 1930 ei
272 1881 565 1934 vestimen-

194 1953 243 1999 ta
270 1960 363 1999 sua
392 1949 445 2003 in
485 1951 588 2007 via.

193 2015 281 2069 37.
322 2017 402 2073 Ad
410 2023 631 2093 propin-

190 2097 388 2155 quantc
413 2107 512 2146 au-

189 2167 296 2211 tem
325 2171 392 2213 eo
426 2161 496 2217 ad
526 2163 637 2220 dis-

186 2241 404 2282 censum
452 2249 609 2290 mon.

194 2299 259 2352 tis
287 2296 485 2357 Olivcti
504 2345 521 2370 ,

190 2373 363 2437 coepit
392 2378 571 2432 onmis

190 2440 212 2470 ²
240 2440 525 2500 multitudo

188 2511 423 2580 gaudens
450 2530 580 2573 con—

188 2580 404 2637 laudare
434 2584 601 2644 Deum

196 2665 328 2726 voce
357 2659 507 2726 mag-

190 2722 361 2795 nade
382 2722 577 2795 quibus

189 2792 444 2851 videbant
468 2813 589 2856 om-

184 2863 341 2920 nibus
364 2868 475 2922 vir—

187 2933 278 2991 58.
316 2940 518 2996 tutibus
538 2984 554 3008 ,
579 2936 664 2998 di-

183 3019 373 3063 centes
402 3027 417 3065 :
450 3011 550 3069 Be-

183 3079 431 3155 nedictus
453 3124 485 3155 ,7
528 3131 536 3155 ,

184 3151 273 3218 qui
300 3153 449 3207 venit
477 3154 529 3208 in

184 3221 401 3277 nomine
431 3224 643 3283 Domini
667 3245 682 3280 :

184 3290 498 3349 benedictus

184 3358 296 3415 Rex
326 3379 342 3415 :
374 3380 481 3432 pax
510 3366 564 3420 in

181 3431 333 3485 caelo
356 3431 383 3500 ,⁷
402 3446 460 3489 et
486 3436 600 3506 glo-

1256 255 1387 311 EVA
1399 254 1699 311 NGEIJUM
1731 253 2099 313 SECUNDUM
2128 257 2383 314 LUCAH.
3350 262 3451 316 670

598 363 821 421 CODEX
868 365 1398 424 VERCELLENSIS.

1046 460 1134 514 '59.
1176 461 1274 513 ria.
1306 461 1372 515 Et

1047 528 1310 612 {quidam
1332 531 1473 589 Pha-

1043 615 1335 657 rtsaeorum

1039 670 1107 726 de
1129 674 1282 727 turba
1309 674 1390 728 di-

1039 754 1232 797 xerunt
1261 744 1327 798 ad

1021 811 1190 873 .illum
1224 831 1235 885 ς
1269 815 1459 885 Magis-

1042 892 1122 956 ter
1140 924 1155 950 ,
1184 884 1403 956 objurga

1037 952 1125 1010 40.
1169 952 1306 1010 illos.
1332 952 1439 1024 Qui
1462 957 1545 1013 di-

1035 1024 1110 1078 xit
1144 1025 1223 1079 eis
1255 1044 1268 1079 :
1304 1028 1432 1083 Dico

1034 1095 1186 1149 vobis
1200 1098 1287 1178 nsi
1311 1097 1397 1153 isti

1040 1175 1301 1223 tacuerint
1319 1210 1335 1235 ,

1036 1235 1239 1306 lapides
1261 1241 1370 1295 cla-

1035 1307 1272 1364 mabunt.

1030 1378 1120 1456 μ.
1165 1378 1228 1433 Et
1251 1397 1375 1437 cum
1396 1384 1591 1456 adpro-

1027 1452 1373 1535 ρξιιςιυειξεει,

1028 1534 1141 1574 Visa
1164 1534 1352 1579 ΕΙνὶιᾶ-

992 1662 993 1665 η
1025 1600 1104 1653 te,
1140 1590 1285 1649 ﬂevit
1308 1610 1400 1650 su-

1020 1675 1119 1733 per
1144 1672 1259 1718 cam
1283 1707 1300 1733 ,
1328 1667 1410 1722 di-

1019 1732 1109 1786 42.
1157 1749 1285 1790 cens
1315 1755 1328 1790 :
1362 1738 1383 1769 ἰ
1412 1734 1615 1806 Quom-

1019 1808 1104 1857 aui
1132 1808 1176 1866 si
1208 1809 1377 1862 scires

1021 1882 1075 1954 tu
1092 1921 1111 1954 ι
1135 1892 1457 1954 quamquam

1020 1952 1073 1997 in
1100 1952 1200 2006 bac
1228 1958 1317 2019 tua
1338 1952 1455 2019 die,

999 2030 1152 2084 ‘qnae
1179 2017 1244 2073 ad
1272 2017 1454 2089 pacem

1021 2100 1161 2147 tuam
1177 2134 1192 2157 ,
1228 2092 1454 2149 abscon-

1019 2175 1082 2215 sa
1108 2173 1291 2219 essent
1319 2164 1389 2218 ab

1022 2230 1134 2315 ἐᾷ’
1154 2233 1327 2314 Gallis
1351 2253 1364 2288 :
1388 2254 1520 2309 quo.

1022 2318 1162 2359 niam
1189 2318 1340 2357 vent-

1018 2383 1112 2428 ent
1139 2376 1255 2429 dies
1286 2389 1377 2428 su-

1017 2458 1216 2515 perte,
1240 2452 1294 2498 et
1315 2446 1417 2503 ini-

1015 2514 1159 2572 cietit
1180 2514 1357 2569 inimi-

1014 2588 1065 2643 ci
1095 2588 1171 2641 tui
1199 2600 1414 2655 saepem
1438 2632 1453 2656 ,

922 2699 928 2706 .
1015 2668 1069 2714 et
1087 2659 1318 2713 circum-

1016 2729 1217 2785 dabunt
1245 2738 1296 2783 te
1317 2772 1330 2791 ,

1016 2808 1072 2855 et
1094 2800 1337 2855 contine-

1014 2871 1145 2927 bunt
1176 2882 1227 2926 te
1257 2886 1355 2926 un-

1012 2942 1104 2997 44.
1145 2942 1305 3017 dique
1330 2985 1344 3009 ,
1366 2956 1421 3001 et
1451 2961 1541 3017 pa-

1018 3016 1391 3071 vimentabunt

1014 3096 1064 3142 te
1084 3125 1101 3153 ,
1129 3098 1183 3142 et
1209 3086 1229 3117 ⁸
1260 3098 1415 3168 natos

1013 3170 1164 3219 tuos.
1191 3173 1284 3228 qui
1308 3173 1362 3213 ιιι
1390 3206 1395 3217 ,

1013 3237 1065 3282 te
1090 3240 1246 3293 sunt,
1270 3238 1325 3283 ει
1350 3245 1455 3286 non

1010 3298 1314 3368 relinquent

1010 3369 1236 3438 lapidem
1268 3385 1363 3423 su-

1009 3437 1104 3508 pra
1132 3437 1363 3509 lapidem

180 3792 304 3835 runt
335 3784 490 3858 illum
523 3788 588 3841 ad
622 3789 804 3842 .Icsnm
833 3802 887 3844 et
910 3788 1245 3858 juctaverunt
1297 3791 1608 3843 vestimenta
1660 3806 1754 3844 sua

181 3867 341 3939 supra
392 3857 696 3939 pullum‘et
727 3857 1078 3939 inposuerunt
1124 3858 1327 3939 Jesum.
1363 3860 1753 3939 Euiite_atttent

184 3923 297 3995 illu.
326 3928 744 3983 substernebnnt
771 3923 1083 3984 vestimenta
1131 3945 1221 3995 sua
1268 3923 1329 3983 'in
1385 3932 1489 3984 via.
1528 3930 1592 3983 Et
1633 3946 1755 3985 cum

180 3994 637 4065 adpropinquaret
683 4000 793 4069 jam
848 4001 914 4053 ad
951 4000 1267 4053 descensum
1311 4002 1507 4052 momis
1537 4001 1751 4053 Uliveti.

179 4077 479 4136 cceperunt
504 4084 693 4123 omnes
739 4072 926 4124 turbae
954 4071 1269 4121 discentium
1320 4071 1612 4136 gaudentes
1644 4071 1756 4122 lau-

180 4133 310 4190 dare
339 4141 517 4209 ticum
561 4154 691 4194 voce
732 4155 917 4209 magna
964 4138 1030 4209 de
1069 4133 1549 4209 omnilius'quilms
1576 4140 1753 4209 qvide-

180 4216 303 4274 rant
332 4208 641 4261 virtutibus.
699 4206 959 4262 dicentes.
990 4206 1307 4260 Benedictus
1344 4210 1431 4274 qui
1468 4208 1606 4261 venit
1640 4208 1751 4261 Rex

180 4272 500 4347 in_nomjue
552 4280 782 4331 Domini.
835 4292 934 4345 pax
981 4279 1033 4331 in
1076 4276 1227 4330 cat-lo
1268 4288 1322 4331 et
1349 4272 1517 4347 gloria
1566 4278 1614 4330 in
1658 4293 1753 4331 ex-

178 4343 359 4398 celsis.
394 4346 462 4400 Et
504 4347 723 4415 quidam
761 4343 1167 4402 Pharisaeorum
1205 4347 1273 4402 de
1304 4343 1455 4403 tu'rba
1500 4348 1754 4403 dixerunt

2313 371 2541 429 CODEX
2585 373 3024 430 VERONENSIS.

1897 500 1911 515 0
1988 506 2005 520 ο
2087 506 2098 517 0
2179 507 2191 519 0
2274 507 2287 521 0
2368 507 2381 519 0
2462 509 2473 521 ι
2554 504 2569 519 0
2722 510 2734 521 0
2813 509 2827 521 0
2906 508 2922 523 0
3002 510 3015 522 0
3096 510 3107 523 0
3191 510 3204 523 0
3281 509 3294 522 0
3372 507 3390 525 0

1897 576 1908 586 0
1990 576 2003 589 0
2084 576 2096 588 0
2180 580 2189 591 ο
2274 579 2285 593 ι
2367 578 2379 589 0
2462 577 2475 590 0
2555 575 2570 591 0
2718 579 2732 593 0
2811 579 2825 592 0
2905 579 2920 593 0
3000 581 3013 593 0
3093 581 3107 594 0
3189 581 3203 594 0
3282 582 3293 593 0
3374 579 3387 594 0

1893 858 1908 873 0
1986 861 2001 874 0
2081 861 2094 875 0
2174 862 2189 876 0
2270 864 2284 877 0
2365 862 2378 876 0
2460 849 2475 875 0
2552 860 2566 875 0
2717 862 2733 878 0
2812 865 2827 879 0
2905 863 2921 877 0
2997 863 3013 879 0
3090 864 3105 877 0
3185 862 3199 875 ο
3279 865 3297 881 0
3376 862 3392 877 ο

1887 1354 1903 1369 θ
1980 1358 1996 1373 0
2076 1358 2091 1374 0
2170 1356 2187 1372 0
2264 1360 2276 1373 0
2359 1358 2375 1373 0
2386 1344 2389 1349 Ι
2452 1357 2471 1375 ο
2547 1356 2565 1372 0
2713 1360 2726 1373 0
2806 1364 2822 1379 ο
2899 1363 2914 1377 ο
2996 1361 3009 1374 0
3088 1360 3104 1375 0
3182 1358 3197 1375 0
3278 1359 3294 1375 0
3371 1358 3383 1371 ο

1887 1426 1902 1440 ο
1982 1427 1997 1445 0
2073 1430 2090 1446 0
2170 1430 2186 1445 0
2262 1431 2276 1444 0
2356 1430 2372 1446 0
2451 1425 2468 1443 0
2546 1431 2559 1443 0
2713 1430 2726 1444 0
2810 1432 2825 1446 0
2905 1434 2918 1448 ο
2998 1432 3011 1446 0
3091 1430 3105 1445 0
3184 1428 3201 1445 0
3280 1429 3296 1444 0
3373 1429 3387 1443 0

1886 1566 1901 1581 ⁸
1980 1573 1993 1589 ο
2072 1572 2086 1585 0
2168 1573 2181 1586 ο
2261 1574 2277 1589 0
2356 1570 2372 1585 0
2451 1571 2467 1586 0
2546 1573 2562 1595 ν
2711 1573 2726 1587 0
2804 1573 2819 1587 0
2900 1572 2915 1588 0
2990 1571 3012 1586 ο
3089 1574 3105 1589 0
3183 1571 3199 1587 0
3277 1570 3293 1585 0
3373 1572 3386 1586 0

1883 1781 1897 1797 0
1977 1783 1991 1796 0
2073 1783 2087 1796 0
2165 1785 2179 1800 0
2262 1786 2274 1799 0
2353 1785 2367 1800 0
2447 1782 2465 1800 ι
2544 1784 2558 1797 0
2710 1785 2726 1800 0
2804 1788 2818 1801 0
2898 1787 2913 1800 0
2994 1785 3009 1800 0
3086 1786 3100 1798 0
3179 1787 3193 1800 0
3275 1784 3290 1798 0
3372 1783 3383 1792 ·

3057 1840 3063 1847 ι

1880 2210 1894 2223 0
1975 2210 1989 2223 0
2069 2211 2084 2225 0
2163 2209 2177 2225 0
2257 2212 2270 2225 0
2350 2212 2365 2225 0
2446 2211 2459 2225 0
2542 2207 2558 2222 ο
2709 2209 2723 2224 0
2804 2213 2818 2227 ο
2899 2212 2913 2225 0
2993 2210 3005 2223 0
3087 2210 3100 2224 0
3180 2208 3196 2224 0
3276 2210 3291 2222 0
3370 2208 3385 2221 ο

1876 2421 1891 2436 0
1969 2423 1985 2439 α
2066 2421 2079 2435 0
2160 2424 2175 2436 0
2254 2423 2267 2436 0
2348 2422 2362 2435 0
2443 2419 2460 2435 0
2539 2422 2555 2436 0
2707 2424 2721 2438 0
2801 2421 2815 2437 0
2895 2423 2912 2441 ο
2987 2423 3000 2438 0
3081 2420 3097 2438 0
3175 2419 3193 2436 0
3270 2419 3287 2436 0
3368 2421 3381 2434 0

1877 2494 1891 2507 0
1970 2493 1987 2507 0
2066 2492 2081 2507 0
2162 2493 2176 2505 0
2257 2495 2273 2512 ο
2351 2490 2368 2507 0
2446 2490 2557 2507 ..ο
2706 2490 2720 2505 0
2801 2493 2817 2507 0
2895 2494 2909 2506 0
2990 2493 3005 2507 0
3082 2491 3098 2507 0
3180 2492 3196 2505 ι
3271 2491 3384 2507 0.0

1876 2564 1891 2577 0
1906 2554 1909 2561 ’
1971 2564 1985 2578 0
2063 2562 2079 2575 ο
2157 2559 2173 2574 ο
2253 2566 2269 2580 ο
2350 2562 2363 2577 0
2442 2562 2458 2577 0
2541 2561 2555 2574 ο
2706 2565 2722 2578 0
2798 2563 2814 2578 0
2893 2562 2908 2578 0
2987 2563 3002 2577 0
3079 2564 3095 2578 0
3176 2562 3191 2577 0
3269 2559 3287 2576 0
3367 2561 3383 2575 0

1873 2846 1890 2863 0
1969 2844 1983 2858 ⁸
2062 2847 2079 2862 0
2158 2846 2174 2861 0
2253 2845 2269 2861 0
2346 2845 2361 2859 0
2440 2843 2455 2859 0
2537 2843 2552 2857 ο
2702 2847 2715 2860 0
2796 2845 2812 2858 0
2891 2845 2907 2860 0
2986 2842 3002 2857 0
3079 2846 3095 2859 ο
3175 2841 3191 2857 0
3270 2846 3282 2857 ς
3367 2842 3380 2855 0

1873 2917 1889 2932 ο
1969 2917 1982 2930 ο
2063 2919 2077 2933 0
2155 2915 2172 2931 ο
2252 2917 2267 2931 ο
2345 2914 2362 2930 ο
2440 2916 2456 2930 ο
2536 2896 2563 2929 θ’
2701 2915 2716 2929 ο
2795 2919 2809 2931 ο
2892 2916 2906 2931 ο
2986 2915 3001 2929 ο
3082 2914 3097 2929 ⁸
3177 2916 3193 2930 ο
3274 2913 3289 2927 ο
3369 2912 3382 2926 Ι

1872 3131 1886 3145 0
1967 3133 1980 3145 0
2062 3136 2077 3148 ο
2102 3112 2107 3115 1
2157 3132 2173 3146 0
2251 3130 2265 3145 0
2343 3133 2359 3146 0
2442 3131 2454 3144 0
2533 3126 2557 3143 υ
2702 3130 2716 3142 0
2796 3129 2811 3142 0
2889 3128 2905 3143 0
2984 3124 2997 3139 ο
3075 3129 3091 3143 0
3171 3128 3187 3142 0
3269 3125 3286 3141 0
3364 3129 3376 3142 0

1873 3273 1887 3287 0
1966 3273 1980 3287 0
2062 3275 2076 3288 0
2155 3271 2170 3287 0
2249 3272 2265 3288 0
2344 3274 2359 3288 0
2439 3272 2454 3287 0
2532 3271 2545 3286 Ι
2699 3270 2712 3284 0
2794 3270 2807 3282 0
2885 3270 2901 3283 ο
2984 3268 2997 3281 0
3079 3268 3091 3280 0
3174 3268 3188 3281 0
3268 3264 3282 3279 0
3365 3264 3379 3279 0

1869 3482 1883 3495 ο
1963 3484 1975 3497 0
2060 3484 2075 3497 0
2155 3483 2166 3496 ι
2247 3483 2263 3497 0
2340 3482 2355 3497 0
2436 3481 2450 3495 0
2533 3481 2545 3493 0
2697 3480 2710 3494 0
2790 3478 2804 3495 0
2881 3480 2895 3495 0
2980 3480 2994 3493 0
3072 3480 3089 3495 0
3170 3476 3184 3492 0
3264 3478 3280 3491 ι
3362 3478 3377 3493 0

1478 3553 1707 3620 CODEX
1745 3556 1979 3612 BRIXIA
1988 3556 2142 3614 NUS.

184 3640 393 3717 Domini
436 3644 557 3712 ejus
586 3645 665 3717 ad
708 3646 851 3702 illos.
901 3645 972 3701 Ut
1015 3645 1138 3717 quid
1169 3647 1377 3702 solvitis
1416 3648 1640 3715 pullum.
1675 3649 1756 3703 Ad

182 3708 255 3763 illi
285 3708 540 3776 dixerunt
570 3715 703 3784 Quia
738 3716 960 3773 Domino
994 3708 1328 3772 necessarius
1352 3708 1454 3773 est.
1491 3719 1555 3773 Et
1584 3720 1755 3775 duxe-

1864 3650 1928 3703 ad
1958 3665 2100 3704 eum.
2134 3649 2389 3720 Magister
2419 3650 2635 3718 increpa
2663 3646 2940 3720 discipulis
2967 3645 3092 3700 tuis.
3141 3644 3209 3720 _Et
3235 3657 3456 3720 respon-

1861 3722 1995 3775 dens
2020 3723 2091 3774 ait
2114 3713 2245 3774 illis:
2272 3720 2401 3775 Dico
2425 3713 2598 3774 vobis.
2621 3719 2739 3788 quin
2769 3713 2814 3771 si
2865 3717 2915 3783 hi
2956 3716 3217 3771 tacuerint
3248 3713 3455 3788 lapides

1859 3792 2289 3847 clamabunt.‘Et
2340 3802 2396 3845 ut
2438 3787 2884 3859 adpropinquavit
2926 3788 3113 3841 videns
3142 3787 3449 3859 civitatem.

1860 3861 2007 3915 ﬂevit
2059 3877 2221 3932 super
2256 3864 2399 3916 illam
2425 3857 2627 3916 dicens.
2657 3857 2788 3927 Quia
2821 3862 2862 3912 si
2895 3857 3273 3920 conatum-isses
3308 3867 3357 3909 et
3390 3867 3452 3932 iu

1858 3933 1909 3984 in
1945 3933 2041 3984 huc
2068 3927 2155 3986 die
2182 3948 2316 4000 quae
2355 3944 2477 3985 sunt
2506 3934 2569 3984 ad
2605 3948 2783 4006 nucem
2813 3932 2925 4006 lilii.
2956 3945 3095 4006 nunc
3140 3936 3316 4006 autem
3354 3927 3453 3978 nli-

1861 4004 2100 4056 scomlitn
2134 3998 2257 4055 sunt
2286 4003 2352 4055 ab
2384 4004 2557 4055 oculis
2590 4002 2715 4054 tuis.
2759 4001 2877 4067 quia
2909 4000 3118 4052 venient
3144 3998 3259 4047 dics
3286 3998 3338 4047 in
3380 4010 3451 4051 te.

1862 4082 1911 4123 ei
1940 4072 2345 4124 circumdniuint
2379 4081 2431 4125 te
2460 4071 2658 4123 inimici
2686 4070 2757 4123 tui
2786 4070 2923 4121 vallo
2966 4079 3019 4121 et
3045 4068 3351 4125 circuilmut
3376 4078 3445 4121 te.

1860 4150 1914 4193 et
1945 4140 2267 4194 nbsidebunt
2296 4151 2346 4193 tu
2373 4141 2624 4209 undique.
2672 4150 2725 4193 et
2764 4138 2829 4191 ad
2876 4150 3069 4192 terram
3112 4147 3452 4209 prosternunt

1862 4221 1913 4263 te
1945 4218 1998 4264 et
2026 4210 2162 4265 [ilius
2191 4222 2309 4263 tuos
2349 4212 2398 4264 in
2436 4207 2605 4265 .teiet
2638 4224 2740 4264 nun
2788 4209 3093 4278 relinquent
3144 4207 3195 4261 iu
3229 4220 3278 4259 te
3308 4208 3442 4275 lupi-

1859 4284 1979 4337 dein
2008 4295 2169 4351 super
2199 4282 2451 4349 lapidem.

1448 4460 1686 4544 CODEX'
1715 4462 2178 4520 CORBEIENSIS.

245 4552 336 4607 ‘54.
385 4554 642 4609 Dominus
670 4556 692 4588 ⁸
722 4569 937 4625 operam
965 4555 1080 4625 ejus
1101 4555 1391 4611 desiderat.

244 4626 336 4679 38.
378 4625 663 4697 dicentes:
708 4627 1025 4682 Benedictus
1052 4627 1182 4697 ,qui
1228 4626 1375 4681 venit
1422 4626 1473 4678 in
1530 4626 1747 4697 nomine

178 4696 391 4767 Domini
424 4697 774 4752 :beuedictus
804 4698 913 4752 Rex
943 4716 959 4750 :
986 4713 1085 4767 pax
1112 4696 1167 4752 in
1199 4698 1374 4761 coelo,
1411 4707 1463 4750 et
1491 4696 1660 4765 gloria
1692 4700 1744 4750 in

175 4765 433 4822 excelsis.

247 4837 340 4891 59.
380 4835 652 4904 Magister,
673 4838 888 4909 increpa
918 4838 1061 4893 illos.

1921 4558 2012 4619 45,
2055 4554 2255 4610 inimici
2289 4554 2363 4610 tui
2388 4555 2409 4586 ⁷
2447 4553 2608 4616 vallo,
2640 4560 2695 4607 et
2715 4548 3076 4606 circumibunt
3098 4554 3169 4600 tc.
3200 4552 3254 4598 et
3298 4544 3442 4599 obsi-

1853 4627 2054 4681 debunt
2076 4637 2128 4681 te
2149 4625 2292 4679 vallo
2314 4624 2566 4691 undique.
3029 4683 3102 4696 ,η

1921 4696 2012 4751 44.
2054 4708 2108 4755 et
2150 4696 2214 4749 ad
2244 4706 2437 4748 terram
2463 4683 2505 4725 ’⁸
2551 4698 2893 4762 prosternent
2918 4696 2986 4740 te.
3022 4683 3157 4762 Ibid.
3204 4700 3307 4737 non
3353 4700 3441 4740 re-
3490 4726 3493 4727 ν

1853 4768 2094 4837 linquent
2134 4765 2361 4834 lapidem
2400 4755 2568 4832 super?
2590 4761 2817 4830 lapidem
2857 4760 2909 4813 in
2942 4766 2994 4811 te
3024 4755 3290 4810 universe.

1380 4946 1769 5005 VARIANTES
1806 4943 2211 5001 LECTIONES.

239 5043 255 5105 ξ
295 5040 408 5105 (ξω.
434 5038 617 5105 pullum
637 5041 695 5105 ad
718 5040 903 5105 Jesum.
933 5042 1078 5105 Vulg.
1100 5042 1230 5091 illum
1253 5042 1311 5091 ad
1331 5042 1517 5091 Jesum.

239 5104 260 5162 ε
295 5102 407 5149 Gal.
431 5103 602 5150 turbae
625 5099 1295 5162 discedentium..I'videbant,
1324 5105 1441 5153 Mm.
1459 5102 1633 5153 turbae
1656 5099 1755 5149 dis-

176 5161 435 5226 cedentes.
476 5162 615 5226 Vulg.
641 5164 813 5213 turbae
834 5164 1234 5226 discipulorum...
1262 5166 1497 5214 viderant.
1665 5189 1680 5226 ς

240 5222 260 5253 ³
294 5228 407 5292 out.
431 5222 629 5292 quidgii
664 5226 728 5292 de
747 5227 937 5292 turbis.
958 5222 1088 5275 'Mm.
1110 5228 1172 5276 de
1208 5228 1365 5277 turba.
1396 5226 1540 5289 Vulg.
1564 5224 1757 5287 quidam

176 5278 620 5338 Phariseoritmd'é'
634 5278 806 5334 turbi§.
938 5291 945 5297 ‘

1918 5038 1942 5066 δ
1975 5037 2094 5084 Mm.
2116 5040 2171 5095 et
2190 5032 2387 5094 quidem
2411 5033 2471 5081 si.
2494 5029 2649 5095 γυῖα.
2675 5036 2727 5080 et
2748 5030 2961 5095 quidem.

1824 5089 1829 5096 ’
1920 5098 1941 5129 ⁸
1979 5096 2085 5144 ϐαι.
2107 5089 2243 5151 ﬁlios,
2271 5096 2384 5157 qui.
2409 5092 2553 5157 Vulg.
2584 5089 2706 5157 tilios
2725 5099 2849 5150 tuos,
2876 5093 2977 5154 qui.

1925 5158 1944 5187 ⁸
1980 5160 2096 5205 Mm.
2146 5156 2473 5216 necessarium
2500 5154 2610 5204 cum
2633 5154 2801 5203 habet.

1922 5221 1941 5249 τ
1978 5219 2082 5266 Gut.
2112 5216 2253 5273 fossa,
2276 5224 2343 5265 et.

1923 5280 1944 5310 '
1978 5281 2094 5329 Mm.
2129 5285 2369 5329 sternent.

854 5381 1137 5433 LECTIOVES
1155 5394 1359 5434 CODICIS
1386 5392 1791 5434 VINDEBONENSIS
1822 5386 2091 5431 ABEUNTES
2119 5387 2183 5425 ΑΒ
2216 5384 2463 5424 ευιτιοκε
2490 5382 2755 5423 νυιϐΑτΑ.

344 5468 421 5537 ἑὸ
446 5464 814 5537 i_lii.'dixerunt:
849 5467 1083 5537 Dominus
1117 5482 1314 5530 operam
1341 5469 1447 5529 ejus
1488 5470 1749 5537 desiderat.

237 5534 317 5581 35.
358 5529 767 5594 Etduieruut....
794 5537 846 5579 et
876 5529 1257 5591 jactaveruut....
1301 5546 1450 5589 super
1476 5531 1673 5594 pullum,
1702 5540 1754 5582 et

180 5593 536 5655 imposuerunt.
598 5594 676 5644 56.
721 5593 925 5643 Euntrm
967 5602 1128 5642 autem
1169 5594 1267 5642 illo.
1333 5598 1410 5646 37.
1446 5593 1753 5655 appropiaret

180 5654 277 5720 iam
450 5662 720 5720 coeperunt
751 5670 919 5720 omnes
954 5657 1123 5705 turbae
1166 5659 1437 5720 gaudentes
1476 5653 1691 5720 laudare.

183 5715 258 5766 38.
283 5715 514 5777 dicentes
547 5715 562 5766 ξ
602 5719 683 5784 qui
708 5718 843 5769 venit
875 5720 922 5767 in
957 5715 1205 5773 nomineL
1240 5719 1524 5783 benedictus
1567 5718 1689 5770 Rex.

1860 5467 1939 5527 39.
1962 5469 2154 5527 increpa
2182 5463 2305 5527 illos.
2372 5465 2447 5513 ΑΟ.
2470 5464 2653 5527 Quibus
2672 5453 2979 5527 sitq-omissis.
3122 5449 3272 5527 νίῇξῄε»

1859 5510 2209 5577 ﬁdentiam."
2363 5510 2676 5587 appropiavit.
2876 5517 3005 5565 deest
3038 5510 3362 5587 dicensakdﬁ.
3390 5510 3430 5560 si

1858 5572 2233 5651 cogitavissesiu
2257 5572 2484 5651 equidem
2510 5572 2557 5637 in
2582 5582 2783 5651 liac_die_
2801 5579 2857 5651 ad
2897 5574 3169 5651 paceinn
3186 5572 3432 5651 .“i—IPSQSOu-

1858 5634 2003 5703 dita:
2037 5634 2792 5709 63Βὲέεῖἶῖἐὸὲιᾷευςιειηιῃι
2816 5634 2909 5689 ιθ.”
2952 5637 3026 5709 μ.
3054 5634 3174 5684 filios
3195 5634 3277 5696 qui
3304 5634 3349 5681 in
3378 5642 3429 5709 ιβ

1860 5698 2069 5764 Qui“...
2096 5698 2489 5776 non'reliuquent
2512 5698 2721 5775 lapidem
2743 5705 2790 5754 in
2815 5710 2863 5753 te
2888 5701 3139 5759 universa;
3181 5709 3241 5747 eo
3278 5698 3426 5765 quod.
