3912 6406
117 339 220 398 689

502 453 734 509 CODEX
779 452 1310 512 VERCELLENSIS.

120 555 227 608 tum
255 560 510 616 maguum
543 565 557 599 :
947 558 1002 602 tu
1028 549 1220 604 vineae
1249 591 1263 613 ,

117 618 186 671 ibi
210 625 420 688 parate.
944 617 1119 672 donec
1147 633 1267 688 reg-

119 687 204 742 15.
245 687 452 741 Euntes
481 695 658 742 autem
685 729 701 754 ,
947 703 1072 741 num
1105 687 1197 742 Dei

119 759 442 812 invenerunt
464 796 480 822 ,
948 757 1148 812 veniat.

119 829 257 883 sicut
283 827 440 882 dixe-
953 828 1038 883 19.
1081 827 1147 881 Ει
1171 868 1184 890 ,
1215 833 1437 894 accepto
1459 838 1550 894 pa-

118 909 200 953 rat
227 897 337 953 illis
364 939 380 964 ,
410 903 466 952 et
489 910 585 967 pa-
947 909 1015 949 ne
1044 937 1056 961 ,
1091 895 1288 966 gratias

119 977 372 1024 raverunt
945 967 1054 1035 egit
1080 1007 1094 1030 ,
1121 976 1174 1020 et
1201 980 1330 1019 con-
1389 1024 1393 1028 ,

121 1039 348 1094 Pascha.
946 1034 1106 1105 fregit
1132 1047 1185 1090 et
1208 1037 1302 1089 dc-

123 1109 207 1164 “.
246 1108 318 1164 Et
341 1149 357 1174 ,
387 1123 512 1164 cum
541 1107 684 1162 facta

119 1189 202 1234 est
225 1180 356 1234 hora
377 1220 393 1246 ,
413 1178 526 1234 dis-

121 1250 298 1305 cubuit
324 1267 340 1316 ;
370 1257 427 1305 et
450 1249 525 1302 A-
592 1276 596 1279 τ

948 1106 1025 1160 dit
1053 1107 1198 1172 illis,
1229 1105 1314 1160 di-

950 1175 1473 1316 ξῖηεέοίξιξδξοηξξει

123 1315 466 1388 ροειοιίδιιιιι
516 1387 522 1388 ί
595 1374 598 1376 γ
952 1331 1040 1371 um
1070 1315 1111 1386 -ι-
1140 1318 1153 1346 ¹
1179 1315 1427 1371 Attamen

126 1387 211 1447 l5.
251 1390 367 1445 illo.
401 1389 469 1445 Et
493 1387 629 1443 dixit
950 1401 1077 1442 ecce
1107 1401 1303 1441 manus

108 1463 186 1516 ad
209 1475 338 1516 eos:
370 1459 520 1514 Desi-
939 1457 969 1491 ν’
1010 1457 1299 1526 proditoris

123 1531 272 1586 derio
295 1532 446 1600 cupi-
470 1599 473 1600 ν
952 1528 1058 1582 mei
1084 1527 1167 1598 (ά)
1190 1542 1398 1583 mecum
1427 1527 1467 1596 -ι-

124 1601 172 1655 vi
196 1602 302 1658 hoc
324 1599 534 1656 Pascha
951 1611 1116 1667 super
1141 1612 1294 1661 mene-

124 1672 412 1727 manduca-
950 1683 1088 1723 sam.
1553 1713 1556 1716 .

125 1757 181 1797 re
206 1743 488 1797 vobiscum
513 1781 530 1807 ,
577 1797 580 1799 Α
947 1737 1038 1792 22.
1081 1737 1248 1794 Filius
1276 1739 1492 1807 quidem

121 1821 408 1883 antequam
954 1808 1192 1883 hominis
1214 1807 1235 1838 ³
1265 1823 1349 1862 se-

124 1883 210 1939 16.
250 1878 453 1954 patiar.
490 1883 622 1936 Dico
949 1878 1186 1954 cundum

123 1949 270 2010 enini
303 1953 456 2009 vobis
482 1994 499 2019 ,
951 1949 1093 2020 quod
1124 1949 1257 2004 defi—

121 2024 372 2093 quoniam
952 2021 1123 2093 nitum
1150 2029 1265 2086 est,

122 2091 226 2150 non
262 2095 422 2151 edam
952 2091 1118 2146 vadit.

122 2164 251 2220 illud
282 2207 296 2232 ,
329 2164 505 2220 donec
953 2160 1153 2232 Yerum
1181 2175 1279 2232 vae

123 2230 396 2305 inpleatur
953 2231 1159 2286 homini
1191 2230 1267 2286 illi
1287 2274 1302 2298 ,
1709 2283 1714 2290 ρ

121 2306 172 2359 in
203 2320 374 2372 regno
397 2305 517 2359 Dei.
667 2348 670 2351 .
953 2317 1050 2370 per
1077 2316 1235 2372 quem

124 2375 213 2431 17.
252 2369 356 2443 Et,
386 2383 608 2444 accepto
640 2388 732 2428 ca-
1074 2369 1331 2444 traditur.
1361 2369 1430 2425 Et

123 2445 223 2500 lice
246 2487 261 2511 ,
294 2441 496 2515 gratias
518 2441 534 2444 ⁷
950 2442 1051 2515 ipsi
1069 2441 1090 2471 ⁸
1113 2441 1350 2515 inquire-

121 2517 226 2585 egit
255 2556 272 2580 ,
299 2511 498 2585 'dicens
519 2532 532 2568 :
582 2564 583 2567 η
953 2511 1084 2565 bant
1112 2512 1253 2585 inter

124 2581 332 2657 sumite
360 2584 439 2657 (ᾳ)
469 2584 572 2641 hoc
591 2585 632 2656 -ι-
665 2624 680 2648 ,
953 2596 1034 2657 se,
1063 2581 1311 2657 quisnam

123 2664 178 2737 et
197 2650 443 2738 partimi-
607 2650 618 2656 ⁷
952 2651 1026 2777 ξε)
1057 2650 1200 2706 esset
1221 2651 1259 2722 ἰ·
1277 2691 1294 2719 ,
1321 2651 1412 2721 qui
1439 2650 1542 2706 hoc

124 2741 176 2777 m
204 2742 257 2777 1n
289 2726 463 2777 vobis.
973 2731 1190 2777 acturus

124 2727 176 2780 ni
204 2726 257 2781 in
289 2726 463 2780 vobis.
952 2726 1190 2777 facturus

124 2798 208 2852 18.
257 2797 386 2851 Dico
414 2796 557 2852 enim
953 2803 1116 2850 esset.

127 2868 305 2934 vobis,
331 2869 525 2938 quoni-
950 2863 1040 2918 24.
1086 2866 1106 2896 "
1136 2865 1298 2938 Facta
1331 2872 1415 2920 est
1441 2872 1617 2920 autem

124 2951 210 3010 am
236 2937 359 3010 non
375 2938 457 3010 bi-
951 2937 1230 3010 contentio

124 3008 246 3062 bam
273 3006 343 3064 de
367 3006 512 3064 iruc-
955 3007 1094 3062 inter
1127 3007 1249 3062 illos
1272 3048 1286 3072 ,

1126 395 1127 398 χ
1173 309 1623 425 EVAucELtuu
1663 332 2030 402 SECUNDUM
2071 338 2328 396 LUCAM.

1734 1184 1736 1186 ’
1806 1193 1890 1244 ra,
1916 1177 2214 1243 discubuit;

3293 333 3396 389 690

2234 449 2469 507 CODEX
2513 449 2964 506 VERONENSIS.

1800 562 2054 621 magnum
2083 547 2125 618 ἦ·
2157 564 2171 601 :
2637 543 2884 621 Accipite
2918 542 2997 614 (a)
3025 542 3128 597 hoc
3155 542 3228 612 1-,

1799 620 1874 677 ibi
1893 614 2115 691 'parate.
2631 623 2687 691 et
2707 614 2932 668 dividite

1801 691 1889 744 15.
1908 686 2138 742 Ἐυηιθε
2158 696 2356 752 autem,
2629 686 2774 739 inter
2797 700 2912 738 vos.

1802 758 2144 822 invenerunt,
2186 779 2190 783 ~
2634 755 2720 809 18.
2766 755 2893 809 Dico
2923 755 3068 810 enim

1802 826 1942 882 sicut
1968 826 2104 881 dixit
2632 825 2811 896 vobis,
2841 825 2986 894 quod

1803 897 1933 963 illis,
1965 905 2021 952 et
2048 911 2205 966 para-
2634 892 2744 966 non
2762 891 2941 966 bibam

1803 977 1991 1022 verunt
2017 965 2240 1021 Pascha.
2634 965 2711 1035 (ὁ)
2744 965 2812 1019 de
2834 980 3059 1036 genera-

1807 1037 1897 1093 M.
1943 1037 2029 1102 Et,
2062 1053 2183 1090 cum
2213 1036 2292 1090 fa-
2634 1037 2782 1089 tione
2814 1037 2914 1091 hac

1804 1116 1887 1162 cta
1916 1116 2061 1162 esset
2088 1107 2183 1161 ho-
2633 1106 2761 1177 vitis
2791 1105 2949 1175 hujus
2975 1107 3041 1177 1-,

2636 1175 2809 1230 donec
2837 1175 3063 1246 regnum

2636 1246 2732 1300 Dei
2761 1248 2959 1300 veniat.

2635 1316 2726 1370 ‘21.
2768 1314 3150 1374 Verumtamen
3234 1335 3242 1346 ·

2562 1441 2570 1452 ,
2636 1399 2766 1440 ecce
2796 1401 2988 1442 manus

2636 1456 2894 1512 tradentis
2924 1473 3010 1512 me

1806 1255 1861 1302 et
1889 1248 2133 1316 Apostoli

1804 1332 1926 1372 cum
1955 1318 2072 1372 illo.

1806 1389 1894 1442 i5.
1941 1389 2006 1442 Et
2031 1388 2106 1440 ait
2136 1388 2251 1441 illis
2279 1405 2292 1440 :

1805 1457 2085 1512 Desiderio
2113 1458 2257 1513 desi-

1805 1526 1987 1582 deravi
2020 1528 2124 1582 hoc
2635 1525 2716 1652 ad)
2745 1541 2954 1582 mecum
2984 1527 3026 1598 -ι-
3055 1528 3109 1581 in
3163 1599 3174 1609 .

1805 1595 2008 1651 Pascha
2040 1613 2193 1652 man-
2671 1597 2726 1649 2.
2770 1612 2977 1652 mensa.
3004 1599 3069 1652 Et
3089 1614 3174 1652 t'llll

1805 1595 2008 1651 Pascha
2040 1613 2193 1653 man-
2636 1595 2726 1652 ΞΕ.
2770 1612 2977 1667 mensa.
3001 1595 3069 1653 Et
3089 1599 3206 1667 qui-

1806 1668 2006 1723 ducare
2021 1668 2206 1723 vobis-
2378 1703 2381 1707 -
2638 1669 2760 1749 dem
2771 1665 2957 1749 .Filius

1807 1753 1928 1820 cum
1951 1780 1965 1803 ,
1996 1748 2284 1809 antequam
2639 1741 2894 1805 hominis,
2926 1755 3014 1794 se-

1809 1815 2003 1878 patiar.
2640 1815 2894 1868 cumdnm

1811 1878 1898 1932 16.
1942 1879 2072 1934 Dico
2101 1881 2247 1935 enim
2641 1884 2781 1955 quod
2807 1883 2940 1937 scri-

1809 1949 1993 2003 vobis.
2025 1951 2149 2003 auia
2640 1965 2788 2003 ntnm
2820 1963 2924 2003 est.

1809 1962 1993 2013 vonts,
2025 1965 2149 2020 quia
2634 1965 2788 2025 .ptum
2820 1963 2924 2020 est,
2957 1966 3054 2005 va-

1810 2034 1878 2075 ex
1907 2020 2011 2075 hoc
2041 2036 2150 2075 non
2640 2026 2738 2081 dit.
2765 2024 2992 2080 Verum-

1811 2091 2147 2146 manducabo
2642 2106 2823 2150 tamen
2849 2105 2948 2148 vae

1813 2159 1944 2215 illud
1961 2201 1977 2228 ,
2007 2161 2182 2218 donec
2643 2165 2850 2221 homini

1803 2269 1831 2313 ..
2004 2270 2020 2286 .
2095 2274 2212 2318 εκ..
2291 2276 2305 2290 .
2387 2275 2403 2290 .
2482 2273 2495 2286 .
2644 2237 2892 2318 ψῆνες.

1812 2304 1864 2355 in
1896 2317 2065 2369 regno
2095 2304 2212 2360 Dei.
2642 2304 2804 2377 queri
2829 2305 2928 2364 Fi—

1813 2374 1902 2429 19.
1944 2372 2032 2438 Et,
2063 2385 2288 2445 accepto
2355 2421 2359 2425 .
2646 2377 2749 2431 lius
2775 2374 3010 2432 hominis

1813 2457 1972 2511 pane,
2003 2445 2206 2512 gratias
2646 2446 2900 2503 traditur.

1958 2484 1972 2509 ,
2003 2461 2206 2509 gratias
2646 2461 2900 2503 traditur.

1810 2513 2239 2638 Ei‘i.§i.iii¥.“'

1810 2597 1866 2637 et
1892 2597 2040 2638 dedit
2063 2597 2191 2651 tttts,

1811 2654 1901 2707 17.
1943 2653 2128 2708 dicens
2155 2671 2168 2706 :
2199 2653 2313 2708 Hoc

2578 2527 2581 2530 '
2646 2517 2738 2571 23.
2779 2516 2850 2572 Et
2875 2515 2980 2586 ipsi
3011 2529 3144 2570 con-

2648 2588 2933 2654 quirebant
2954 2587 3036 2640 in-

2647 2666 2728 2726 ter
2752 2669 2844 2722 se,
2877 2656 2996 2726 quis

1811 2733 1894 2779 est
1924 2724 1997 2794 (c)
2023 2723 2130 2778 Cor
2168 2739 2232 2779 us
2264 2772 2265 2775 η
2668 2725 2716 2796 e)
2743 2723 2950 2796 esset-:-

1811 2809 1992 2849 meum
2021 2796 2082 2850 +.
2111 2740 2209 2850 Et.
2642 2727 2748 2850 hoc
2777 2795 2950 2850 factur

1811 2809 1992 2849 meum
2021 2796 2082 2864 1-.
2111 2795 2209 2861 Et,
2642 2795 2748 2851 huc
2777 2795 3037 2850 facturus.

1813 2874 2035 2934 accepto
2061 2880 2157 2919 ca-
2579 2878 2582 2880 ‘
2643 2867 2735 2921 24.
2776 2865 2938 2921 Facta
2959 2875 3044 2921 est
3072 2879 3166 2920 au—

2645 2947 2754 2991 tem
2785 2937 3073 2993 contentio.

2645 3009 2789 3062 inter
2817 3009 2962 3073 illos,

1815 2934 1941 2999 lice,
1972 2936 2173 3004 gratias

1814 3005 1944 3075 egit,
1975 3016 2031 3061 et
2057 3006 2192 3061 dixit
2221 3026 2234 3060 :

1435 3092 1665 3176 nones
1703 3101 2094 3175 nummus.

123 3224 269 3286 tum.
310 3225 366 3270 et
409 3216 481 3270 ibi
532 3223 734 3286 parate.
768 3215 975 3270 Euntes
1027 3222 1204 3286 autem
1254 3214 1606 3286 invenerunt.
1645 3211 1718 3266 si-

121 3294 216 3340 cut
241 3285 379 3340 dixit
411 3281 550 3352 illis,
593 3297 648 3341 et
676 3296 999 3354 paraverunt
1040 3285 1266 3338 Pascha.
1313 3293 1367 3339 et
1414 3298 1545 3354 cum,
1584 3281 1718 3336 facta

121 3367 269 3411 esset
324 3356 478 3410 hora.
521 3353 806 3411 discubuit.
851 3356 919 3410 Et
966 3355 1248 3409 duodecim
1305 3353 1552 3422 Apostoli
1595 3366 1717 3405 cum

122 3441 208 3478 co.
275 3425 342 3478 Et
394 3427 470 3478 ait
513 3426 640 3479 illis.
692 3426 968 3479 Desiderio
1025 3425 1324 3478 desideravi
1369 3425 1470 3480 hoc
1503 3422 1717 3474 Pascha

125 3495 458 3548 manducare
504 3495 782 3548 vobiscum
831 3503 1114 3562 antequam
1169 3493 1358 3560 patiar.
1398 3491 1538 3562 Dico
1565 3491 1716 3562 enim

125 3563 281 3617 vobis
335 3564 459 3633 quia
512 3567 648 3617 ultra
715 3580 821 3616 non
882 3560 1217 3616 manducabo
1274 3561 1498 3633 exhhoc
1548 3560 1719 3633 donec

54 3664 58 3666 -
125 3631 418 3702 impleatur
466 3636 518 3686 in
570 3649 738 3703 regno
784 3633 900 3688 Dei.
941 3634 1006 3688 Et
1034 3641 1252 3701 accepto
1300 3631 1466 3703 calice
1513 3631 1714 3699 gratias

124 3701 237 3774 egit
259 3713 314 3758 et
342 3704 495 3757 dixit.
528 3701 766 3773 Accipite
790 3704 867 3774 (α)
894 3705 993 3758 hoc
1014 3703 1076 3773 ἰη
1106 3714 1158 3758 et
1181 3702 1401 3774 dividite
1433 3701 1574 3755 inter
1593 3716 1710 3774 vos.

125 3773 260 3845 Dico
289 3774 435 3845 enim
470 3774 622 3828 vobis
651 3771 808 3843 quod
827 3771 930 3829 non
947 3771 1137 3844 bibam
1163 3771 1237 3845 (ὁ)
1267 3776 1334 3828 de
1365 3772 1716 3842 generatione

125 3844 254 3898 vitis
285 3843 446 3912 hujus
487 3846 528 3915 -ι-
557 3846 727 3900 donec
761 3861 984 3915 regnum
1028 3845 1117 3900 Dei
1165 3843 1364 3915 veniat.
1402 3851 1714 3915 et'accepto

126 3929 266 3982 pane
301 3910 515 3984 gratias
536 3916 647 3986 egit
691 3923 743 3970 et
773 3910 951 3985 frégit.
1003 3925 1062 3971 et
1109 3915 1256 3970 dedit
1281 3910 1560 3982 discipulis
1604 3914 1716 3967 suis

1824 3212 2009 3284 dicens
2038 3212 2150 3267 Hoc
2177 3221 2260 3267 est
2287 3227 2481 3284 corpus
2510 3227 2688 3267 meum
2718 3213 2859 3283 quod
2910 3227 3006 3281 pro
3043 3210 3402 3284 vobisgdatur.

1824 3285 1925 3337 hoc
1954 3283 2110 3337 facite
2157 3284 2208 3336 in
2236 3281 2414 3338 meam
2444 3281 3034 3338 commemorationem.
3065 3281 3326 3337 Similiter
3350 3289 3406 3334 et

1823 3352 2046 3407 calicem
2087 3362 2369 3421 postquam
2398 3364 2747 3408 cenaverunt.
2796 3353 2982 3408 dicens
3012 3353 3108 3406 Hic
3137 3351 3275 3404 calix
3307 3365 3404 3421 no-

1823 3438 1945 3493 vum
1974 3420 2354 3493 testamentum
2379 3433 2464 3478 est
2489 3425 2540 3478 in
2561 3425 2822 3493 sanguine
2844 3438 2988 3478 meo.
3015 3422 3105 3492 qui
3128 3435 3229 3493 pro
3246 3420 3402 3493 vobis

1821 3491 2150 3546 etfundetur.
2185 3493 2588 3552 Verumtamen.
2637 3491 2764 3549 ecce
2793 3509 2986 3548 manus
3027 3491 3286 3546 tradentis
3316 3506 3402 3544 me

1823 3577 2032 3616 mecum
2059 3571 2142 3623 est
2174 3562 2223 3614 in
2256 3578 2460 3631 mensa.
2493 3564 2563 3618 Et
2585 3565 2801 3632 quidem
2833 3564 3002 3617 Filius
3039 3561 3272 3615 hominis
3312 3573 3404 3612 va-

1823 3633 1900 3686 dit
1939 3631 2234 3686 secundum
2266 3633 2407 3701 quod
2449 3631 2707 3687 scribtum
2748 3641 2852 3688 est.
2897 3633 3275 3687 Verumtamen
3302 3644 3402 3701 vae

1821 3702 2024 3756 homini
2071 3703 2144 3756 illi
2173 3700 2468 3773 per’quem
2513 3704 2770 3758 tradetur.
2804 3703 2883 3756 llli
2910 3712 3090 3773 autem
3118 3700 3401 3768 conquire-

1824 3774 1952 3826 bant
1980 3773 2116 3827 inter
2147 3771 2205 3828 se
2231 3777 2352 3842 quis
2377 3782 2519 3828 esset
2547 3790 2610 3828 ex
2643 3774 2722 3829 eis
2747 3775 2835 3843 qui
2864 3773 2965 3826 hoc
2985 3771 3220 3826 facturus
3233 3778 3399 3825 esset.

1821 3844 1981 3898 Facta
2024 3855 2108 3899 est
2134 3852 2316 3900 autem
2346 3855 2401 3899 et
2429 3846 2702 3900 contentio
2735 3846 2875 3899 inter
2902 3856 2997 3898 eos

1373 4019 1600 4076 CODEX
1639 4019 2101 4078 CORBEIENSIS.

203 4139 296 4195 15.
343 4141 624 4195 Desiderio
651 4140 950 4194 desideravi
997 4141 1098 4191 hoc
1135 4134 1338 4191 Pascha
1384 4135 1710 4188 manducare

129 4211 430 4273 vobiscum,
466 4221 753 4280 antequam
786 4211 886 4262 hoc
917 4211 1108 4276 patiar.

202 4284 294 4336 1⁸7.
339 4283 582 4348 Accipite
611 4276 741 4343 hoc,
771 4289 824 4332 et
853 4279 1074 4332 dividite
1113 4276 1258 4348 inter
1287 4289 1400 4328 vos.

207 4354 294 4406 i9.
342 4354 452 4404 lloc
479 4346 583 4404 est
629 4350 836 4417 Corpus
893 4362 1090 4400 meum.
1117 4416 1120 4417 ν
1149 4346 1529 4417 Verumtamen
1585 4357 1711 4417 ecce

127 4438 325 4478 manus
350 4431 456 4476 etc.
495 4420 719 4482 Omittit,
741 4414 892 4486 quod
927 4432 1020 4486 pro
1044 4416 1193 4471 vobis
1225 4415 1482 4479 tradetur,
1510 4414 1712 4484 etquod

1814 4138 2062 4262 gignitur,
2094 4154 2249 4208 usque
2271 4139 2339 4190 ad
2370 4155 2500 4192 vers.
2541 4139 2631 4192 Ἡ.
2688 4141 2960 4196 exclusive.
2996 4140 3361 4200 Veruntamen

1817 4275 1977 4402 ct23.
2025 4279 2416 4350 conquirebant
2466 4280 2608 4335 inter
2659 4292 2755 4348 se,
2813 4283 2937 4352 quis
2982 4296 3127 4340 esset
3181 4285 3282 4340 hoc
3324 4285 3403 4340 fa-

1873 4362 2019 4402 urus.

1909 4363 2019 4402 ωε.

1334 4525 1722 4583 VARIANTES
1773 4517 2174 4579 LECTIONES.

191 4655 209 4685 ⁸
249 4653 390 4701 Deest
413 4664 539 4701 vers.
565 4650 646 4708 20,
671 4659 811 4712 quem
831 4647 935 4712 Gut.
975 4644 1164 4712 habet__:_
1191 4641 1415 4712 similiter
1443 4645 1494 4690 et
1515 4639 1717 4712 calicem

125 4722 386 4777 postquam
419 4703 695 4777 coenatum'
722 4715 835 4766 est,
873 4710 1042 4777 dicens
1065 4721 1078 4756 :
1103 4706 1197 4777 Hic
1221 4711 1307 4777 est
1329 4703 1451 4777 calix
1493 4703 1717 4777 no'vi._te-

124 4761 358 4824 ζωή]ὲωὶ
386 4761 437 4822 in
457 4774 696 4833 sanguine
715 4761 991 4833 meo,quod_
1016 4782 1102 4831 pro
1126 4761 1713 4833 vobis_fuuditur.V_ulg_...

126 4844 388 4897 postquam
433 4829 1044 4897 coen'avit,dicens':_Hic
1085 4839 1161 4897 est
1186 4829 1316 4897 calix
1338 4839 1515 4897 novum
1562 4830 1714 4874 testa-

126 4890 350 4946 mentum
371 4899 418 4944 in
443 4890 690 4958 sanguine
703 4908 834 4953 meo,
870 4895 954 4956 qui
979 4905 1064 4958 pro
1089 4892 1224 4958 vobis
1238 4890 1483 4958 fundetur.

192 4962 213 4990 ³
252 4960 369 5006 Mm.
408 4953 646 5006 tradentis
668 4953 1054 5018 mecnmfl’ulg.
1082 4953 1318 5018 tradentis
1340 4962 1418 4997 me
1442 4961 1653 5018 mecum.

194 5022 216 5052 ³
253 5022 359 5070 ϐαι.
385 5024 510 5070 sicut
541 5019 670 5082 quod
706 5018 961 5067 diﬂinitnm
995 5012 1127 5065 est...
1173 5012 1390 5062 traditur.
1434 5012 1553 5058 Mm.
1590 5012 1717 5058 sicut

1825 4635 2094 4747 ἓῖίὲἓὲἑιιξιη
2153 4644 2246 4687 est.
2310 4635 2456 4701 Vulg.
2504 4638 2769 4687 secundum
2807 4642 2938 4701 quod
2967 4640 3222 4692 deﬁnitum
3264 4656 3402 4697 est...

1886 4761 1908 4789 δ
1942 4761 2050 4808 Gut.
2075 4767 2344 4830 coeperunt
2373 4773 2626 4830 quaerere
2674 4774 2737 4810 cx
2778 4763 2852 4810 eis
2890 4765 3020 4814 inter
3042 4778 3097 4816 se
3120 4807 3134 4830 ,
3158 4771 3258 4830 qui.
3283 4773 3403 4821 Mm.

1825 4833 2074 4883 quaerere
2083 4833 2156 4883 ex
2185 4833 2278 4878 eis,
2304 4834 2405 4880 qui.
2535 4882 2538 4883 ν
3473 4837 3477 4840 ’

1890 4885 1907 4913 ⁵
1943 4882 2048 4931 Gat.
2082 4880 2226 4929 Facta
2249 4889 2326 4929 est
2347 4889 2510 4930 autem
2531 4882 2655 4931 haec
2677 4888 2945 4936 contentio.
2983 4892 3097 4939 Mm.
3142 4891 3285 4940 Facta
3326 4905 3404 4939 au-

1824 4953 1939 5004 tem_
1952 4943 2073 4991 haec
2095 4943 2360 4991 contentio.
2393 4943 2540 5008 Vulg.
2561 4943 2706 4995 Facta
2732 4956 2810 4997 est
2834 4957 2997 4999 autem
3025 4960 3076 5001 et
3106 4955 3370 5002 contentio.

812 5135 1102 5178 LEC'I'IONES
1139 5131 1339 5174 CODICIS
1360 5127 1766 5171 VINDEBONENSIS
1792 5126 2066 5167 ABEUNTES
2104 5127 2168 5165 ΑΒ
2194 5127 2444 5168 ΕΙΠΤΙΟΝΕ
2460 5130 2722 5171 νυιοΑτΑ.

196 5241 278 5291 η.
303 5249 356 5290 et
380 5241 594 5302 Apostoli
619 5252 728 5286 cum
754 5241 854 5286 iilo.
925 5241 996 5285 16.
1025 5241 1148 5283 illut.
1219 5241 1294 5282 Π.
1335 5241 1555 5294 Accipite
1599 5241 1711 5280 hoc.

195 5306 276 5354 19.
303 5303 440 5351 dedit
463 5303 574 5350 illis.
598 5299 731 5349 Ibid.
756 5296 926 5348 omittit
950 5335 964 5358 ,
983 5296 1111 5358 quod
1131 5307 1217 5357 pro
1241 5295 1376 5358 vobis
1404 5294 1546 5358 datur
1568 5305 1717 5357 usque

129 5335 440 5415 σέἕὲνζῗὲΐ
457 5335 731 5414 ἓὲῗιῶὶῗ
756 5335 1375 5421 νίέἓῖ⁷ὶ5ίίίιῖἑξὲἑοιῖηάῖιῖἑι”
1397 5335 1539 5419 ᾧῖῶ
1569 5335 1716 5418 ’ῥῖἶιὲἰ

511 5240 594 5290 loli
619 5252 728 5286 cum
754 5239 854 5286 iilo.
925 5236 996 5285 16.
1025 5234 1148 5283 illul.
1219 5232 1294 5282 i7.
1335 5233 1555 5294 Accipite
1599 5233 1711 5280 hoc.

1821 5232 2053 5302 scriptum
2093 5231 2230 5300 est...
2273 5241 2366 5302 vae
2388 5205 2457 5302 illi
2484 5231 2682 5302 homini.
2750 5236 2831 5302 25.
2852 5240 2906 5302 et
2926 5236 3019 5302 ipsi
3059 5238 3410 5297 conquirehant

1821 5293 1951 5402 iugiter
1983 5300 2038 5338 se
2061 5326 2075 5349 ,
2103 5292 2213 5351 quis
2238 5299 2374 5341 esset
2395 5292 2488 5342 hoc
2513 5293 2741 5347 tacturus.
2809 5299 2884 5345 24.
2922 5292 3063 5345 Facta
3099 5292 3179 5344 est
3208 5310 3414 5351 conten-

1857 5366 1902 5402 ο.

1422 5458 1783 5516 BLANCHINI
1821 5459 2050 5517 NOTAE.

205 5573 288 5644 (ᾳ)
318 5569 480 5623 Addit
519 5568 613 5644 hoc
636 5609 650 5631 ,
695 5566 763 5644 Et
788 5567 855 5644 ita
902 5576 982 5620 tex
1010 5565 1102 5644 Gr.
1123 5572 1307 5644 ‘rgﬁ‘ro.
1346 5593 1416 5604 --
1444 5563 1520 5634 (ὑ)
1548 5563 1680 5618 Tex.
1707 5562 1799 5644 Gr:
1833 5561 2026 5628 habet,
2061 5569 2163 5644 ᾀπὸ
2184 5573 2275 5622 τοῦ
2297 5542 2597 5644 ’ξεν-δώματος
2621 5572 2710 5623 τῆς
2741 5563 2998 5632 ἀμπέλους
3031 5563 3230 5644 Veron.
3249 5573 3409 5644 etiam

127 5632 433 5706 alibi'saape
465 5640 625 5692 vertit
661 5637 940 5690 articulos.
969 5634 1142 5707 —7(c)
1169 5636 1295 5690 Post
1332 5632 1516 5707 corpus
1549 5651 1734 5698 meum,
1761 5632 2084 5707 dcestquod
2110 5655 2203 5707 pro
2238 5632 2376 5707 vobis
2417 5632 2692 5707 unde:an
2711 5647 2812 5686 etc.
2858 5636 3116 5707 usquead
3144 5654 3285 5693 κοτε.
3317 5643 3410 5707 21,

128 5713 338 5782 pariter
373 5703 432 5764 in
478 5709 598 5782 cod:
640 5709 794 5762 Cant.
822 5737 889 5746 ——
915 5707 994 5777 (ά)
1030 5703 1159 5761 Post
1187 5703 1586 5770 mecum,decst
1616 5715 1688 5758 est
1712 5745 1726 5769 ,
1758 5705 1810 5757 in
1852 5706 1970 5759 cod.
2015 5703 2226 5776 quoque
2267 5706 2418 5760 Cant.
2451 5734 2514 5742 —-
2547 5703 2614 5770 (θ)
2664 5703 2786 5757 Post
2831 5713 2993 5768 esset,
3022 5704 3170 5762 deest
3216 5727 3278 5764 ex
3317 5703 3408 5768 eis;

128 5777 297 5838 etiam
325 5782 377 5834 in
405 5777 527 5834 end.
555 5777 707 5832 Catil.
