5040 6504
1344 328 1452 388 703

1733 442 1965 500 CODEX
1994 441 2534 501 VERCELLENSIS.

1348 540 1440 594 15.
1479 551 1620 594 eum.
1656 534 1762 593 Sed
1790 551 1892 592 nec
2178 550 2308 606 ergo
2335 536 2489 591 illum

1348 608 1590 664 Herodes
1616 624 1630 661 :
1662 622 1750 663 re-
2174 605 2465 661 dimittam.

1348 679 1472 734 misi
1502 679 1644 734 enim
2174 675 2267 733 23.
2305 676 2406 743 Qui
2441 676 2619 731 immi-

1349 749 1371 781 ί
1399 764 1497 803 vos
1525 748 1591 804 ad
1618 747 1790 814 illum,
2176 746 2375 801 nebant
2405 762 2500 802 vo-

1349 828 1407 875 et
1433 833 1559 875 ecce
1588 818 1726 874 nihil
2175 816 2327 871 cibus
2356 832 2507 887 mag-

1351 888 1569 986 dignum
1594 902 1745 944 mor-
2178 888 2283 986 nis,
2310 888 2582 986 postulgn-
2615 958 2626 969 _

1351 956 1669 1043 te'gestum
1858 1026 1873 1042 .
2178 964 2261 1011 tes
2287 956 2584 1040 acruciiige
2612 956 2679 1012 il-

1352 1028 1443 1084 16.
1480 1038 1565 1083 est
1594 1028 1693 1084 Illi.
1726 1025 1903 1083 Castt-
2178 1026 2290 1081 lum
2314 1044 2329 1081 :
2358 1036 2414 1083 et
2442 1028 2464 1059 ‘
2488 1043 2634 1083 inva-

1351 1109 1534 1181 gatum
1563 1113 1693 1181 ergo
2034 1118 2040 1123 ·
2180 1096 2457 1180 lescebant

1351 1169 1501 1224 Illum
1523 1168 1706 1224 duntt-
1767 1188 1771 1192 ·
2179 1181 2340 1223 voces
2364 1168 2457 1223 illo

1350 1170 1501 1224 illum
1523 1170 1706 1224 dimit—
1767 1188 1771 1192 ·
2179 1181 2340 1223 voces
2364 1170 2485 1223 illo-

1350 1249 1481 1294 tam.
1517 1240 1538 1270 ¹
2180 1253 2321 1292 rum.

1236 1372 1242 1376 _
1350 1311 1441 1366 18.
1484 1308 1877 1365 Exclamabant
1924 1385 1926 1387 p
2177 1306 2269 1361 24.
2309 1306 2613 1387 βιΑΡίΙαιυε
2638 1309 2732 1365 de-

1351 1389 1530 1435 autem
1562 1388 1648 1433 to-
1924 1385 1926 1387 ’
2178 1379 2349 1433 crevit
2375 1378 2468 1433 tle-

1348 1458 1437 1504 tus
1464 1449 1720 1519 populus,

1348 1517 1592 1575 dicentes
1616 1536 1631 1576 :
1664 1517 1791 1575 Tol-

1348 1591 1403 1645 le
1428 1589 1592 1655 hunc,
1621 1589 1704 1644 di-

1349 1660 1508 1715 mitte
1535 1668 1715 1719 autem

1350 1730 1510 1785 nobis
1538 1729 1741 1786 Barab.

2179 1447 2227 1517 ri
2249 1447 2269 1480 "
2300 1448 2612 1517 petitionem

2177 1516 2269 1573 25.
2304 1516 2548 1574 illorum.
2581 1520 2674 1574 Di;

2156 1624 2159 1625 ν
2180 1588 2325 1643 misit
2345 1597 2522 1645 autem

2179 1674 2303 1731 eum
2327 1700 2343 1723 ,
2373 1660 2653 1731 quiprop-

2182 1738 2266 1784 ter
2290 1729 2521 1786 homici-

1351 1800 1445 1855 19.
1486 1800 1616 1863 bau.
1646 1801 1740 1870 qui
1766 1814 1826 1857 e—
2178 1798 2326 1870 dium
2348 1839 2365 1865 ,
2395 1807 2451 1856 et
2475 1815 2560 1857 se-

1346 1877 1439 1939 rat
1456 1910 1471 1935 ,
1506 1868 1728 1939 propter
2180 1868 2440 1924 ditionem

1347 1938 1675 2009 seditionem
1740 1960 1745 1965 ο
2183 1940 2466 2009 coniectus

1391 2008 1621 2065 uandam
2182 2008 2301 2064 erat
2330 2010 2385 2063 in
2408 2024 2529 2064 car-
2563 2022 2574 2032 ‘

1376 2079 1550 2132 iactam
1577 2080 1629 2133 in
2186 2093 2365 2134 cerem
2390 2095 2406 2144 ;
2438 2079 2621 2134 Jesum

1351 2148 1654 2212 civitatem,
2186 2156 2366 2203 autem
2397 2159 2506 2203 tra-

1356 2216 1379 2247 ³
1404 2216 1685 2286 coniectus
2184 2217 2323 2273 didit
2347 2220 2536 2274 volun-

1355 2287 1410 2341 in
1438 2300 1735 2358 carcerem,
2048 2356 2051 2358 ἓ
2188 2287 2286 2358 tati
2316 2289 2575 2358 ipsorum.

1302 2408 1307 2417 ,
1356 2358 1480 2432 quia
1510 2357 1735 2432 homici-
2148 2357 2275 2432 .26.
2317 2357 2423 2428 Et,
2455 2374 2575 2415 cum
2613 2358 2781 2415 dedu-

1396 2427 1505 2482 ium
1535 2427 1671 2484 fece-
2148 2427 2156 2432 ’
2185 2439 2375 2485 cerent
2403 2427 2524 2486 eum
2549 2470 2567 2497 ,

1358 2505 1465 2551 rat.
2188 2497 2463 2556 Simonem

1250 2602 1253 2605 ι
1356 2566 1449 2623 20.
1492 2568 1697 2624 Rursus
1724 2578 1902 2628 autem
2187 2570 2455 2628 quendam

1361 2637 1564 2712 Pilatus
1589 2640 1677 2694 ad-
2187 2637 2494 2712 Cyreneum

1357 2706 1571 2763 locutus
1603 2721 1686 2765 est
2190 2706 2495 2767 venientem

1356 2778 1460 2854 eis,
1474 2780 1677 2854 _volcns
2190 2796 2218 2854 _a
2255 2784 2372 2854 villa
2398 2783 2587 2854 adpre-

1356 2848 1633 2904 dimittere
2194 2848 2491 2907 hendentes
2515 2893 2531 2915 ,

1356 2917 1450 2991 21.
1492 2918 1700 2991 Jesum.
1731 2921 1833 2988 Qui
1866 2936 1989 2991 pro-
2193 2922 2548 2989 inposuerunt

1358 2986 1689 3056 clamabant,
1758 2986 1771 2988 ⁷
1869 2986 1881 2991 ⁷
2196 2986 2271 3044 illi
2304 3007 2519 3049 crucem

1364 3054 1403 3129 ζ
1415 3055 1659 3129 dicentes
1676 3054 1700 3118 V:
2193 3059 2336 3129 ferre
2366 3072 2488 3129 post

1363 3124 1631 3205 grucitlge
1714 3200 1739 3205 4
1790 3197 1802 3205 _
2197 3124 2539 3205 _27.‘Jesum.
2570 3135 2774 3205 Seque—

2198 3199 2353 3255 batur
2376 3212 2554 3259 autem

2198 3284 2329 3344 eum
2350 3271 2427 3344 (a)
2456 3276 2598 3329 mul-

1364 3195 1459 3267 22.
1488 3195 1672 3267 illum.
1703 3197 1806 3267 Qui
1838 3208 1941 3254 ter-

1365 3266 1445 3321 tio
1469 3265 1607 3321 dixit
1633 3269 1702 3323 ad

1362 3336 1482 3390 illos
1506 3355 1518 3388 :
1552 3337 1689 3406 Quid
2199 3336 2369 3396 titudd
2389 3336 2471 3398 in-

1364 3409 1508 3485 ?“lm
1521 3410 1689 3485 FP“-
1761 3481 1774 3485 _
2195 3425 2328 3485 ἔθυε
2358 3428 2525 3485 Ρορυ’

1358 3476 1538 3552 fecit?
1568 3478 1692 3533 hic?
1723 3481 1804 3535 ni-
2199 3476 2234 3536 li
2258 3481 2323 3552 -ιι,
2352 3476 2408 3539 et
2430 3476 2624 3542 inulie-

1368 3548 1443 3602 hil
1477 3549 1695 3623 dignum
2195 3548 2313 3607 rum
2340 3596 2355 3619 ,
2382 3572 2518 3623 quae

1367 3618 1559 3694 mortis
1596 3622 1671 3694 in-
2194 3618 2523 3694 plangebant

1363 3690 1486 3741 veni
1519 3690 1568 3741 iu
1603 3692 1719 3745 illo.
2194 3690 2276 3757 se,
2306 3690 2360 3749 et
2388 3696 2593 3752 lamen-

1364 3756 1697 3828 CaSIigalum
2195 3765 2401 3819 tabant.

1876 292 2144 389 EUSEBIl
2184 327 2521 387 VERCELL.
2560 329 3003 388 EVANGELIUM
3040 328 3178 423 CUM
3218 328 3445 387 YARIIS
3479 330 3633 389 COD.
3672 327 4062 387 οοιιΑσι-υυ.

3029 541 3118 593 15.
3160 535 3267 592 Sed
3298 550 3470 606 neque

3028 606 3270 664 Herodes
3295 624 3309 660 :
3338 621 3460 663 nam

3029 677 3153 733 misi
3182 692 3278 734 vos
3298 676 3365 731 ad

3030 748 3200 813 illum,
3233 756 3287 803 et
3306 760 3433 803 ecce

3030 817 3162 872 nihil
3184 818 3402 890 dignum

3035 1241 3122 1294 17.
3152 1238 3385 1294 Necesse
3410 1246 3587 1293 autem

2946 1356 2949 1359 Α
3036 1311 3220 1364 habuit
3244 1308 3531 1366 dimittere.

3036 1449 3477 1535 consuetudinem
3497 1490 3513 1517 ,

2966 1758 2969 1759 ν
3044 1732 3293 1786 universa
3328 1729 3482 1784 turba
3505 1771 3521 1795 ,

3454 441 3685 499 CODEX
3720 439 4166 499 VERONENSIS.

3846 533 4064 589 invenio
4094 534 4147 587 in

3847 619 3933 659 eo.
3961 602 4262 685 Corripiam

3850 689 3977 745 ergo
4006 674 4151 729 illum
4178 715 4194 740 ,

3850 744 4212 827 Ξὲδίφῖίεὲξὲτε

3848 814 3939 870 25.
3981 814 4063 869 Ad
4091 814 4168 868 illi
4195 813 4279 868 in-

3029 896 3204 943 morte
3223 884 3411 941 actum
3849 884 4066 939 stabant
4090 884 4235 939 voci-

3030 958 3122 1014 16.
3144 965 3226 1013 est
3252 958 3353 1012 illi.
3378 959 3574 1013 Emen-
3851 955 3951 1010 bus
3978 956 4183 1024 magnis
4206 998 4222 1018 ,

3032 1028 3171 1083 dabo
3199 1042 3331 1097 ergo
3854 1025 4211 1097 postulantes,

3031 1114 3177 1164 eum,
3201 1109 3255 1153 et
3270 1096 3362 1154 di-
3850 1104 3907 1151 ut
3931 1096 4207 1164 cruciﬁge-

3033 1170 3260 1223 mittam.
3578 1170 3583 1171 '
3850 1174 3999 1220 retur
4023 1182 4037 1217 :
4064 1174 4120 1220 et
4145 1166 4294 1219 inva-

3854 1235 4131 1291 lescebant
4161 1250 4253 1292 vo-

3855 1320 3945 1360 ces
3975 1320 4186 1360 eorum.

3856 1378 3948 1431 24.
3989 1375 4053 1429 Ει
4082 1376 4285 1431 Pilatus
4307 1372 4461 1442 adju-

3860 1446 4058 1501 dicavit
4090 1446 4207 1501 ﬂeri
4239 1460 4329 1515 pe-

3858 1516 4099 1571 titionem
4136 1518 4396 1571 ipsorum.

3859 1586 3951 1641 25.
3991 1585 4208 1642 Dimisit
4226 1595 4407 1641 autem

3860 1655 3964 1710 illis
3984 1669 4106 1710 eum
4134 1697 4150 1721 ,

3860 1726 3950 1795 qui
3984 1736 4203 1795 promer

3862 1794 4207 1854 homicidium
4231 1836 4247 1862 ,
4270 1804 4326 1849 et

3862 1865 4181 1921 seditionem

3036 1380 3142 1435 illis
3167 1421 3181 1445 ,
3214 1379 3505 1434 secundum
3556 1420 3557 1423 η

3037 1536 3222 1576 unum.

3041 1592 3127 1647 18.
3180 1589 3514 1645 Exclamavit

3040 1670 3216 1716 autem
3240 1660 3401 1717 simul

3044 1800 3226 1857 dicens
3252 1818 3267 1857 :
3298 1799 3455 1855 Tolle

3044 1872 3216 1939 hunc,
3243 1880 3297 1927 et
3318 1869 3401 1924 di-

3046 1934 3213 1996 mitte
3230 1940 3387 1997 nobis
3864 1937 4063 1991 missus
4091 1934 4267 1991 fuerat

3044 2011 3342 2069 Barabbam
3372 2026 3388 2065 :
3864 2007 3917 2061 in
3948 2020 4254 2070 carcerem;
4290 2062 4291 2065 η

3047 2081 3135 2137 19.
3175 2084 3264 2153 qui
3294 2090 3414 2158 erat
3426 2124 3440 2147 ,
3864 2076 4056 2158 Iesum
4070 2090 4210 2158 vero

3047 2146 3263 2222 propter
3300 2146 3443 2207 sedi;
3864 2146 4084 2222 tradidit
4111 2161 4206 2201 vo—

3046 2218 3246 2293 tionem
3273 2237 3445 2293 quan-
3863 2218 4053 2273 luntati
4077 2231 4173 2273 eo-

3043 2290 3164 2349 dam
3196 2290 3391 2348 iactant
3866 2304 4005 2343 rum.

3045 2363 3099 2426 in
3124 2364 3344 2419 civitate
3367 2403 3383 2431 ,
3864 2357 3956 2413 26.
3990 2358 4059 2414 Et
4078 2397 4094 2423 ,
4124 2366 4246 2413 cum
4267 2354 4368 2410 du-

3043 2443 3098 2490 et
3126 2433 3476 2490 homicidium
3500 2474 3515 2490 .
3867 2436 4053 2483 cerent
4071 2443 4194 2484 eum
4219 2468 4235 2490 ,

3043 2506 3243 2560 missus
3268 2506 3322 2560 in
3348 2519 3468 2561 car-
3868 2498 4145 2554 Simonem

3042 2590 3241 2631 aerem.
3866 2568 4152 2631 quemdam

3042 2646 3135 2703 20.
3167 2646 3369 2700 lterum
3396 2660 3495 2700 au-
3866 2646 4231 2711 Cyrenensem

3046 2726 3153 2772 tem
3179 2716 3382 2770 Pilatus
3866 2710 4172 2765 venientem

3044 2788 3255 2842 locutus
3282 2795 3367 2841 est
3867 2781 3937 2837 de
3952 2780 4081 2835 villa
4109 2778 4203 2834 ad-

3046 2857 3113 2933 ad
3143 2858 3266 2933 illos
3286 2873 3427 2933 ,_vo-
3870 2850 4309 2933 prehenderunt,

3048 2927 3163 3001 lens
3185 2928 3486 3001 dimittere
3867 2931 3922 2977 et
3949 2927 4221 3001 imposue-

3046 2997 3113 3052 21
3126 3037 3138 3050 .
3178 2998 3384 3053 Iesum.
3412 2998 3491 3053 Ad
3867 2998 3994 3046 runt
4017 2989 4096 3042 illi

3050 3067 3129 3122 illi
3150 3068 3357 3123 succla-
3869 3072 4084 3115 crucem
4113 3072 4237 3127 por-

3051 3139 3269 3192 mabaut
3288 3180 3304 3204 ,
3333 3137 3516 3203 dicen-
3872 3144 3983 3204 tare
4014 3138 4134 3199 post

3055 3216 3137 3261 tes
3160 3225 3174 3261 :
3204 3202 3466 3276 Cruciﬁge
3868 3202 4073 3276 testim.

3053 3278 3224 3332 illum.
3402 3268 3430 3276 ”
3868 3272 3961 3327 27.
4002 3268 4335 3337 Sequebatur

3052 3347 3145 3401 22.
3186 3348 3278 3404 Ille
3306 3356 3483 3403 autem
3871 3350 4051 3397 autem
4078 3341 4226 3395 illum

3056 3420 3215 3472 tertio
3242 3418 3376 3473 dixit

3054 3490 3119 3543 ad
3152 3489 3273 3544 illos
3297 3507 3309 3542 :
3342 3488 3477 3555 Quid

3874 3410 3953 3485 (a)
3979 3409 4270 3485 multitudo

3874 3482 4052 3564 pupilli
4074 3482 4134 3552 τ,
4168 3491 4223 3535 et

3056 3560 3199 3614 enim
3232 3554 3379 3613 mali,
3873 3554 4183 3613 mulierum.

3057 3630 3185 3684 fecit
3213 3630 3357 3684 iste?
3874 3638 4009 3694 quae
4039 3624 4258 3694 plange-

3056 3700 3254 3752 nullam
3281 3701 3424 3753 enim
3877 3692 4027 3757 bant,
4048 3702 4103 3745 et
4128 3692 4203 3745 la-

3056 3781 3268 3822 Causam
3301 3768 3490 3823 mortis
3878 3762 4205 3818 mentabant.

2704 3876 2936 3934 conss
2964 3850 3362 3937 unimanus.

1364 3965 1470 4020 Sed
1526 3982 1702 4035 neque
1752 3967 2012 4025 Herodes.
2071 3985 2193 4023 nam
2248 3969 2457 4024 remisit
2486 3985 2608 4025 eum
2645 3971 2709 4025 ad
2743 3986 2862 4035 nos.
2891 3980 2946 4027 et

1359 4050 1490 4107 ecce
1535 4037 1668 4092 nihil
1712 4038 1931 4107 dignum
1977 4049 2149 4095 morte
2205 4048 2380 4095 actum
2415 4050 2498 4096 est
2535 4041 2603 4096 ab
2632 4056 2719 4098 eo.
2752 4042 2943 4097 Emen-

1362 4105 1516 4190 με)οῄ
1548 4105 1875 4190 ergojllum
1922 4120 1977 4190 et
2027 4112 2311 4190 dimittam.
2357 4110 2586 4190 Necesse
2627 4120 2805 4167 autem
2836 4113 2946 4190 lia-

1278 4230 1297 4250 .
1361 4174 1522 4250 bebat
1575 4174 1849 4250 dimittere
1890 4182 1988 4234 eis.
2043 4195 2142 4248 per
2178 4182 2320 4235 diem
2368 4180 2562 4237 festum
2609 4198 2792 4238 unum.
2836 4183 2945 4237 Ex~

1365 4246 1619 4299 clamavit
1666 4258 1844 4303 autem
1902 4246 2059 4305 simul
2110 4253 2357 4306 universa
2407 4253 2693 4307 multitudo
2740 4253 2944 4308 dicens.

1369 4314 1519 4393 Tolle
1565 4316 1725 4393 hunc.
1754 4330 1832 4393 _et
1876 4320 2088 4374 dimitte
2132 4322 2635 4393 nobisABarabban.
2691 4326 2781 4393 qui
2834 4334 2949 4377 erat

1366 4392 1585 4504 propter
1610 4384 1930 4440 seditionem
1983 4390 2264 4456 quamdam
2296 4390 2487 4445 factam
2517 4394 2575 4447 in
2625 4384 2863 4447 civitate.
2890 4402 2944 4448 et

1387 4453 1718 4504 tomicitlium
1750 4455 1801 4504 in
1830 4470 2048 4504 carcere
2078 4458 2295 4504 missus.
2328 4460 2519 4504 lterum
2544 4472 2722 4504 anth
2745 4462 2944 4504 Pilatum

1387 4453 1718 4507 tomicitliutn
1750 4455 1801 4507 in
1830 4453 2048 4509 carcere
2078 4458 2295 4511 missus.
2328 4460 2519 4513 lterum
2544 4472 2722 4515 autem
2745 4462 2946 4516 Pilatus

1366 4523 1582 4576 locutus
1610 4534 1697 4589 est
1721 4524 1785 4577 ad
1817 4539 1931 4577 eos.
1986 4525 2172 4577 volens
2225 4527 2497 4583 dimittere
2534 4530 2739 4584 Iesum.
2777 4534 2845 4583 At
2874 4532 2946 4584 illi

1368 4594 1670 4649 clamabant
1697 4594 1957 4650 dicentes.
1983 4594 2245 4665 Cruciiige
2294 4596 2467 4651 illum.
2496 4599 2587 4651 ille
2610 4607 2810 4653 autem.
2844 4608 2951 4658 ter-

1372 4666 1448 4718 tio
1471 4665 1605 4718 dixit
1633 4666 1700 4720 ad
1732 4666 1878 4720 illos.
1911 4665 2047 4733 Quid
2077 4667 2220 4719 enim
2252 4666 2380 4720 mali
2406 4665 2534 4721 fecit
2580 4668 2699 4723 iste.
2752 4670 2949 4723 nullam

1366 4750 1581 4790 causam
1609 4735 1800 4791 mortis
1828 4737 2039 4792 invenio
2068 4736 2117 4789 in
2149 4737 2294 4791 illum
2324 4737 2631 4819 Emendans
2650 4753 2777 4808 ergo
2804 4740 2951 4793 illum

3047 3972 3333 4027 dimittam.
3367 3972 3437 4027 At
3480 3972 3556 4025 illi
3601 3970 3872 4025 instabant
3908 3968 4129 4022 vocibus
4172 3968 4381 4035 magnis
4444 3974 4626 4034 postu-

3049 4043 3225 4097 lantes
3274 4042 3785 4110 utcrucifigcretur.
3807 4046 3862 4093 et
3910 4036 4629 4110 invalcseeb‘aut_voees_eo;

3048 4129 3169 4168 rum
3194 4123 3247 4166 et
3276 4104 3653 4169 Sacerdotum.
3689 4110 3889 4177 Pilatus
3929 4118 4119 4177 autem
4154 4104 4483 4177 adiudicavit
4511 4104 4625 4158 lleri

3050 4184 3361 4255 petitionem
3394 4200 3600 4255 eorum.
3636 4175 3847 4255 Dimisit
3874 4175 4155 4255 autem_eis
4177 4176 4329 4255 illum
4351 4176 4445 4255 qui
4465 4189 4625 4242 prop-

3051 4244 3135 4309 ter
3164 4254 3535 4309 homicidium.
3564 4262 3618 4308 et
3654 4250 3972 4306 seditionem
4003 4246 4199 4302 missus
4238 4244 4412 4299 fuerat
4433 4245 4486 4298 in
4508 4257 4625 4297 car-

3050 4340 3252 4380 cerem.
3302 4342 3460 4394 quem
3495 4325 3763 4391 petebant.
3794 4320 3974 4376 Jesum
4004 4332 4131 4373 vero
4181 4315 4402 4394 tradidit
4438 4314 4627 4394 volunf

3050 4397 3145 4449 tati
3190 4383 3398 4449 eorum.
3452 4383 3958 4465 E'tcumkducereut
3994 4404 4116 4443 cum
4157 4383 4627 4465 adprehendet-unt

3051 4466 3327 4520 Simonem
3354 4466 3620 4534 quendam
3645 4463 4029 4534 Cyrenensem.
4053 4458 4357 4534 venientem
4386 4456 4452 4509 de
4480 4455 4622 4534 villa.

3053 4543 3109 4589 et
3150 4524 3500 4603 inposuerunt
3528 4535 3602 4588 illi
3642 4524 3855 4589 cr'ucem
3886 4540 4102 4603 portare
4132 4538 4253 4596 post
4276 4527 4483 4603 Iesum.
4529 4524 4625 4580 Se-

3054 4597 3327 4673 quebatur.
3347 4614 3526 4658 autem
3554 4606 3702 4658 illum
3735 4602 3808 4673 (a)
3834 4597 4121 4673 multitudo
4150 4597 4407 4667 populi-1'.
4427 4605 4482 4651 et
4512 4609 4626 4651 mu.

3057 4672 3220 4727 lieres
3248 4688 3386 4742 quae
3413 4670 3753 4744 plangebant.
3778 4670 3829 4728 et
3853 4670 4219 4727 lamentabant
4244 4684 4387 4725 eum.

2646 4829 2873 4887 CODEX
2916 4827 3377 4886 CORBEIENSIS.

1447 4921 1534 4995 21.
1557 4923 1820 4995 [licentes
1844 4941 1859 4979 :
1886 4925 2148 4995 (Irucilige
2178 4925 2349 4981 illum.

1437 4992 1529 5047 25.
1557 4992 1825 5068 Voluntati
1857 5011 2062 5051 eorum.
2087 4992 2458 5065 Susceperunt
2476 5012 2605 5068 ergo
2630 4997 2847 5059 Jesum;
2877 5004 2950 5060 et,

1374 5073 1599 5133 portans
1624 5065 1725 5119 sibi
1756 5081 1995 5133 crucem,
2020 5068 2340 5124 ducebatur.

3126 4924 3215 4979 26.
3244 4924 3329 4990 Et,
3360 4940 3484 4978 cum
3514 4924 3773 4978 ducerent
3793 4940 3933 4979 eum.

3126 4995 3218 5050 27.
3245 4996 3265 5025 ⁸
3300 4993 3577 5049 Multitudo
3607 4994 3782 5063 populi
3806 4995 3870 5064 τ,
3895 5007 3943 5050 et
3970 4995 4274 5050 mulierum.

2582 5155 2978 5214 VARIANTES
3015 5152 3418 5211 LECTIONES.

1433 5250 1447 5317 ξ
1489 5248 1593 5317 ραι.
1641 5254 1685 5297 et
1708 5248 1982 5317 Mm_._illum
2006 5250 2064 5297 ad
2082 5263 2186 5317 vos.
2216 5251 2363 5317 γυις.
2390 5264 2477 5302 vos
2500 5254 2559 5302 ad
2584 5253 2737 5302 illum.

1426 5313 1447 5341 ι
1483 5311 1622 5359 Deest
1645 5321 1770 5373 vers.
1796 5312 1872 5369 i7,
1892 5322 2030 5373 quem
2052 5309 2122 5360 sic
2144 5309 2443 5366 habent'Gat.
2465 5321 2511 5366 et
2535 5318 2655 5365 Hm.
2685 5327 2704 5364 :
2736 5313 2953 5362 Necesse

1372 5378 1535 5438 autem
1564 5379 1671 5421 erat
1691 5372 1940 5438 dimittere
1977 5373 2051 5420 cis
2076 5387 2160 5435 per
2182 5374 2315 5423 diem
2337 5375 2511 5427 festum
2537 5416 2551 5436 ,
2572 5389 2751 5437 unum;
2784 5375 2949 5438 71:19.,

1368 5434 1589 5485 Necesse
1610 5440 1774 5481 autem
1801 5434 2024 5488 habebat.
2062 5443 2159 5484 etc.

1432 5496 1452 5567 ξ
1617 5496 1802 5567 etum.
1830 5497 2001 5567 missus
2024 5494 2186 5567 inerat
2212 5498 2278 5545 in.
2314 5498 2455 5567 Vulg.
2483 5507 2648 5551 erat...
2674 5502 2849 5550 missus
2881 5501 2969 5548 in.

1430 5559 1453 5588 ὀ
1487 5559 1603 5608 Mm.
1629 5555 1854 5606 dicentes
1876 5571 1888 5607 :
1917 5557 2159 5621 Cruciﬂge
2185 5571 2317 5609 eum.

3124 5247 3144 5277 ⁸
3180 5246 3283 5295 Gut.
3306 5248 3397 5295 iste
3436 5246 3637 5297 homo...
3658 5247 3838 5295 inveni.
3868 5245 4012 5307 Vulg.
4033 5248 4185 5307 ista...
4215 5246 4427 5307 invenio.

3123 5308 3144 5339 ⁸
3178 5310 3299 5357 Mm.
3323 5307 3685 5358 invalescebant
3706 5308 3922 5357 vocibus.
3956 5306 4098 5372 Vulg.
4148 5306 4512 5358 invalescebant
4546 5316 4623 5355 vo-

3059 5383 3161 5504 ce?
3307 5432 3588 5504 petitiones.
3631 5431 3777 5495 Vulg.
3803 5432 4109 5495 petitionem.

3122 5494 3649 5546 'EtitaGat.ctMm.

2000 5750 2004 5754 ἱ
2135 5744 2165 5750 Γ
2685 5663 3047 5723 BLANCHINI
3081 5664 3308 5722 nom.

1442 5756 1518 5822 (al
1540 5754 1612 5813 lla
1645 5756 1701 5813 et
1728 5756 1853 5814 cod.
1898 5757 2057 5814 Cant.
2088 5759 2273 5821 πὶῆθὸζ
2322 5759 2466 5814 λαοῦ.
2510 5760 2743 5818 Vcrcell.
2769 5758 3041 5814 multitudo
3097 5760 3271 5828 ingens
3302 5754 3496 5827 populi.
