3912 6442
466 454 568 508 7:27
992 428 1265 514 EUSEBII
1299 449 1636 509 VERCELL.
1680 453 2128 512 EVANGEIJUM
2176 455 2321 514 CUM
2361 455 2590 514 VARIIS
2625 453 2779 513 COD.
2821 455 3214 516 COLLATUM.
3647 454 3753 511 ἨΒ

863 570 1092 628 CODEX
1131 566 1670 626 VEHCELLENSIS.

475 661 624 717 venit
642 662 707 716 ad
732 677 854 718 eum
1309 667 1394 713 set
1421 657 1595 724 palam
1624 657 1678 712 in

2592 567 2820 626 CODEX
2861 566 3314 625 VLilONENSIS.

479 735 496 765 ¹
539 734 804 801 leprosns,

477 805 776 870 deprecans

476 888 622 939 eum,
648 872 729 944 (α)
767 883 820 928 ει
839 873 919 930 di-

477 957 610 999 cens
630 943 706 1013 1-:
735 945 888 1011 Quia,

478 1014 523 1068 si
553 1015 655 1079 vis,
687 1023 841 1082 potes

476 1097 566 1139 me
596 1099 753 1138 mun-

479 1155 571 1209 41.
611 1153 762 1209 dare.
795 1154 864 1210 Et
883 1155 962 1211 ira

483 1233 588 1289 tus,
621 1234 811 1280 exten-

481 1295 616 1348 dens
644 1311 860 1351 manum

483 1379 664 1438 suam,
679 1372 745 1438 et
775 1365 896 1438 tan?

483 1449 615 1504 gens
635 1435 807 1502 illum,

481 1505 624 1558 aitei
660 1520 674 1557 :
709 1506 844 1561 Volo
875 1525 890 1562 :

1309 728 1582 784 civitatem

1313 798 1540 853 introire
1569 813 1586 851 :

1314 869 1409 924 sed
1433 869 1561 922 loris
1585 867 1639 921 in

1315 940 1335 969 ²
1366 938 1580 993 deserta
1607 939 1688 992 lo-

1315 1023 1377 1063 ca
1408 1015 1545 1070 erat,
1571 1017 1628 1062 et
1654 1021 1784 1062 con-

1315 1078 1604 1133 veniebant

1316 1149 1384 1202 ad
1411 1163 1534 1203 eum
1569 1163 1665 1203 un-

1317 1218 1501 1289 dique.

1532 1331 1762 1388 CAPUT
1794 1333 1855 1388 Il.

1321 1429 1375 1482 1.
1418 1427 1486 1481 Et
1501 1468 1514 1488 .
1547 1442 1670 1481 cum
1697 1416 1865 1483 intro-

1324 1499 1454 1552 isset
1474 1497 1670 1552 iterum

1326 1569 1345 1598 ³
1381 1568 1432 1622 ἰιι
1464 1567 1699 1634 Caphar-

396 2962 406 2973 ,
497 2907 712 2978 Moyses
743 2910 796 2963 in

483 1575 573 1698 i2.
599 1579 892 1698 “3:22.933?
918 1578 976 1646 i'

561 1683 573 1695 .
619 1645 682 1699 Et
702 1648 882 1703 statim
936 1645 942 1646 “
1326 1653 1485 1692 nanni
1517 1647 1637 1707 post

484 1714 816 1773 discessitab
1322 1708 1378 1761 2ο
1421 1707 1568 1773 dies,
1598 1711 1788 1778 cogni-

483 1785 739 1858 eolepra,
767 1798 823 1842 et
1327 1790 1439 1858 tum
1466 1788 1548 1832 est
1567 1820 1583 1842 ,
1613 1778 1756 1849 quod

485 1848 772 1914 mundatus
796 1869 899 1912 est.
1327 1849 1380 1902 in
1409 1848 1571 1903 domo
1597 1848 1682 1904 es-

482 1927 575 1981 45.
617 1927 684 1979 Ει
714 1942 862 1983 com-
1322 1930 1438 1975 set:
1469 1929 1522 1974 et
1553 1919 1715 1987 pr0ti-

491 1997 724 2051 minatus
1327 2005 1430 2044 nus
1453 2004 1671 2044 come--

444 2079 450 2084 ·
491 2076 595 2131 est,
619 2078 674 2120 et
705 2069 886 2124 statim
1325 2069 1523 2131 nerunt
1553 2060 1693 2114 mul-

1326 2130 1388 2196 ti,
1419 2131 1472 2183 in
1504 2138 1713 2183 tantum

1327 2210 1384 2253 ut
1409 2200 1484 2269 (e)
1511 2201 1620 2264 jam
1655 2213 1762 2252 non
1791 2197 1831 2264 οξ-

1328 2283 1512 2338 posset
1532 2269 1553 2298 ⁸
1575 2282 1736 2337 cape-

1327 2353 1386 2393 re
1416 2353 1584 2408 usque
1610 2339 1678 2392 ad

1324 2408 1570 2479 januam,
1599 2417 1656 2463 et

1334 2478 1656 2548 loquebatur

1332 2549 1442 2603 illis
1469 2549 1716 2604 verbum.

494 2136 700 2191 dimisit
726 2154 874 2194 eum.

490 2204 561 2260 44
605 2206 667 2259 Et
697 2209 831 2263 dixit
859 2207 906 2263 ei
935 2225 948 2260 :

499 2275 650 2337 Vide,
676 2280 847 2332 nemi-

496 2345 550 2398 ni
577 2345 813 2414 dixeris;

494 2415 591 2471 sed
625 2417 778 2481 vade,
823 2433 913 2471 os-

491 2485 653 2560 tende
680 2495 730 2560 te
761 2487 843 2560 (ά)
865 2487 966 2543 Sa-

494 2557 706 2628 cerdoti
736 2557 795 2628 τ’,
821 2567 877 2612 ει

494 2625 661 2679 οπετε
695 2619 793 2694 pro
1331 2621 1396 2694 5.⁸
1431 2619 1496 2672 Ει
1523 2619 1593 2688 (f)
1624 2620 1844 2694 veniunt
1875 2619 1914 2688 *ξ’

494 2689 775 2764 purgatio-
1331 2689 1398 2764 ad
1430 2705 1574 2756 eum,
1605 2690 1699 2745 ad-

496 2759 566 2821 ite
599 2759 711 2831 ina,
738 2769 880 2842 quod
1330 2759 1567 2842 ferentes

497 2833 776 2907 praecepii
1331 2833 1706 2907 paralytjcum,

1330 2904 1420 2970 qui
1453 2902 1684 2955 tolleba-

1333 2982 1418 3026 tur
1443 2987 1473 3026 a
1500 2982 1709 3042 quattu-

1331 3043 1386 3097 4.
1428 3040 1610 3096 οι.Ἐι
1630 3085 1644 3109 ,
1679 3057 1801 3096 enni

1332 3127 1439 3166 non
1470 3123 1690 3180 possent

1334 3183 1410 3253 (g)
1445 3183 1706 3236 accedere
1734 3185 1770 3252 ’ξ-

1336 3263 1556 3320 propter
1586 3261 1702 3305 tur-

1335 3325 1484 3385 bani,
1508 3336 1700 3376 ascen-

1336 3393 1528 3447 dentes
1545 3433 1558 3456 ,
1588 3392 1681 3448 de-

1338 3462 1579 3518 nudave-

1306 3561 1312 3568 -
1337 3544 1459 3588 runt
1483 3543 1707 3598 tectum,

499 2979 802 3034 testimoni-

500 3064 588 3102 um
620 3049 751 3102 illis;

496 3119 585 3172 45.
631 3117 712 3172 Ad
744 3120 833 3173 ille
863 3131 1046 3188 egres-

501 3202 617 3249 sus,
650 3189 831 3256 coepit

499 3257 839 3326 praedicare,

501 3335 558 3381 et
587 3327 822 3381 diﬂama-

505 3413 565 3451 I‘O
595 3411 810 3451 sermo-

503 3481 664 3532 nem;
696 3470 766 3521 ita
795 3477 853 3522 ut

498 3539 609 3606 jam
643 3553 749 3593 non
778 3552 900 3608 pos-

2169 661 2238 716 ad
2270 661 2419 716 illum
3001 671 3180 730 posset
3208 675 3301 731 pa-

2173 733 2443 796 leprosus,
2793 777 2799 783 .
2999 732 3105 786 lam
3131 733 3187 786 in

2172 801 2505 869 depraecans
2794 848 2796 851 .
2998 801 3217 858 civitate

2172 885 2320 938 eum,
2356 870 2431 1011 (az
2458 879 2517 926 et.
3000 871 3225 928 introire
3255 890 3271 925 ε

2174 940 2360 1011 dicens
2461 959 2472 994 :
3003 942 3096 998 sed
3127 940 3271 997 foras

2174 940 2373 997 dicens
2390 940 2431 998 ’ἰ-
2461 959 2472 994 :
3003 942 3096 998 sed
3127 940 3276 997 foras

2176 1010 2233 1065 Si
2265 1011 2371 1075 vis,
2409 1010 2414 1011 “
3000 1013 3054 1066 in
3083 1013 3295 1067 deserta

2182 1091 2336 1150 potes
3001 1083 3119 1138 loca
3147 1098 3236 1138 ve-

2176 1150 2436 1206 mundare
3005 1153 3221 1208 niebant
3245 1153 3312 1207 ad

2181 1237 2284 1277 me.
3006 1223 3177 1278 illutn.

2178 1293 2266 1348 41.
2307 1292 2375 1346 Ει
2396 1299 2590 1346 exten-

2253 1331 2266 1346 .
2307 1299 2375 1346 Et
2396 1299 2590 1346 exten-

2178 1332 2584 1426 ἇὲὶιεῖἰῑῖἱιῖἵ
3216 1332 3443 1390 CAPUT
3466 1332 3539 1388 ιι.

2180 1448 2308 1486 num
2334 1432 2376 1502 -ι-
3004 1433 3058 1483 l.
3102 1428 3170 1482 Et
3197 1428 3392 1484 iterum

2180 1503 2230 1557 ei
2261 1503 2396 1556 dixit
2425 1518 2441 1555 ε
3005 1501 3155 1556 benit
3181 1499 3284 1554 Ca-

2181 1572 2322 1627 Volo
2350 1590 2363 1627 :
3007 1570 3302 1642 pharnaum

2182 1644 2255 1714 (ε)
2291 1657 2448 1714 mun-
3009 1639 3128 1710 post
3157 1639 3274 1714 dies
3304 1655 3318 1691 :

2183 1710 2312 1768 dare
2339 1712 2380 1782 ἰ·
2429 1781 2456 1782 η
3010 1720 3065 1766 ει
3091 1710 3330 1782 auditum
3353 1717 3454 1774 est,

2192 1783 2273 1837 i2.
2317 1780 2382 1837 Et
2410 1781 2615 1838 disces-
3009 1780 3153 1849 quod
3181 1781 3234 1835 in

2186 1855 2256 1908 sit
2281 1853 2349 1908 ab
2374 1867 2440 1907 eo
3012 1852 3172 1907 domo
3201 1857 3379 1913 esset;

2183 1925 2355 1992 lepra.
2566 1991 2569 1992 ν
3010 1922 3066 1974 2.
3107 1929 3164 1975 ει
3188 1934 3321 1976 con-

2184 1991 2275 2048 Η.
2317 1993 2387 2048 Ει
2415 1992 2488 2045 ait
2516 1991 2595 2045 illi
2625 2011 2636 2044 :
3011 1997 3276 2047 venerunt

2190 2063 2339 2126 Vide.
2373 2062 2545 2116 nemi-
3013 2061 3163 2116 multi
3183 2101 3198 2125 ,

2186 2136 2238 2187 ni
2267 2133 2418 2203 dixe:
3013 2133 3081 2186 ita
3111 2144 3168 2203 ut
3199 2129 3273 2203 (ε)
3293 2129 3406 2200 jam

2186 2207 2292 2267 ris;
2322 2201 2416 2256 sed
3015 2217 3114 2257 nec
3137 2201 3178 2271 ’ξ’
3207 2201 3236 2255 a

2186 2273 2498 2327 demonstra
3008 2275 3231 2343 januam

2186 2354 2239 2400 te
2261 2344 2342 2415 (ά)
2364 2344 2460 2415 Sa_-
3012 2351 3262 2415 caperet,

2186 2413 2389 2484 cerduti
2415 2413 2457 2484 -ξ-
2479 2453 2495 2480 ,
3014 2423 3069 2484 et
3098 2414 3284 2484 loque-

2185 2495 2239 2539 et
2268 2481 2439 2538 oll‘ers'
3013 2483 3168 2538 batur
3192 2481 3261 2536 ad

2185 2570 2283 2624 pro
2315 2569 2503 2624 purga-
3015 2569 3108 2611 eos
3134 2567 3256 2608 ver-

2186 2626 2332 2680 tione
2358 2635 2476 2692 tua,
3013 2626 3076 2702 5.
3109 2625 3256 2702 bum.
3290 2620 3385 2702 Et;

2186 2711 2322 2764 tiuae
2351 2690 2507 2764 vraé-
3013 2697 3084 2821 (ρ
3111 2696 3336 2750 veniunt
3363 2690 3402 2761 τ

2187 2766 2330 2821 cepit
2353 2766 2498 2821 Mov-
3011 2781 3041 2820 a
3100 2765 3276 2821 illum.

2187 2766 2330 2834 cepit
2353 2766 2498 2837 Moy-
3011 2765 3276 2837 adillum,

2190 2851 2277 2891 ses
2305 2837 2354 2890 in
2389 2835 2459 2890 tel
3014 2835 3250 2892 ferentes

2189 2908 2497 2961 stimoniuin
3015 2909 3162 2976 paral
3172 2906 3276 2976 yti-

2189 2975 2317 3032 illis.
3017 2975 3138 3032 eum
3164 2975 3218 3031 in

2189 3048 2278 3102 45.
2323 3046 2438 3117 Ipse
2460 3061 2552 3101 au-
3018 3047 3285 3116 grabatto.

2192 3126 2301 3172 tem
2325 3133 2506 3187 εει-εει·
3019 3117 3075 3172 4.
3117 3118 3206 3181 Et.
3231 3128 3355 3187 cum

2192 3202 2304 3252 sus,
2339 3184 2516 3258 coepit
3016 3187 3095 3258 (g)
3121 3184 3357 3258 accede-

2196 3256 2468 3326 praedica4
3018 3256 3083 3312 r'e'
3106 3256 3148 3326 ἰ-
3177 3269 3285 3310 non

2196 3343 2274 3393 re,
2305 3337 2359 3380 et
2383 3326 2483 3381 dif-
3019 3336 3240 3397 possent
3258 3337 3402 3397 prae

2197 3398 2400 3452 l‘amare
2425 3426 2428 3429 -
3021 3395 3342 3451 inultitudi-'

2196 3482 2499 3523 sermonem
2519 3486 2533 3533 ;
3022 3483 3112 3534 ne,
3144 3467 3364 3524 detexe-

2197 3539 2268 3592 ita
2300 3548 2357 3593 ut
2381 3540 2491 3609 jam
2524 3554 2630 3594 non

1716 3723 1720 3727 .
1815 3667 2042 3725 CODEX
2080 3671 2473 3732 BRIXIANUS.

2203 3783 2527 3842 sermonem.
2585 3771 2654 3824 ita
2710 3781 2768 3824 ut
2805 3772 2876 3842 (ρ)
2929 3772 3059 3838 jam.
3110 3785 3217 3842 non
3267 3769 3306 3842 j-
3348 3761 3783 3842 _posset_palani

2205 3839 2360 3914 Iesus
2415 3841 2466 3893 in
2510 3842 2782 3894 civitatem
2813 3832 3202 3914 introirens'ed
3259 3832 3497 3914 {crisin
3544 3832 3784 3914 desertis

2209 3908 2338 3961 locis
2359 3923 2501 3962 esse.
2534 3919 2588 3963 et
2609 3911 2999 3964 conveniebant
3027 3911 3092 3965 ad
3133 3925 3253 3964 eum
3288 3903 3542 3974 nndidue.
3577 3903 3646 3974 Et
3681 3903 3784 3955 ite-

2200 3992 2316 4030 rum
2368 3978 3012 4049 intravit_Capharnauin
3086 3991 3206 4049 post
3247 3979 3382 4033 dies.
3430 3973 3488 4032 et
3528 3973 3779 4028 auditum

2199 4058 2279 4100 est
2330 4049 2468 4113 quod
2503 4048 2557 4102 in
2591 4047 2752 4104 domo
2786 4060 2950 4104 esset.
2989 4059 3042 4103 et
3071 4047 3356 4104 confestim
3408 4053 3786 4100 convenerunt

2201 4119 2374 4171 multi.
2407 4119 2476 4172 ita
2505 4127 2557 4173 ut
2588 4134 2692 4173 non
2718 4128 2939 4188 caperet
2966 4135 3133 4189 usque
3156 4118 3222 4190 ad
3249 4121 3484 4186 ianuam.
3513 4124 3569 4168 et
3589 4114 3783 4190 loque-

2205 4190 2359 4243 batur
2382 4191 2459 4243 eis
2492 4190 2735 4245 verbum.
2773 4191 2836 4242 Et
2865 4188 3130 4244 venertint
3157 4188 3224 4242 ad
3251 4202 3394 4242 eum.
3421 4193 3702 4253 portantes
3732 4188 3784 4234 in

2199 4261 2423 4329 grabato
2469 4261 2842 4331 paralyticum.
2881 4262 3020 4314 inter
3039 4267 3296 4331 quatuor.
3322 4255 3390 4311 Et
3427 4251 3556 4308 ﬁcum
3583 4251 3785 4331 oITerre

2199 4327 2320 4385 cum
2379 4327 2482 4386 non
2528 4327 2772 4403 possiem;
2797 4346 2922 4400 prae
2959 4327 3137 4395 turba.
3193 4327 3532 4384 nudaverunt
3575 4330 3780 4376 tectum

503 3765 649 3847 venit
697 3766 781 3847 ad
811 3781 954 3847 eunt.
997 3769 1276 3847 .leprosus.
1332 3763 1632 3847 deprecans
1685 3778 1806 3847 eum
1862 3771 1917 3817 et
1954 3778 2093 3832 genu

505 3839 641 3891 llexo
677 3837 830 3891 dixit.
861 3837 917 3891 Si
959 3837 1043 3891 vis
1069 3833 1237 3904 ‘potes
1269 3851 1353 3888 me
1400 3833 1680 3888 mundare.
1732 3833 1887 3904 .lcsus
1919 3845 2096 3887 autem

505 3909 757 3961 misertus
777 3907 909 3975 ejus.
943 3902 1183 3960 extendit
1210 3920 1426 3958 manum
1460 3919 1631 3975 s_uam.
1662 3912 1716 3955 ει
1745 3902 1921 3975 tetigit
1947 3917 2093 3975 cum.

505 3986 562 4030 et
609 3976 744 4028 dixit
795 3972 864 4030 ei.
922 3975 1061 4030 Volo
1117 3975 1398 4028 mundare.
1462 3973 1530 4025 Et
1568 3987 1687 4025 cum
1744 3973 1874 4024 lianc
1926 3972 2088 4025 dixis.

503 4054 586 4100 set
615 4046 794 4099 statim
833 4046 1084 4100 discessit
1120 4045 1187 4099 ab
1227 4059 1292 4097 eo
1337 4045 1506 4111 lepra.
1568 4042 1632 4094 Et
1687 4041 1969 4094 mundatus
2013 4052 2094 4094 est

505 4125 560 4168 et
597 4116 952 4169 comminatus
993 4124 1076 4169 est
1119 4115 1188 4168 ei.
1232 4126 1281 4167 et
1343 4113 1522 4166 statim
1566 4112 1768 4165 dimisit
1807 4112 1975 4164 illum.
2028 4112 2093 4164 Et

506 4185 640 4238 dixit
691 4187 758 4239 ei.
808 4185 960 4241 Vide.
1020 4185 1222 4240 nemini
1273 4184 1493 4238 dixeris.
1553 4183 1645 4236 sed
1686 4182 1818 4236 vade
1869 4181 2093 4236 os:ende

509 4265 558 4306 te
627 4255 704 4323 (ιι)
759 4255 1036 4311 Sacerdoti
1114 4255 1176 4325 -ξκ
1237 4265 1290 4308 ει
1352 4254 1488 4325 offer
1549 4268 1644 4321 pro
1713 4254 2090 4325 emundatione

511 4333 815 4396 lua._‘_quae
862 4323 1138 4394 praecepit
1185 4327 1393 4396 Moyses
1448 4323 1498 4396 in
1559 4325 1923 4396 testimoniinn
1965 4323 2090 4377 illis.

509 4396 575 4446 At
627 4393 714 4447 ille
758 4410 1023 4462 egressus.
1059 4393 1645 4465 icoepit'praedicare.
1704 4406 1758 4449 et
1814 4393 2092 4460 dill'amare

1785 4505 2013 4560 CODEX
2049 4493 2515 4561 CORBEIENSIS.

2269 4598 2422 4652 CAP.
2455 4599 2518 4652 ll.
2551 4598 2700 4652 -2.
2740 4599 2811 4653 ita
2844 4608 2901 4652 ut
2957 4613 3064 4654 non
3110 4607 3334 4667 caperet
3383 4607 3556 4666 usque
3607 4591 3674 4645 ad
3696 4592 3778 4659 ja-

578 4599 669 4655 40.
711 4599 956 4667 leprosus
1004 4599 1302 4663 deprecans
1346 4614 1491 4660 eum,
1516 4609 1569 4652 et
1595 4599 1819 4650 dicens:
1855 4599 2096 4655 Domine.

508 4671 552 4724 Ii
583 4671 686 4734 vis,
717 4680 868 4738 potes
907 4683 992 4722 me
1030 4667 1306 4720 mundare.
1342 4667 1624 4738 Etiratus.
1651 4668 1944 4738 extendens
1984 4684 2091 4719 mi:-

505 4755 634 4795 num
665 4734 837 4803 suam.
863 4748 916 4793 et
947 4751 1172 4806 tangens
1196 4751 1342 4797 eum,
1367 4735 1504 4789 dixit
1526 4753 1538 4788 :
1564 4734 1721 4799 Volo,
1754 4746 1858 4789 etc.

578 4811 669 4865 45.
711 4819 764 4865 ει
790 4810 968 4863 statim
997 4808 1198 4862 dimisit
1230 4806 1399 4860 illum.

577 4880 668 4935 44.
709 4880 931 4936 ostende
955 4889 1004 4934 te
1026 4880 1046 4911 ⁸
1079 4877 1480 4933 Sacerdotibus.

2201 4683 2382 4721 11113111.

3022 3546 3152 3595 runt
3179 3545 3404 3600 tectum,

2268 4740 2322 4788 4.
2391 4737 2725 4790 nudaverunt
2755 4747 2972 4802 tectum,
2991 4739 3079 4793 ubi
3106 4749 3224 4792 erat
3250 4737 3443 4799 Jesus;
3472 4745 3526 4790 et
3554 4733 3780 4790 summi-

2199 4814 2381 4859 serunt
2399 4807 2734 4875 grabbatum,
2769 4806 2822 4862 in
2850 4823 2952 4876 quo
2971 4808 3182 4878 jacebat
3210 4805 3553 4879 paralyticus.

1719 4987 2114 5045 VARIANTES
2154 4986 2551 5043 LECTIONES.

571 5089 590 5120 ⁸
627 5088 730 5136 Gal.
760 5089 981 5146 leprosus
1002 5087 1226 5148 quidam;
1254 5088 1592 5148 etdeprecans
1616 5097 1728 5148 eum
1765 5095 1897 5145 genu
1923 5084 2084 5148 ﬂexo,

506 5149 628 5198 dixit
649 5164 660 5197 :
681 5149 750 5198 Si.
779 5145 897 5197 Mm.
923 5145 1044 5197 dixit
1071 5163 1081 5195 :
1105 5145 1310 5197 Domine
1328 5185 1341 5204 ,
1366 5145 1427 5197 si.
1461 5145 1604 5210 Vulg.
1633 5145 1882 5208 leprosus,
1907 5145 2087 5206 depre-

508 5221 623 5257 cans
647 5223 790 5269 eum;
818 5219 867 5258 et
890 5222 1020 5270 genu
1048 5210 1344 5270 ﬂexo,idixit
1370 5211 1415 5258 ei
1437 5223 1448 5256 :
1474 5211 1543 5258 Si.

569 5271 590 5301 '
624 5270 723 5320 Gal.
753 5279 799 5319 et
824 5269 938 5319 Mm.
966 5271 1179 5318 desertis
1206 5269 1325 5317 locis
1349 5281 1480 5319 esse.
1517 5269 1722 5330 νυῷ...
1753 5276 1901 5318 esset.

517 5360 520 5363 -
571 5331 591 5362 ⁸
628 5334 739 5380 Mm.
770 5333 818 5379 in
844 5331 1175 5393 Capharnaum
1203 5339 1309 5391 post
1327 5331 1458 5390 dies,
1487 5338 1555 5380 et.
1585 5327 1730 5394 Vulg.
1758 5331 2091 5392 Capharnaum

2197 5088 2305 5144 post
2326 5079 2451 5144 dies.
2481 5078 2542 5128 Et

2256 5145 2290 5222 δ’
2311 5143 2414 5191 ϐαι.
2441 5146 2485 5191 et
2511 5143 2624 5192 Mm.
2647 5151 2848 5204 caperet
2865 5143 3041 5222 donius
3073 5155 3254 5206 neque.
3287 5143 3430 5208 Vulg.
3456 5152 3658 5206 caperet
3685 5159 3774 5194 ne-

2195 5216 2310 5263 que.

2261 5266 2280 5294 ⁸
2318 5265 2422 5315 Gal.
2443 5265 2752 5329 Principibus
2771 5265 3097 5316 sacerdotum.

1822 5427 2188 5485 BLANCHINI
2225 5426 2451 5484 NOTAE.

580 5526 658 5596 (a)
681 5527 753 5581 lta
777 5536 830 5581 et
861 5535 965 5580 tex.
1001 5526 1098 5580 Gr.
1137 5530 1217 5579 καὶ
1252 5527 1404 5596 λέγων
1434 5538 1448 5577 :
1478 5526 1680 5579 omisso
1706 5527 1770 5591 ei,
1800 5527 1940 5648 guod
1963 5524 2114 5578 deest
2138 5523 2298 5577 etiam
2324 5523 2374 5577 in
2406 5525 2526 5580 cod.
2557 5525 2710 5582 Cant.
2740 5535 2795 5582 et
2815 5527 2957 5581 Brix.
2995 5519 3216 5591 Ibidem,
3241 5534 3365 5581 ante
3394 5527 3589 5588 dicem,
3629 5525 3776 5580 deest

582 5613 713 5648 aena
737 5598 888 5648 ﬂexo.
917 5597 969 5648 in
1003 5596 1196 5648 Veron.
1234 5611 1330 5648 nec
1359 5595 1584 5647 habetur
1637 5596 1688 5648 in
1737 5610 1798 5648 co
1845 5634 1857 5646 .
1919 5593 2074 5648 Cant.
2099 5622 2166 5631 —
2191 5593 2265 5648 Ib)
2312 5595 2433 5647 Post
2463 5613 2693 5648 manum.
2744 5597 2895 5648 deest
2921 5614 3086 5648 suam.
3116 5598 3277 5648 etiam
3309 5597 3362 5648 in
3391 5604 3536 5648 textu
3564 5595 3769 5648 Grmco.

509 5606 552 5648 et
581 5613 713 5664 genu
735 5598 888 5664 ﬂexo,
917 5597 969 5649 in
1003 5596 1196 5649 Veron.
1234 5595 1330 5648 nec
1359 5595 1584 5647 habetur
1637 5596 1688 5648 in
1737 5610 1798 5649 co

1919 5593 2074 5648 Cant.
2099 5622 2166 5663 7—
2191 5593 2265 5662 (b)
2312 5595 2433 5647 Post
2463 5613 2693 5658 manum,
2744 5597 2895 5653 deest
2921 5614 3086 5663 suam,
3116 5598 3277 5652 etiam
3309 5597 3362 5652 in
3391 5604 3536 5663 textu
3564 5595 3769 5651 Grmco.

510 5656 677 5730 -—'(c)
719 5656 846 5719 Post
879 5656 1156 5735 inundare,
1215 5664 1365 5719 deest
1393 5674 1579 5735 81ftth
1609 5665 1838 5727 dixisset,
1865 5666 1914 5717 in
1945 5663 2074 5718 Cod.
2103 5656 2262 5735 parit.
2290 5665 2419 5735 etin
2445 5656 2776 5721 versionibus
2805 5668 2949 5735 Syr.,
2975 5656 3122 5722 Pers.
3148 5678 3203 5721 et
3224 5665 3386 5723 Arei).
3409 5656 3580 5735 --'(d)
3609 5666 3684 5721 Ita
3721 5675 3772 5720 et

509 5741 624 5811 te}:
643 5735 735 5788 Gr.
760 5738 898 5810 ἱερεῖ.
933 5765 1001 5811 τ
1029 5737 1105 5811 (e‘:
1126 5734 1281 5788 Juxta
1304 5744 1411 5789 tex.
1435 5732 1541 5811 G‘I‘.‘
1561 5736 1739 5811 μηκέτι
1757 5736 1990 5811 (χωρεῖν)
2024 5731 2170 5806 μηδέ.
2197 5732 2325 5811 Ibid.
2352 5733 2548 5811 veruti.
2585 5739 2654 5811 ad
2683 5753 2786 5790 eos.
2819 5731 2979 5811 ita
2992 5739 3119 5811 cod.
3141 5735 3295 5811 Cant.
3319 5741 3447 5811 πρὸς
3470 5731 3770 5811 aurati}:-

508 5803 579 5873 (ί)
608 5803 684 5878 Ita
711 5802 895 5878 ett'cx.
938 5802 1046 5861 Gr.
1072 5805 1335 5878 ἔρχονται.
1377 5833 1446 5844 ——
1471 5802 1645 5875 (gilta
1676 5815 1727 5859 et
1749 5802 1979 5862 tex.'Gr.
2013 5802 2364 5876 irpoatwiaau.
2418 5805 2549 5861 Ibid.
2608 5806 2775 5862 deest.
2829 5808 2931 5873 illi,
2992 5807 3044 5863 in
3075 5806 3332 5876 Vercell.,
3359 5802 3588 5874 Verum,
3621 5803 3761 5863 Brit;

470 5928 476 5934 ,
511 5879 564 5926 et
590 5873 706 5924 cod.
733 5875 886 5928 (iam.
