3912 6390
532 310 635 405 ru
1053 343 1324 406 unseen
1359 342 1699 404 VERCELL.
1738 339 2184 417 EVANGELIUM
2219 343 2362 405 rint
2397 342 2626 403 unus
2657 342 2814 403 con.
2851 330 3239 403 COLLATUH.

930 462 1161 536 CODEX
1199 461 1751 523 VERCELLENSIS.
2392 466 2395 469 λ

545 558 887 639 traditionem

543 642 815 683 seniorum
841 645 855 682 Ξ

538 697 592 750 ι.
634 706 722 770 et,
757 712 789 751 a
817 698 931 770 {oro
960 696 1038 770 (a)
1060 712 1182 753 cum

539 767 876 837 venerint1-,

541 837 642 890 nisi
676 837 913 904 baptiza-

542 904 585 958 ti
608 905 831 974 fuerint,
866 922 970 965 non

541 974 748 1031 edunt:

542 1054 597 1100 et
632 1046 735 1100 alia
768 1047 934 1102 multa

539 1124 662 1169 Sunt
685 1116 790 1170 illis
806 1157 821 1180 ,
852 1130 989 1186 quae

540 1196 865 1253 acceperunt

539 1255 732 1326 tradita
754 1296 769 1323 ,
803 1256 929 1326 bap-

539 1324 729 1378 tismos
748 1324 877 1380 cali-4

539 1406 658 1448 cum
679 1435 692 1457 ,
720 1404 773 1449 CI.
802 1411 895 1449 ur-

539 1476 782 1528 CCUl'llm,
807 1476 862 1521 et

538 1534 886 1589 eaccaborum
903 1576 920 1602 ,

539 1612 591 1656 et
615 1603 894 1658 lectorum.
911 1608 918 1615 '

539 1672 595 1726 5.
637 1672 705 1726 Et
732 1676 964 1727 interro-

538 1754 892 1809 3a....nt

539 1826 662 1864 eum
694 1811 880 1865 Phari-

537 1883 648 1934 saei
666 1922 681 1944 ,
710 1891 763 1935 et
784 1880 931 1937 Scri-

536 1948 660 2013 bae,
680 1950 864 2005 dicen-

538 2027 620 2073 tes
648 2038 661 2073 :
684 2020 861 2086 Quare
936 2028 941 2033 ’

535 2088 787 2159 discipuli

538 2160 613 2213 tui
641 2175 747 2215 non
775 2175 863 2216 se—

534 2240 779 2297 quuntur
804 2244 889 2286 se—

533 2299 767 2353 cundum

533 2369 878 2423 traditionem

537 2439 839 2501 seniorum,

534 2508 632 2562 sed
653 2507 855 2562 immun
870 2535 882 2545 -

536 2575 623 2633 dis
645 2578 891 2632 manibus

537 2647 705 2701 edunt
734 2660 922 2714 panem
949 2648 970 2700 ‘l

536 2715 590 2787 (ξ.
632 2716 713 2770 Ad
742 2717 834 2787 ille
856 2731 1074 2787 respon-

537 2784 670 2841 dens
692 2827 705 2850 ,
737 2786 873 2841 dixit
899 2805 913 2841 :

534 2854 683 2910 Bene
702 2856 931 2925 prophe-

539 2926 672 2980 tavit
700 2926 885 2982 Eseias

536 2995 606 3051 de
626 2997 779 3051 vobis
804 2995 879 3051 si-

539 3066 823 3120 mulatori-

542 3135 640 3216 bus
656 3174 671 3199 ,
696 3133 883 3257 (εἰ)αυὶ
904 3134 983 3189 di-

542 3214 615 3257 xtt
635 3204 675 3257 -i-
705 3222 717 3257 :
788 3206 977 3257 onulus

537 3208 615 3275 xit
635 3204 675 3275 1-
705 3204 717 3257 ὲ
746 3204 977 3275 Populus

536 3273 707 3345 labiis
720 3288 805 3328 me
834 3275 900 3345 (1)
926 3274 1005 3327 di-

538 3344 656 3415 ligit
682 3344 746 3414 1-,
776 3344 873 3398 cor.
902 3358 996 3397 au-

536 3523 879 3577 traditionem
906 3522 1201 3594 seniorum.
1224 3529 1277 3577 et
1294 3508 1583 3594 redeuntes
1602 3538 1633 3577 a
1661 3521 1777 3579 i'oro
1806 3525 1907 3578 nisi
1932 3526 2107 3594 bapti-

1364 566 1471 611 tem
1501 556 1715 610 illorum

1363 626 1521 695 longe
1546 634 1631 680 est
1653 641 1683 678 a

1363 696 1416 750 7.
1460 710 1563 749 me.
1599 696 1743 749 Vane
1766 710 1862 749 au-

1362 776 1467 820 tem
1501 766 1688 819 colunt
1770 823 1781 832 ,

1362 849 1447 889 me
1473 875 1487 899 ,
1520 835 1717 889 docen-

1364 913 1445 958 tes
1474 905 1649 959 doctri
1664 935 1680 945 -

1358 988 1456 1028 nas
1477 1016 1489 1036 ,
1512 984 1567 1027 et
1589 990 1741 1030 mau-

1357 1044 1481 1098 data
1509 1043 1686 1099 homi-

1359 1129 1522 1177 num;

1359 1183 1414 1238 8.
1457 1183 1792 1250 baptizantes

1357 1268 1548 1307 urceos
1570 1292 1584 1316 ,
1610 1262 1663 1306 et
1692 1267 1783 1307 ca-

1354 1322 1485 1393 lices
1506 1363 1519 1382 ,
1554 1330 1615 1393 et
1638 1322 1741 1393 alia

1352 1391 1519 1445 multa
1548 1391 1627 1461 (h)
1651 1391 1733 1444 his
1762 1392 1839 1447 si-

1354 1461 1502 1515 milia
1527 1502 1542 1526 ,
1570 1475 1707 1530 quae
1780 1462 1804 1469 ’”

1356 1532 1530 1586 tacitis
1547 1572 1560 1595 ,
1592 1530 1752 1586 dere-

1356 1601 1484 1655 licto
1506 1599 1728 1654 manda-

1358 1679 1410 1723 to
1443 1671 1537 1725 Dei
1554 1711 1569 1735 ,
1602 1682 1793 1725 tenen-

1355 1747 1436 1795 tes
1458 1740 1699 1793 traditio-

1354 1824 1474 1878 nem
1508 1809 1785 1863 hominum
1814 1808 1876 1878 1-.

1351 1877 1404 1933 9.
1449 1878 1517 1932 Et
1541 1878 1676 1933 dixit
1698 1878 1804 1933 illis
1830 1896 1847 1931 ς
1877 1877 1976 1933 Bc-

1353 1964 1420 2003 ne
1442 1949 1659 2001 inritum
1708 2004 1711 2005 ν

1354 2018 1526 2073 facitis
1558 2032 1710 2086 prac-

1314 2114 1315 2117 η
1351 2098 1568 2157 ceptum
1599 2088 1693 2143 Dei
1722 2130 1736 2154 ,

1354 2166 1413 2212 ut
1434 2157 1680 2211 traditio-

1353 2242 1477 2282 nem
1506 2234 1741 2280 vestram
1773 2242 1781 2253 ⁸

1354 2297 1441 2351 10.
1482 2295 1549 2378 (εὶ
1576 2296 1821 2378 statuatis
1836 2296 1899 2366 1'.
1925 2296 2069 2368 Moy-

1350 2382 1441 2421 ses
1461 2364 1607 2419 enim
1629 2364 1714 2419 di-

1352 2435 1429 2489 xit
1458 2451 1471 2486 :
1507 2434 1734 2490 Honori-

1282 2508 1289 2513 ’
1352 2504 1451 2561 lica
1482 2515 1688 2574 patrem

1357 2584 1503 2629 tuum
1530 2614 1546 2639 ,
1568 2585 1625 2629 et
1654 2588 1767 2629 ma-

1354 2654 1491 2699 trem
1525 2655 1691 2701 tuam.

1354 2715 1421 2769 Et
1450 2732 1463 2767 :
1493 2714 1594 2781 Qui
1618 2716 1783 2769 male.

1353 2784 1547 2839 dixerit
1575 2784 1645 2857 (j)
1669 2792 1875 2854 patrem
1904 2785 1966 2857 1-,

1351 2863 1444 2909 aut
1467 2864 1689 2909 matrem
1715 2895 1731 2921 ,

1355 2926 1515 2979 morti
1544 2928 1711 2980 mori-

1354 3007 1499 3049 atur.

1350 3066 1438 3119 Η.
1482 3064 1589 3118 Vos
1619 3074 1798 3119 autem
1824 3065 1905 3120 di-

1349 3136 1468 3187 citis
1503 3152 1515 3187 :
1544 3134 1638 3189 Si‘
1672 3135 1823 3189 dixe-

1352 3203 1421 3257 rit
1445 3204 1605 3257 homo
1629 3218 1725 3273 pa-

1354 3273 1423 3326 tri
1448 3287 1569 3336 suo,
1595 3282 1689 3326 aut
1710 3287 1824 3327 ma-

1354 3340 1419 3395 tri
1456 3359 1469 3396 :
1499 3340 1707 3395 Donum
1733 3382 1748 3406 ,

2629 461 2854 518 CODEX
2879 459 3325 521 VERONENSIS.

2209 553 2553 610 traditionem

2208 628 2481 678 seniorum
2516 642 2530 678 :

2206 692 2263 747 4.
2305 703 2390 759 et,
2420 708 2449 747 a
2477 695 2595 749 foro

2206 761 2284 833 (a)
2309 778 2442 833 cum,
2457 778 2548 818 ve-

2206 832 2389 886 nerint
2418 832 2482 902 1-.

2205 902 2311 957 nisi
2338 902 2512 968 bapti-

2207 980 2417 1037 zcntur,
2444 971 2620 1025 cibum

2207 1056 2313 1095 non
2344 1043 2563 1109 capiunt
2587 1058 2601 1094 :

2207 1120 2262 1165 ct
2290 1112 2392 1165 alia
2424 1112 2590 1165 multa

2206 1189 2362 1246 sunt,
2398 1180 2473 1251 (ὁ)
2504 1195 2642 1251 quae

2205 1260 2534 1319 acceperunt

2207 1322 2469 1403 tenere-13

2207 1398 2266 1442 ut
2292 1390 2566 1458 baptizent

2204 1458 2433 1523 calices.
2460 1468 2516 1514 et

2206 1543 2421 1595 urceus,
2458 1536 2513 1583 et

2207 1608 2514 1659 aeramenta
2534 1640 2548 1665 ,

2207 1678 2261 1721 et
2289 1669 2476 1723 lectus.

2204 1736 2259 1791 5.
2302 1739 2368 1792 Et
2394 1736 2795 1808 interrogabant

2205 1822 2326 1861 eum
2361 1808 2631 1875 Pharisaei
2658 1848 2675 1875 ,

2204 1887 2260 1932 et
2292 1877 2552 1933 Scrihad:

2203 1946 2379 2013 Quare
2401 1948 2513 2003 dis-

2209 2018 2319 2085 pnii
2344 2018 2419 2070 tui

2207 2101 2315 2140 non
2346 2086 2535 2140 ambu-

2208 2155 2324 2209 lant
2354 2155 2653 2225 secundum

2206 2226 2551 2280 traditionem

2207 2295 2505 2359 seniorum,

2205 2363 2302 2420 sed
2312 2364 2397 2433 ,(c)
2422 2367 2474 2419 in
2488 2395 2508 2406 ο

2204 2434 2330 2490 lotis
2359 2433 2591 2504 finani-

2205 2504 2307 2559 bus
2330 2506 2499 2561 edunt

2204 2576 2451 2643 pauent?

2204 2644 2259 2698 6.
2301 2644 2383 2699 Ad
2410 2647 2501 2701 ille
2524 2660 2608 2701 re-

2202 2716 2482 2866 31:33:23
2500 2756 2642 2861 δι...

2204 2857 2349 2908 niam
2380 2856 2421 2925 1-
2449 2858 2588 2911 bene

2203 2926 2550 3048 Erophetavit

2251 3010 2391 3048 setas
2410 2995 2479 3048 de

2251 2998 2391 3051 seias
2410 2995 2479 3050 de

2203 3066 2356 3120 vbbis
2389 3065 2559 3133 hypo—

2203 3136 2355 3189 critis
2378 3176 2392 3199 ,
2425 3134 2498 3204 (ε)
2531 3134 2621 3204 qui

2204 3136 2355 3217 eritis
2378 3176 2392 3199 ,
2425 3134 2621 3258 (θιαιή

2204 3204 2405 3275 ᾀιξιι-ι-
2440 3223 2452 3258 :
2486 3272 2497 3275 Α
2534 3204 2649 3259 lebs

2208 3270 2344 3327 haec
2373 3270 2531 3327 labiis

2204 3357 2294 3397 me
2320 3342 2399 3413 (Ι)
2424 3343 2547 3396 dili—

1840 3430 2070 3507 CODEX
2106 3432 2496 3491 BRIXIANUS.

2219 3541 2378 3583 causa
2410 3534 2586 3583 autem
2612 3540 2699 3583 me
2742 3526 2942 3583 colunt.
2972 3524 3106 3585 doce

539 3592 1274 3667 zenttt_r.__noucomedunt.et
1298 3593 1402 3646 alia
1422 3593 1587 3667 multa
1616 3603 1896 3665 suntquae
1916 3592 2108 3652 tradita
2210 3608 2367 3667 cepta
2392 3597 2688 3652 hominum.

537 3674 661 3717 sunt
698 3664 807 3718 illis
837 3678 1072 3717 servare.
1101 3662 1418 3733 baptismata
1444 3665 1691 3718 calicum.
1722 3662 2107 3721 et’urceorum.

534 3745 589 3789 ct
610 3732 2111 3810 era_men_ioru_m.e_tlectorum.Deindeinterrngavcruut
2210 3752 2347 3807 quae
2369 3740 2437 3794 ab
2458 3732 2787 3795 'hOminibus
2818 3751 2939 3795 sunt
2969 3741 3179 3795 tradita.
3229 3740 3547 3810 baptismata
3596 3755 3782 3795 urceo—

534 3818 659 3858 eum
687 3804 977 3858 Pharisaei.
994 3800 1303 3859 etScribae.
1321 3803 1498 3869 Quare
1520 3803 1774 3873 discipuli
1800 3800 1876 3858 tui
1894 3822 2000 3860 non
2025 3821 2106 3860 se-

533 3883 770 3945 quuntur
795 3874 1138 3945 traditionem
1188 3875 1487 3928 seniorum.
1510 3874 1629 3945 sed
1660 3875 1729 3941 (ε)
1778 3891 1881 3926 non
1918 3877 2040 3928 lotis
2066 3876 2106 3945 1-

536 3941 785 3997 ntanibus
836 3942 1160 3995 manducata
1232 3957 1445 4010 panem.
1494 3942 1564 3993 At
1622 3944 1711 3995 ille
1752 3941 2101 4009 respondens.

1197 4010 1587 4083 etavit_Esai_as
1616 4010 1699 4083 de
1729 4013 1916 4083 vobis.
1943 4015 2109 4083 hypo-

535 4084 701 4136 critis.
730 4084 867 4137 sicut
915 4080 1171 4136 scribtuin
1222 4092 1324 4134 est.
1366 4080 1601 4147 Populus
1650 4080 1755 4133 hic.
1816 4080 1995 4136 labiis'
2026 4098 2110 4137 me

538 4151 801 4225 honorat,
819 4166 914 4207 cor
941 4159 1117 4205 autem
1148 4164 1355 4205 eorum.
1410 4149 1564 4219 longe
1610 4158 1694 4204 cst
1738 4165 1768 4203 a
1820 4166 1926 4205 me.
1982 4151 2110 4207 Sine

536 4012 673 4066 dixit
697 4013 799 4065 eis.
825 4011 969 4065 Bene

604 4330 659 4384 4.
692 4331 960 4406 δίκαιοι-ο
988 4346 1109 4387 cum
1132 4330 1395 4406 venerint,
1423 4328 1527 4385 nisi
1546 4329 1906 4400 baptizentur,
1932 4331 2109 4387 cibum

541 4418 647 4457 nun
678 4404 961 4469 accipiunt.

612 4474 666 4525 ὅ.
690 4473 863 4538 Quare
888 4471 1131 4539 discipuli
1161 4471 1234 4524 tui
1270 4486 1377 4525 non
1426 4478 1723 4540 sequuntur
1766 4471 2107 4527 traditionem

541 4541 833 4617 seniorum,
864 4542 956 4617 sed
987 4555 1093 4617 non
1117 4540 1518 4617 lotis-manibus
1541 4541 1861 4617 maiLduca_nt
1885 4545 2109 4611 panem?
2212 4552 2292 4617 tes
2338 4556 2679 4617 praeceptum
2730 4540 2936 4603 Domini
2969 4589 2983 4615 ,
3017 4558 3259 4605 tenentes
3285 4540 3647 4606 traditionem"
3682 4551 3775 4605 ho-

2282 3669 2666 3739 ﬂelinquentes
2711 3669 2853 3723 enim
2895 3670 3201 3725 mandatum
3249 3669 3343 3725 Dei
3386 3670 3690 3726 observatis
3720 3684 3779 3723 ea

2208 3823 2349 3862 rum.
2376 3816 2429 3861 et
2448 3810 2694 3863 calicum.
2723 3820 2778 3865 et
2799 3810 2899 3863 alia
2946 3810 3026 3863 his
3052 3810 3249 3864 similia
3299 3812 3465 3865 multa
3498 3813 3689 3865 facitis.
3721 3812 3780 3862 Et

2212 3877 2423 3930 dicebat
2451 3878 2577 3932 illis.
2605 3878 2750 3932 Bene
2792 3880 3003 3933 inritum
3048 3879 3220 3934 facitis
3247 3882 3552 3935 mandatum
3584 3882 3679 3935 Dei
3727 3887 3783 3933 ut

2215 3946 2552 4020 t_rai_litio_iietii
2583 3957 2815 4001 vestram
2869 3946 2933 4017 (i)
2975 3952 3219 4003 statuatis
3265 3949 3326 4020 1-.

2214 4014 2612 4088 dixit.__ilonora
2645 4026 2848 4088 patrem
2880 4014 3047 4072 tuum.
3077 4030 3129 4073 et
3151 4014 3376 4074 matrem
3399 4014 3564 4073 tuam.
3602 4022 3667 4074 Et
3692 4020 3779 4088 qui

2215 4084 2729 4149 maledixeritpatri.
2761 4096 2851 4139 aut
2869 4089 3045 4142 matri.
3066 4098 3242 4143 morte
3268 4091 3669 4143 moriatur.Vos
3688 4084 3781 4143 au-

2219 4164 2324 4207 tcm
2354 4155 2549 4209 dicitis.
2572 4154 2627 4210 Si
2648 4155 2839 4210 dixerit
2870 4158 3201 4227 homo.patri
3232 4169 3323 4212 aut
3343 4160 3525 4213 matri.
3545 4159 3775 4214 Corban.

1805 4240 2034 4295 CODEX
2073 4241 2545 4301 CORBEIENSIS.

2283 4336 2331 4388 7.
2370 4334 2516 4391 Vane
2546 4349 2724 4391 autem
2748 4337 2930 4393 colunt
2979 4352 3062 4392 me
3087 4378 3100 4403 ,
3158 4338 3412 4393 docentes
3461 4338 3738 4394 doctrinas
3761 4380 3775 4404 ,

2210 4416 2497 4477 praecepta
2528 4406 2803 4462 hominum
2833 4450 2848 4473 ,
2883 4408 3209 4477 baptizantes
3237 4423 3447 4470 urceos,
3478 4418 3535 4463 et
3562 4408 3775 4463 calices.

2281 4476 2333 4529 8.
2358 4485 2412 4530 et
2435 4477 2537 4531 alia
2568 4478 2784 4545 similia,
2811 4476 3130 4549 quae’mnlta
3164 4480 3335 4534 facitis
3357 4520 3373 4547 ,
3403 4480 3778 4549 derelinquen-

612 4612 666 4665 6.
697 4611 763 4664 de
806 4609 954 4663 vobis
1000 4608 1343 4677 hypocritis,
1370 4608 1594 4661 dicens:
1645 4608 1900 4677 Populus
1929 4622 2108 4665 autem
2209 4608 2433 4668 minum.

541 4680 767 4749 labiis...
801 4694 894 4734 cor
918 4676 1096 4734 autem
1119 4690 1306 4732 eorum
1335 4676 1491 4751 longe
1516 4677 1670 4754 abest
1694 4676 1854 4740 ante.

602 4873 619 4904 ι
786 4867 1001 4930 proderit
1028 4862 1174 4929 Vulg.
1200 4860 1448 4927 profuerit.
1485 4869 1491 4875 ‘

539 5162 758 5225 Scribae,
785 5162 1041 5225 dicentes;

610 5463 685 5535 (a)
716 5460 876 5536 Addit
902 5474 1017 5513 cum
1043 5456 1310 5536 venerinf,‘
1330 5455 1494 5536 etiam
1527 5454 1825 5536 cod.ﬂCa_nt_.
1856 5452 1977 5510 ὅταν
1996 5451 2239 5536 ξ’λθοιξσςξν.Δ
2427 5465 2557 5534 vero
2576 5450 2758 5515 habet,
2780 5462 2835 5536 Oet
2855 5455 3138 5536 redeuntes.
3168 5486 3236 5536 -_—-
3265 5454 3339 5530 (ὁ)
3370 5455 3445 5536 Ita
3467 5464 3524 5536 e_t
3549 5465 3659 5513 tex.
3686 5454 3772 5536 Gr.

538 5534 580 5609 ς
596 5520 878 5609 τξαξνέλαϐοε
904 5534 1224 5609 κρατεῖγλῖ
1425 5531 1480 5609 et
1497 5524 1710 5609 LCL-Gl.-
1730 5528 1981 5609 ἀνίτῗωκ.
2106 5554 2107 5561 η

2227 5520 2369 5575 Addit
2389 5523 2663 5609 quoniam:
2681 5522 2879 5609 pariter
2905 5538 3011 5608 tex.
3165 5520 3365 5609 ὅτι.ξῇ
3384 5526 3457 5597 (c)
3486 5525 3770 5609 .liuxta'cod.

2155 5601 2244 5667 nte
2273 5602 2581 5667 praecepta,
2608 5595 2763 5667 deest
2799 5605 2864 5659 et,
2891 5597 3031 5667 item
3054 5596 3106 5651 in
3139 5607 3242 5663 tex.
3275 5598 3371 5653 Gr.
3396 5595 3475 5638 ‘4-
3501 5597 3586 5667 (ἡ)
3625 5595 3773 5650 Juxta

540 5592 696 5684 Casei
724 5608 807 5658 καὶ
828 5592 982 5684 eis-3::
1013 5598 1155 5684 fit)
1176 5592 1330 5683 “iii
1351 5593 1479 5684 εοίέλ
1496 5593 1650 5681 ἔλθω·
1672 5599 1879 5683 ἐιναπίὲτ
1897 5595 1978 5684 ζέ-
2007 5592 2081 5661 (α)
2103 5640 2107 5679 ς

2227 5607 2244 5645 3
2273 5602 2581 5684 praeceptae
2608 5595 2777 5684 deest.
2799 5605 2864 5659 et,
2883 5597 3031 5684 lile‘m
3054 5596 3106 5684 in
3139 5607 3253 5684 lex.
3275 5598 3371 5653 Gr.
3394 5592 3475 5638 ’έ-

1190 5662 1342 5739 ιᾴῦιὲὸι
1366 5662 1521 5721 πολλὰ
1557 5662 1743 5722 ποιεῖτὲ
1762 5708 1775 5734 ,
1820 5662 2028 5738 ἀφέντες
2054 5667 2107 5721 τὲ

2227 5662 2390 5721 τολήν.
2418 5691 2488 5702 -
2623 5662 2697 5719 ita
2727 5672 2782 5720 θι
2808 5665 2927 5735 cod.
2952 5664 3104 5732 Cant.
3158 5662 3400 5729 σιξήαητσ.
3424 5696 3490 5710 --
3630 5667 3700 5720 Ita
3726 5668 3776 5719 et

538 5675 779 5729 ordinem
802 5672 919 5728 cod.
944 5670 1101 5726 Cant.
1127 5688 1185 5725 το

544 5737 651 5805 ιρι.
690 5744 782 5799 Gr.
816 5744 1036 5815 πατέρα.

1238 4956 1528 5000 ιεοτιοκεε
1553 4955 1753 4999 CODICIS
1782 4955 2007 5007 νωθεηο

1070 5156 1231 5219 Quare
1255 5160 1472 5222 discipuli
1494 5156 1564 5209 iui
1590 5171 1683 5222 non
1705 5162 1937 5222 secuntur
1958 5156 2111 5222 tradi:-

3022 552 3181 623 git-1,
3213 564 3308 606 cor
3332 567 3429 606 au-

3024 630 3130 676 tem
3162 637 3348 677 eorum

3026 690 3183 762 longe
3208 702 3292 746 est

3025 761 3075 814 7.
3096 761 3134 815 a’
3155 776 3259 816 me.
3286 761 3417 817 Sine

3022 844 3185 885 causa
3206 840 3381 886 autem

3024 915 3108 955 me
3134 901 3349 965 colunt,

2914 1024 2917 1027 .
3020 970 3276 1025 ducentes
3305 972 3404 1025 do-

3020 1043 3222 1123 ctrinas
3241 1040 3364 1123 ,.(g)
3398 1054 3555 1123 prae-

3018 1120 3170 1179 cepta
3194 1109 3234 1179 1-
3266 1109 3440 1165 homi-

3020 1180 3073 1235 8.
3114 1196 3261 1234 num.
3294 1180 3508 1250 Baptis-

3020 1264 3165 1315 mos,
3191 1251 3453 1315 catinum,

3020 1328 3073 1373 et
3096 1320 3355 1374 orciolum
3377 1360 3393 1383 ,

3020 1397 3075 1442 et
3102 1389 3203 1443 alia
3224 1390 3420 1444 similia

3022 1459 3184 1530 multa
3215 1459 3296 1530 (h)
3322 1459 3420 1530 hu-

3015 1527 3247 1597 jusmoiii
3273 1529 3399 1597 faci-

3024 1599 3112 1664 tis,
3149 1600 3340 1654 relicto

3022 1679 3310 1739 praecepto
3334 1668 3425 1739 Dei
3449 1709 3464 1735 ,

3023 1738 3271 1794 tenentes
3302 1738 3468 1793 tradi-

3024 1806 3198 1863 tiones
3226 1809 3398 1862 homi-

3020 1876 3074 1948 9.
3118 1893 3241 1948 num
3271 1878 3332 1948 1-.
3367 1878 3432 1932 Et

3022 1946 3237 2002 dicebat
3266 1946 3373 2003 illis
3400 1964 3413 2001 :

3022 2014 3167 2070 Bene
3199 2017 3406 2071 irritum

3026 2084 3200 2141 facitis
3225 2102 3379 2140 man—

3024 2153 3206 2209 datum
3238 2156 3330 2211 Dei
3350 2197 3367 2223 ,

3024 2234 3081 2279 ut
3107 2226 3451 2282 traditionem

3024 2305 3254 2369 vestram
3286 2299 3352 2369 (ἱ)
3376 2305 3488 2352 sta-

3024 2366 3267 2437 tumis-iu

3024 2436 3113 2490 10.
3154 2436 3365 2508 Meyses
3387 2446 3563 2493 autem

3025 2505 3163 2559 dixit
3187 2523 3200 2559 :

3068 2514 3200 2559 ixit:

3028 2574 3242 2631 Honora
3270 2586 3477 2646 patrem

3028 2654 3199 2711 tuum,
3228 2658 3284 2701 et
3310 2661 3422 2701 ma-

3031 2725 3163 2770 trem
3184 2724 3354 2771 tuam.

3033 2786 3103 2855 Et
3127 2802 3139 2839 :
3168 2786 3269 2855 Qui
3295 2800 3405 2839 ma-

3025 2854 3277 2929 ledixerit
3299 2857 3376 2929 (j)
3396 2870 3491 2925 pa-_

3025 2926 3163 2980 trein
3196 2925 3258 2995 1-,
3289 2925 3383 2980 aut

3019 3004 3273 3067 matrem,
3306 2996 3469 3067 morti

3026 3065 3309 3125 moriatur.

3028 3135 3113 3188 Η.
3153 3134 3263 3190 Vos
3289 3144 3469 3190 autem
3488 3134 3672 3198 dicitis
3696 3152 3711 3187 :

3026 3204 3083 3259 Si
3117 3203 3321 3259 dixerit

3028 3272 3190 3356 homo
3227 3273 3367 3356 patri
3397 3313 3414 3337 ,

3025 3350 3120 3396 θυι
3138 3350 3295 3397 matri
3325 3360 3338 3396 2

2279 4684 2333 4738 9.
2365 4692 2421 4737 ut
2439 4686 2780 4741 traditionem
2806 4696 3035 4743 vestram
3063 4690 3330 4768 statuatis.

1739 4766 2130 4827 VARIANTES
2167 4770 2457 4828 LECTION
2464 4774 2569 4831 ES.

1878 5358 2240 5431 BLANCHINI
2277 5358 2507 5415 NOTAE.

2010 4955 2188 4997 NENSIS
2208 4954 2475 4996 ABEUNTES
2502 4954 2568 4995 ΑΒ
2589 4952 2839 4996 ΕΒῙΤῘΟΝΕ
2858 4956 3122 4998 νυιολτλ.

537 5040 845 5091 traditionem
868 5040 1179 5090 Iudaeorum.
1242 5037 1290 5103 4.
1318 5044 1390 5099 et,
1423 5049 1451 5103 ξι
1483 5034 1586 5103 foro
1610 5047 1720 5085 cum
1739 5034 2112 5103 v_enerint,__nisi
2213 5033 2407 5103 calices,
2432 5040 2485 5082 et
2499 5032 2807 5103 aliastmilia,
2838 5048 2964 5098 quae
2983 5034 3135 5103 facitis
3154 5037 3425 5103 complura,
3445 5036 3777 5103 relinquentes

539 5104 1031 5165 baptizentur,cibum
1050 5114 1142 5165 non
1161 5095 1410 5165 capiunt...
1430 5099 1691 5165 baptismos
1706 5096 1927 5165 calicum.
1990 5096 2113 5165 5._et
2212 5096 2486 5165 mandatum
2518 5095 2633 5165 Dei,
2657 5095 2886 5149 tenentes
2915 5098 3200 5165 traditiones
3234 5095 3495 5165 hominum.
3560 5095 3609 5149 9'.
3644 5098 3776 5148 Bene

2211 5156 2408 5205 inritum
2451 5156 2603 5219 tacitis
2642 5165 2949 5218 praeceptum
2987 5157 3099 5219 Dei,
3135 5168 3187 5208 ut
3228 5162 3539 5212 traditionem
3573 5168 3776 5211 vestram

540 5218 768 5288 tionem;
807 5221 854 5271 6.
880 5223 967 5288 Ad_
976 5221 1059 5288 ille
1083 5218 1405 5288 respondens,
1424 5218 1870 5288 dixit...
1890 5218 1951 5266 de
1970 5218 2110 5288 vobis
2210 5219 2449 5267 statuatis.
2515 5218 2591 5267 l0.
2616 5224 2700 5266 aut
2719 5220 2877 5270 matri.
2943 5220 3017 5271 ll.
3043 5222 3082 5272 si
3105 5221 3289 5272 dixerit
3311 5222 3454 5287 homo
3481 5223 3609 5288 patri
3632 5234 3775 5278 suo...

542 5285 827 5350 hypocritis,
864 5291 918 5333 et
939 5282 1097 5331 dixit:
1134 5280 1361 5343 Populus.
1392 5280 1399 5283 ⁷
1424 5280 1473 5329 8.
1498 5282 1809 5343 Baptizantes
1837 5292 2029 5330 urceos.
2057 5286 2111 5327 et

3670 340 3787 398 772

3109 3538 3228 3587 mes
3249 3527 3524 3587 doctrinas
3548 3537 3605 3587 et
3632 3543 3784 3600 prae-

3383 3951 3592 4022 Moyses
3640 3952 3777 4022 enim
