5040 6474
1510 421 1622 481 799

1900 532 2125 591 CODEX
2160 528 2736 596 VERCELLENSISJS

1519 626 1700 683 iantes
1723 640 1818 681 ve-
2301 675 2309 685 ,
2339 637 2399 678 es
2430 621 2586 675 :Non
2608 620 2750 675 fura-

1519 698 1641 752 nire
1665 702 1796 765 aput
1892 764 1895 765 ν
2338 691 2482 765 veris
2512 708 2525 744 :
2556 690 2673 745 Non

1521 781 1647 832 me;
1679 761 1734 819 et
1762 764 1904 819 noli;
2337 761 2528 832 falsum
2559 769 2666 813 tes-

1526 845 1581 890 te
1609 835 1855 903 prohibe-
2340 831 2620 903 timonium

1523 920 1585 961 re
1606 900 1701 960 eos
1730 922 1744 958 :
1775 903 1957 959 talium
2341 900 2526 953 dices:

1526 984 1612 1029 est
1635 975 1780 1028 enim
2340 969 2456 1023 Non
2486 968 2717 1038 abnega-

1529 1046 1546 1114 ξ
1577 1057 1800 1114 regnum
2340 1038 2427 1093 bis
2458 1055 2472 1090 :
2505 1037 2716 1093 Hondra

1523 1113 1645 1168 Dei.
2343 1117 2551 1176 patrem
2589 1116 2673 1161 tu-

1525 1183 1620 1237 15.
1660 1182 1830 1235 Amen
1862 1181 2008 1236 enim
2345 1192 2434 1230 um
2474 1185 2528 1230 et
2556 1191 2669 1230 ma-

1525 1253 1650 1327 dico
1680 1251 1834 1305 vobis
1865 1269 1879 1306 :
2346 1246 2583 1327 trem’gd)
2607 1257 2750 1303 tuam
2774 1249 2836 1320 1-.

1527 1319 1864 1391 Quicumque
2344 1315 2436 1391 20.
2475 1315 2586 1391 Qui
2609 1315 2828 1391 respon-

1526 1384 1635 1446 n'on
1657 1384 1810 1445 recel
2344 1386 2500 1444 deus.
2534 1384 2668 1439 dixit

1527 1461 1669 1530 perit
1686 1475 1812 1530 reg-
2347 1455 2398 1530 _ei
2421 1472 2434 1508 :
2469 1454 2734 1523 Magister,

1529 1525 1660 1584 imm
1686 1525 1778 1582 Dei
1801 1569 1817 1592 ,
1848 1535 1966 1582 tan-
2347 1525 2481 1580 haec
2505 1539 2619 1577 om-

1527 1612 1690 1669 quam
1713 1597 1891 1651 infans
1908 1635 1924 1660 ,
2347 1594 2433 1669 nia
2455 1595 2648 1669 _ob_ser-_

1453 1697 1470 1720 ο
1529 1662 1640 1722 non
1668 1668 1833 1720 intra-
2346 1662 2468 1716 vabi
2494 1663 2562 1716 ab
2591 1665 2720 1720 adu-

1530 1737 1611 1792 bit
1632 1737 1686 1790 in
1725 1734 1871 1801 illut.
2348 1733 2607 1787 lescentia

1530 1806 1623 1861 16.
1665 1803 1732 1858 Et
1757 1803 1812 1858 in
1838 1801 1960 1860 sinu
1987 1815 2087 1857 suo
2347 1817 2466 1873 mea
2500 1802 2663 1873 :quid

1532 1874 1818 1930 bcnedice-
2346 1872 2521 1926 adhuc
2548 1872 2678 1927 mihi

1537 1944 1630 1999 bat
1656 1945 1796 1998 illos.
2346 1942 2532 1997 deest?

1531 2015 1621 2070 17.
1663 2013 1730 2067 Et
1761 2011 1974 2082 proﬁci—

1530 2091 1716 2139 scente
1743 2097 1831 2150 eo,
1860 2097 1982 2152 pro-

1531 2166 1756 2208 currens

1531 2236 1672 2276 unus
1691 2260 1710 2285 ,
1739 2219 1894 2291 geni-

2344 2012 2434 2065 21.
2465 2011 2620 2068 Jesus
2648 2021 2824 2070 autem
2847 2013 2932 2068 in-

2345 2090 2500 2136 tuens
2528 2083 2677 2136 illum
2700 2125 2714 2148 ,

2345 2151 2534 2206 dilexit
2557 2167 2676 2205 eum
2691 2193 2706 2217 ,

2348 2227 2405 2273 et
2421 2225 2495 2273 ait
2517 2221 2589 2273 illi
2623 2237 2636 2271 :

1532 2294 1633 2347 bus
1655 2289 1890 2359 prostra—
2350 2289 2524 2359 Unum
2558 2289 2652 2342 tibi

1537 2369 1647 2423 tus,
1660 2358 1898 2423 rogabat
2349 2358 2502 2413 deest
2533 2374 2550 2412 :
2577 2359 2711 2418 vade
2730 2375 2744 2423 ;

1532 2445 1655 2483 eum
1676 2470 1691 2494 ,
1726 2425 1799 2499 (ὖ)
1828 2427 2014 2483 dicens
2033 2425 2071 2495 -ι-
2098 2442 2111 2478 :
2350 2443 2638 2497 quaecum-

1537 2501 1794 2570 Magister

1534 2565 1678 2624 borie
1701 2609 1718 2635 ,
1741 2565 1872 2637 quid

1534 2639 1727 2693 faciam
1745 2678 1759 2702 ,
1787 2643 1849 2689 ut

1537 2710 1701 2763 vitam
1740 2713 1910 2761 aeter-

1541 2793 1664 2832 nam
1696 2777 1871 2845 possi-

1535 2846 1738 2903 deam?

1537 2919 1626 2972 18.
1668 2917 1824 2972 Jesus
1850 2924 2029 2970 autem
2059 2915 2144 2970 in-

1538 2997 1693 3040 tuens
1717 2988 1887 3049 illum,

1540 3057 1612 3109 ait
1646 3056 1722 3108 illi
1755 3072 1768 3106 :
1801 3054 1938 3120 Quid

1540 3139 1627 3178 me
1652 3123 1788 3177 dicis
1810 3124 1908 3178 bo-

1540 3194 1704 3248 num?
1733 3193 1902 3247 Nemo

1539 3265 1714 3318 bonus
1733 3303 1748 3327 ,
1775 3263 1796 3293 ¹
1825 3262 1927 3316 nisi

1545 3334 1631 3388 19.
1675 3347 1811 3387 unus
1839 3332 1999 3386 Deus.
2031 3330 2178 3384 Mau-

1539 3404 1662 3456 data
1697 3402 1834 3454 nosti
1855 3403 1877 3453 ’ἒ

1541 3472 1632 3526 Ait
1657 3488 1671 3522 :
1702 3471 1892 3536 Quae?
1916 3469 2032 3524 Non

1541 3540 1862 3594 adulterium

1542 3611 1849 3664 committes
1878 3628 1890 3662 :

1544 3679 1658 3733 Non
1687 3681 1806 3732 hom
1816 3681 1858 3732 i-

1543 3750 1740 3804 cidium
1770 3749 1874 3805 iaci
1887 3777 1904 3789 -

2351 2513 2454 2568 que
2486 2500 2646 2554 habes
2667 2540 2683 2565 ,

2353 2568 2550 2634 vende,
2578 2579 2634 2624 et
2659 2569 2743 2624 di-

2356 2637 2477 2706 vide
2502 2654 2701 2708 paupe-

2356 2709 2506 2763 ribus
2525 2728 2540 2775 ;
2569 2717 2623 2764 ct
2646 2710 2734 2762 ha-

2356 2780 2509 2835 bebis
2541 2783 2696 2834 then-

2359 2865 2574 2904 saurum
2604 2849 2684 2901 in-

2357 2921 2546 2984 caelo;
2580 2929 2630 2971 et
2651 2959 2665 2981 ,
2699 2933 2788 2972 su-

2245 3023 2248 3027 -
2359 2990 2498 3043 blata
2526 3001 2685 3043 cruce
2713 3007 2751 3054 ,;

2359 3059 2512 3123 veni,
2546 3071 2736 3125 seque—

2355 3141 2416 3180 re
2441 3142 2547 3180 me.

2355 3197 2445 3249 22.
2488 3195 2556 3249 Et
2585 3197 2672 3250 ille
2696 3195 2937 3248 contris-

2356 3273 2495 3319 tatus
2525 3267 2577 3319 in
2603 3265 2674 3336 (ε)
2702 3265 2801 3317 hoc
2827 3264 2868 3332 τ

2357 3336 2524 3389 verbo
2547 3376 2563 3401 ,
2587 3336 2719 3389 abiit

2359 3405 2528 3458 tristis
2558 3422 2571 3457 :
2604 3414 2721 3459 erat

2358 3475 2502 3530 enim
2534 3475 2740 3529 habens

2359 3559 2605 3613 magnam
2635 3560 2728 3614 pc-

2361 3617 2596 3669 cuniam.

2357 3684 2448 3737 25.
2494 3685 2558 3738 Et
2583 3684 2878 3752 respiciens

2358 3755 2536 3820 Jesus,
2571 3756 2645 3806 ait
2669 3755 2836 3806 disci-

2039 418 2307 478 EUSEBII
2345 417 2678 475 VERCELL.
2709 416 3148 475 EVANGELIUM
3175 407 3316 475 CUM
3347 415 3573 486 VARUS
3603 416 3758 473 COD.
3795 417 4181 474 COLLATUM.

4638 407 4741 467 800

3599 529 3827 586 CODEX
3863 529 4300 587 VEBONENSIS.

3182 633 3274 674 ros
3302 618 3486 673 venire
3999 622 4356 674 testimonium

3183 689 3249 742 ad
3275 704 3392 752 me;
3425 697 3481 742 et

3183 773 3253 812 ne
3281 757 3569 827 prohibue-

3185 828 3305 881 ritis
3335 828 3454 880 illos
3481 846 3494 881 :

3999 691 4201 744 dixeris
4235 707 4250 742 :
4284 690 4362 745 Ne

3997 759 4234 813 fraudem
4273 758 4355 814 fe-

3994 828 4133 883 ceris
4164 843 4180 882 :
4213 829 4319 884 Ho-

3186 897 3371 951 talium
3397 897 3542 952 enim
3998 913 4127 952 nora
4153 913 4251 966 pa-

3186 975 3270 1021 est
3299 982 3520 1035 regnum
3999 977 4132 1022 trem
4164 977 4333 1034 tuum,

3189 1037 3307 1091 Dei.
4001 1045 4056 1092 et
4080 1047 4304 1092 matrem

3190 1106 3278 1160 15.
3318 1107 3487 1160 Amen
3515 1105 3636 1160 dico
4002 1106 4080 1176 (ά)
4108 1115 4247 1161 tuam
4269 1107 4332 1176 τ.

3188 1177 3342 1230 vobis
3375 1194 3388 1230 :
3410 1176 3647 1244 Quisque
4002 1176 4092 1230 20.
4133 1176 4197 1230 Et
4225 1178 4318 1231 ille

3190 1259 3296 1300 non
3318 1247 3587 1313 receperit
4001 1246 4355 1314 respondens,

3074 1363 3078 1370 .
3189 1329 3409 1382 regnum
3438 1315 3532 1371 Dei
3553 1358 3566 1382 ,
4001 1315 4076 1370 ait
4097 1315 4174 1370 illi
4196 1332 4212 1370 :

3191 1386 3334 1439 velut
3361 1401 3514 1453 puer,
4003 1385 4273 1455 Magister,

3192 1468 3298 1508 non
3331 1455 3550 1509 intrabit
4005 1457 4181 1510 omnia
4208 1457 4339 1510 haec

3193 1524 3281 1577 16.
3323 1525 3374 1578 in
3399 1524 3533 1579 illut.
3556 1525 3623 1580 Et
4006 1525 4288 1580 observabi

3194 1591 3269 1664 (a)
3305 1595 3585 1650 convitaus
4006 1611 4036 1649 a
4057 1595 4220 1664 juvcn
4233 1624 4251 1634 -

3192 1677 3288 1717 eos
3304 1705 3319 1726 ,
3344 1666 3517 1733 impo—
4009 1673 4120 1719 tute
4149 1679 4286 1718 mea.

3193 1733 3411 1803 nebat-l-
3433 1749 3547 1787 ma-
3929 1734 3934 1740 ’
4007 1734 4097 1787 2|.
4137 1733 4290 1788 Jesus
4314 1747 4407 1787 au-

4007 1811 4115 1857 tem
4146 1803 4356 1856 intuens

4006 1887 4151 1936 eum,
4175 1885 4328 1926 oscu-

4006 1941 4144 1995 latus
4170 1950 4252 1996 est

3200 1819 3322 1855 num
3356 1818 3520 1872 super

3198 1872 3340 1937 illos,
3373 1884 3428 1926 et
3459 1874 3549 1927 he-

3197 1941 3475 1996 nediccbat
3503 1956 3618 1998 eos.

3197 2011 3281 2065 17.
3325 2013 3388 2064 Ει
3413 2025 3534 2082 cum
3561 2011 3762 2082 egressi
4004 2025 4146 2082 eum,
4167 2019 4232 2082 et

3193 2090 3373 2134 essent
3404 2082 3455 2133 in
3479 2079 3563 2134 via
3581 2079 3617 2146 ,“
4006 2081 4140 2135 dixit
4163 2079 4280 2134 illi:

3192 2163 3546 2215 praecurrens
4008 2149 4181 2206 Unum
4210 2150 4306 2205 tibi

3195 2219 3408 2291 quidam
3425 2259 3440 2283 ,
3475 2219 3693 2291 adgeni-
4008 2220 4161 2276 deest
4191 2237 4205 2274 :
4227 2219 4396 2285 vade;

3195 2289 3401 2353 culans,
3438 2289 3565 2361 (sic)
3587 2306 3672 2346 ro-
4009 2304 4298 2361 quaecum-

3197 2373 3328 2425 gans
3355 2359 3503 2429 eum,
3525 2359 3580 2415 et
4012 2359 4114 2430 (lue
4135 2359 4321 2428 habes,

3198 2429 3271 2499 (ὁ)
3298 2430 3482 2487 dicens
3503 2431 3543 2501 -ι-
3569 2448 3582 2484 :
4012 2429 4204 2494 vende.
4227 2438 4283 2485 et

3203 2503 3454 2572 MagiSIer
3512 2571 3517 2572 γ
4013 2502 4077 2556 da
4108 2514 4306 2571 paupe-

3201 2571 3360 2638 hone,
3395 2571 3525 2641 quid
4017 2572 4163 2626 ribus
4188 2587 4205 2636 ;
4233 2579 4287 2625 et

3201 2643 3414 2707 faciam,
3448 2651 3507 2694 ut
4017 2643 4235 2697 habebis

3199 2713 3364 2767 vitam
3391 2721 3564 2766 aeter-
4016 2713 4334 2767 thensauros

3203 2798 3323 2837 nam
3349 2799 3466 2852 per-
4015 2784 4068 2838 in
4097 2784 4284 2846 caelo;

3204 2853 3447 2920 cipiam?
4015 2863 4070 2908 et
4096 2853 4240 2918 veni,
4268 2863 4352 2905 se-

3202 2923 3289 2976 18.
3335 2925 3400 2976 Et
3427 2923 3582 2978 Iesus
3612 2921 3746 2976 dixit
4015 2937 4178 2990 quere
4198 2935 4304 2975 me.

3201 2993 3278 3046 illi
3309 3009 3322 3044 :
3352 2993 3488 3058 Quid
3521 3007 3606 3045 me
4017 2992 4105 3046 22.
4148 2992 4214 3045 Et
4241 2991 4330 3045 ille

3203 3061 3338 3116 dicis
3369 3057 3599 3116 bonum?
4017 3062 4362 3116 contristatus
4386 3057 4441 3110 in

3204 3129 3376 3184 Nemo
3401 3134 3596 3195 bonus,

3206 3200 3307 3254 nisi
3333 3200 3403 3270 (ε)
3434 3215 3588 3270 unus,

3205 3283 3268 3321 ac
3297 3269 3442 3323 salus
3462 3269 3502 3337 ’ξ-

4017 3128 4308 3281 εέξέεἱῗῗῶ.
4323 3201 4379 3281 οε

4019 3270 4150 3324 abiit
4174 3270 4342 3321 tristis
4371 3279 4386 3314 :

3206 3338 3370 3392 Deus.
4019 3347 4137 3392 erat
4159 3338 4302 3391 enim

3209 3407 3294 3461 19.
3338 3408 3633 3475 Praecepta
4021 3408 4227 3462 habens

3206 3479 3420 3548 custodi
3445 3496 3457 3531 :
3489 3478 3567 3532 Ne
4023 3478 4216 3548 multas
4241 3475 4320 3548 (g)
4348 3486 4414 3543 pe

3207 3547 3474 3617 adulteres
3509 3565 3523 3602 :
4023 3547 4211 3602 cunias
4227 3547 4287 3617 -ιέ,
4318 3555 4369 3617 et

3207 3615 3286 3687 N_e
3314 3619 3531 3672 occidas
3564 3636 3578 3671 :
4023 3619 4114 3672 2'5.
4155 3613 4327 3687 agros.
4346 3613 4429 3687 _Et

3208 3685 3283 3740 Ne
3307 3688 3499 3741 fureris
3532 3706 3544 3740 :

4028 3683 4461 3754 circumspiciens

3208 3755 3286 3808 Ne
3308 3757 3497 3809 falsum

4029 3757 4206 3822 Jesus,
4233 3753 4427 3809 aitdis-

2812 3920 2817 3924 ν
2854 3833 3507 3920 εουΕχΒιιιχιΑΝυε.

1541 3974 1795 4041 parvulos
1823 3972 2008 4026 venire
2038 3971 2102 4024 ad
2147 3987 2249 4025 me.
2281 3980 2334 4025 et
2363 3973 2528 4027 nolite
2557 3973 2840 4041 prohibere
2869 3989 2983 4028 eos.
3018 3986 3100 4027 ta-

1537 4044 1669 4096 lium
1701 4052 1783 4097 cst
1811 4045 1950 4097 enim
1982 4057 2203 4110 regnum
2241 4044 2355 4097 Dei.
2388 4045 2557 4097 Amen
2603 4046 2723 4099 dico
2770 4043 2944 4098 vobis.
2976 4044 3104 4111 Qui-

1543 4127 1770 4181 cumque
1801 4128 1904 4166 non
1933 4114 2198 4175 receperit
2235 4128 2458 4181 regnum
2508 4114 2646 4167 sicut
2694 4115 2966 4182 parvulus.
3001 4131 3106 4169 non

1547 4182 1765 4234 intrahit
1814 4182 2048 4252 inillud.
2105 4184 2170 4235 Et
2199 4198 2500 4237 convocans
2529 4199 2642 4238 eos.
2689 4186 2948 4252 inponens
2991 4201 3108 4238 ma-

1545 4264 1645 4304 nus
1685 4266 1844 4318 super
1885 4251 2004 4324 illos
2047 4252 2393 4306 benedicebat
2436 4268 2551 4324 eos.
2595 4254 2657 4307 Et
2700 4251 2820 4308 cum
2860 4270 3107 4324 egressus

1543 4329 1707 4374 esset.
1755 4324 1804 4373 in
1854 4323 1994 4392 viam
2036 4337 2358 4392 procurrens
2379 4323 2599 4392 quidam
2647 4339 2790 4389 genu
2815 4323 2954 4378 ﬂexo
2981 4336 3105 4381 ante

1547 4404 1669 4461 eum
1717 4391 1954 4461 rogabat
2017 4405 2140 4442 eum
2186 4391 2261 4460 (ὁ)
2307 4391 2494 4446 dicens
2533 4392 2593 4461 in
2661 4394 2914 4461 Magister
2967 4395 3107 4451 boue

1546 4459 1672 4526 quid
1710 4457 1924 4529 faciam.
1966 4467 2022 4529 ut
2057 4457 2219 4529 vitam
2243 4457 2559 4529 'aeternam'
2588 4457 2916 4529 possideam.
2953 4464 3107 4518 .lesns

1547 4539 1724 4581 autem
1763 4527 1900 4580 dixit
1935 4526 2004 4580 ei.
2044 4526 2180 4591 Quid
2220 4542 2306 4580 me
2343 4527 2477 4582 dicis
2516 4526 2734 4582 bonum.
2800 4530 2969 4584 Nemo
3016 4531 3108 4585 bo-

1548 4611 1668 4652 nus.
1719 4597 1821 4652 nisi
1876 4610 2014 4650 unus
2067 4597 2228 4651 Deus.
2287 4595 2431 4651 Haec
2469 4608 2754 4667 praecepta
2795 4601 2956 4652 nosti.
2996 4599 3110 4652 Non

3209 3977 3556 4035 moecaveris.
3610 3976 3722 4032 Non
3777 3976 3964 4031 falsum
4015 3977 4379 4032 testimonium
4427 3973 4596 4028 dices.
4659 3972 4769 4025 Non

3209 4046 3447 4116 fraudem
3500 4049 3686 4101 I’acies.
3738 4049 3949 4102 Ilonora
3999 4061 4198 4116 patrem
4230 4053 4504 4116 qum_._et_
4547 4050 4768 4116 matrem

3213 4115 3288 4187 (ά)
3323 4127 3460 4188 tuam
3494 4117 3554 4188 ῒ.
3583 4119 3653 4172 At
3673 4120 3760 4172 ille
3785 4109 4115 4187 respondens
4143 4119 4218 4171 ait
4238 4117 4334 4188 illi_.
4373 4112 4617 4179 Magister
4641 4109 4771 4187 haec

3209 4182 3386 4240 omnia
3425 4182 3707 4242 observavi
3747 4205 3776 4242 a
3811 4182 4088 4258 juventute
4125 4182 4450 4258 mea._Je_s_us
4480 4188 4658 4258 autem
4691 4182 4769 4258 i_n-

3210 4258 3371 4310 tuitus
3400 4273 3543 4330 cum.
3576 4259 3764 4314 dilexit
3791 4247 3931 4314 eum.
3968 4269 4022 4312 et
4057 4258 4191 4330 dixit
4218 4256 4313 4308 illi.
4349 4251 4518 4330 Unum
4550 4248 4647 4330 tibi
4673 4247 4766 4330 de-

3210 4336 3311 4380 est.
3345 4328 3477 4381 vade
3505 4330 3678 4382 vende
3705 4330 3885 4382 omnia
3918 4339 4025 4383 tua.
4056 4338 4110 4382 et
4135 4327 4200 4380 da
4227 4319 4565 4391 pauperibus.
4598 4324 4653 4369 et
4680 4314 4770 4391 ha:

3209 4396 3360 4467 bebis
3397 4398 3742 4452 thensaurum
3774 4401 3823 4451 in
3853 4399 4029 4467 caelo.
4054 4406 4108 4450 et
4143 4386 4263 4467 veni
4301 4386 4656 4467 sequereme.
4695 4386 4768 4467 Ad

3211 4465 3300 4537 ille
3326 4469 3679 4537 contristatus
3702 4467 3760 4537 in
3786 4467 3854 4537 (ε)
3881 4467 3980 4537 hoc
4006 4466 4252 4537 fverbo.
4285 4461 4628 4537 abiittristis:
4657 4463 4768 4515 erat

3216 4534 3358 4656 enian
3379 4535 3586 4589 habens
3606 4523 3819 4589 divitias
3832 4523 4122 4589 inultas.Et
4141 4529 4578 4610 circumspiciens
4596 4523 4764 4579 Jcsus.

3218 4612 3290 4655 ait
3347 4619 3418 4656 ιε-

3218 4612 3290 4655 ait
3309 4612 3418 4657 dis-

2799 4707 3032 4764 CODEX
3067 4708 3526 4768 CORBEIENSIS.

1550 4827 1705 4908 mi6.
1747 4826 1813 4908 Et
1848 4839 2147 4881 convocans
2192 4838 2308 4891 eos,
2361 4823 2673 4894 imponebat
2715 4835 2906 4878 manus
2949 4837 3112 4892 super

1550 4897 2091 5032 lngs‘l'.6t|c)rocurrens
2133 4965 2367 5035 quidam,
2400 4963 2782 5034 adgeniculans
2810 4971 2934 5018 ante
2965 4978 3107 5017 eum.

1615 5036 1706 5090 22.
1748 5034 1844 5090 llle
1869 5043 2045 5088 autem
2076 5034 2421 5089 contristatus
2461 5044 2543 5089 est
2592 5036 2644 5089 in
2687 5036 2787 5088 hoc
2815 5035 3012 5098 verbo,
3058 5045 3112 5088 ct

1551 5105 1792 5170 recessit,
1829 5114 1884 5161 et
1920 5106 2048 5160 abiit
2085 5106 2252 5222 mgis
2279 5122 2292 5157 :
2323 5113 2442 5159 erat
2482 5106 2625 5159 cnim
2673 5104 2876 5160 habens
2921 5105 3113 5159 multas

3216 4828 3605 4894 possessiones.
3629 4835 3681 4878 ct
3707 4827 3981 4894 pecunias.

3287 4896 3375 4951 23.
3417 4899 3468 4952 in
3505 4891 3724 4964 regnum
3751 4896 3845 4950 Dei
3881 4894 4198 4950 iutroibuntl
4230 4891 4466 4964 Facilius
4483 4900 4566 4947 est
4593 4906 4767 4948 came-

3220 4965 3324 5019 lum
3355 4962 3718 5090 pes-foramen
3752 4981 3878 5020 acus
3905 4968 4150 5031 transire,
4179 4978 4336 5035 quam
4367 4962 4582 5018 divitem
4615 4965 4668 5017 in
4696 4977 4771 5015 re-

3220 5051 3378 5090 gnum
3451 5052 3520 5090 ei.

3217 5051 3378 5103 guum
3405 5051 3520 5091 uel.

2765 5193 3155 5272 mammas
3193 5213 3588 5270 LECTIONES.

1615 5333 1633 5364 ί
1797 5343 2002 5394 regnum
2022 5327 2288 5380 caelorum.
2322 5325 2499 5377 recenti
2535 5340 2698 5387 maria,
2719 5326 2831 5378 Dei.
2864 5326 3012 5393 Vulg.
3036 5340 3120 5377 re-

1557 5404 1707 5456 gnum
1725 5392 1842 5444 Dei.

3282 5327 3302 5358 ¹
3339 5326 3444 5376 Gat.
3462 5327 3550 5375 nisi
3571 5324 3702 5375 solus
3721 5325 3876 5390 Deus,
3900 5324 4041 5390 Vulg.
4068 5326 4158 5376 nisi
4178 5338 4302 5376 unus
4319 5324 4470 5377 Deus.

2814 5493 3174 5550 BLANCHINI
3200 5492 3424 5549 ΝΟΤᾸΞ.

1633 5614 1716 5684 (a)
1734 5615 1807 5669 Ita
1829 5621 1884 5684 et
1907 5611 2028 5668 cod.
2053 5601 2970 5684 Cant._1rpma_)lsaég_uv_ocidern—4
2990 5605 3070 5684 (_b)_
3094 5606 3164 5684 Et
3188 5605 3260 5684 ita
3283 5606 3404 5684 cod.
3432 5605 3597 5684 Cant.
3613 5607 3785 5683 λέγων.
3803 5636 3881 5684 ς-
3892 5607 3971 5684 ςε)
3990 5607 4070 5684 ita
4110 5614 4172 5684 et
4189 5604 4311 5660 cod.
4335 5601 4490 5684 Cant3

1784 5683 1918 5749 iddizt
1943 5691 2114 5745 tuam,
2164 5675 2323 5749 etiam
2351 5679 2517 5733 codex
2547 5675 2708 5732 Gnth.
2756 5683 2980 5749 σοῦηπ-τ
3001 5675 3077 5748 (ἐ)
3105 5675 3302 5749 Addit;
3325 5677 3447 5749 hoc,
3489 5675 3684 5749 pariter
3721 5679 3842 5734 cod.

1471 5793 1475 5796 .
1564 5760 1630 5806 rt.
1660 5744 1825 5822 #(g)
1870 5747 1933 5807 Et
1970 5753 2039 5806 ita
2075 5744 2195 5805 cod.
2230 5746 2381 5804 Cant.
2425 5750 2689 5822 χρήματα,
2720 5744 3072 5808 conformh'er'
3104 5744 3423 5803 Vercellensi

1561 5679 1729 5751 δ”-(ά)
1761 5683 1918 5751 Addit
1943 5691 2114 5745 tuam,
2160 5679 2323 5751 etiam
2351 5679 2517 5733 codex

3929 5625 3971 5678 ε)
3996 5625 4070 5661 ua
4110 5625 4166 5661 et
4189 5625 4311 5660 cou.
4335 5625 4490 5669 um,
4521 5626 4675 5677 μονος
4703 5625 4782 5663 εις.

3929 5679 4042 5733 0th.
4085 5676 4274 5746 τούτῳ.
4321 5675 4496 5744 ιιι-(Ι)
4543 5677 4782 5730 Abundat
