3912 6392
534 250 765 310 CUDEX
813 251 1344 312 VERCELLENSIS.

150 343 282 400 lium
306 347 358 399 in
387 347 512 401 uni-
980 349 1075 403 das
1098 348 1341 404 Pascha?

148 429 309 486 verso
350 432 505 470 mun-
980 420 1063 474 13.
1104 418 1172 472 Et
1194 419 1356 472 mittit
1376 416 1514 472 duos

146 484 243 557 do,
269 484 344 557 et,
374 486 519 555 quod
973 503 1038 543 ex
1063 486 1363 557 discipulis,

146 554 446 620 iecithaec,
465 580 480 588 ι
970 554 1292 613 (ΙίρθιιεεἸιθ
1322 558 1375 612 in

146 625 454 696 divulgabi-
968 627 1212 692 civitate;
1245 634 1297 682 et

146 703 233 776 tur
260 695 319 749 in
340 710 548 777 inemo-
970 704 1215 778 occurret

144 779 536 907 ?;.mﬁetlg:das
553 837 573 869 ι
589 837 805 892 Scarlo-
969 766 1333 907 minii?“

144 905 367 977 t_lPunus
385 920 452 960 ex
973 905 1142 977 aquae
1166 921 1297 975 por-

141 974 429 1046 dnodecim
976 974 1093 1029 tans
1113 993 1129 1031 :
1151 974 1334 1046 sequi-

141 1044 360 1111 abiitad
384 1044 532 1102 Pon-
970 1046 1097 1100 mini
1114 1044 1267 1111 eum';

136 1110 318 1169 iitlccs
344 1114 543 1173 Sacer-
970 1114 1057 1168 14.
1097 1124 1151 1170 et
1172 1110 1414 1172 ubicum-

141 1183 356 1250 dotum,
380 1195 439 1241 ut
816 1228 819 1229 ν
968 1199 1072 1252 que
1099 1186 1263 1239 intra-

141 1255 385 1310 traderet
968 1254 1122 1317 verit,
1149 1254 1310 1310 dicite

141 1324 229 1378 li.
245 1395 257 1405 _
271 1339 418 1405 eum.
445 1324 535 1405 ‘Ad
566 1325 643 1380 illi

140 1401 308 1459 gavisi
332 1401 483 1477 sunt,

140 1474 191 1517 et
225 1474 496 1532 promise-

971 1323 1257 1389 patrifami-

969 1392 1066 1447 lias
1089 1409 1103 1447 :
1127 1393 1317 1461 Magis-

969 1470 1050 1517 ter
1072 1462 1202 1517 dicit
1232 1481 1245 1515 :
1276 1463 1394 1521 Ubi.

141 1541 269 1586 runt
294 1534 345 1588 ei
367 1535 389 1565 '
420 1540 577 1603 pecti-
969 1543 1050 1586 est
1072 1533 1293 1587 refectio

140 1603 283 1658 niam
310 1604 464 1659 dare.
967 1616 1104 1665 mea,
1138 1603 1225 1656 ubi
1252 1618 1374 1657 cum

141 1672 208 1727 Et
232 1675 550 1744 quaerebat.
732 1680 735 1681 '
967 1672 1239 1744 discipulis

140 1741 415 1811 quomodo
792 1776 793 1779 η
968 1743 1103 1796 meis
1128 1741 1284 1797 edam

139 1810 260 1865 eum
285 1828 485 1881 oppor—
844 1860 847 1863 η
971 1812 1075 1867 15..
1098 1811 1294 1866 Pascha
1318 1812 1342 1863 ?
1367 1810 1437 1865 Et

142 1889 271 1937 tune
299 1884 479 1940 trade—
972 1884 1084 1950 ipse
1114 1882 1265 1937 vobis

143 1962 247 2006 ret.
971 1951 1214 2005 ostendet
1242 1952 1324 2005 lo-

143 2021 230 2093 12.
274 2024 342 2078 Et
363 2024 534 2093 prima
564 2023 652 2079 die
970 2034 1091 2075 cum
1123 2021 1327 2075 media-

140 2092 491 2170 Azyniorum.
972 2104 1097 2170 num
1111 2100 1262 2170 .stra-

140 2163 356 2231 quando
386 2164 517 2218 Pas—
970 2167 1078 2213 tum
1110 2163 1281 2231 insu-

139 2229 237 2287 «ειη
264 2233 513 2288 immola—
970 2229 1287 2298 perioribus,

966 2315 1214 2368 magnum
1249 2316 1261 2353 :

968 2369 1036 2423 ibi
1071 2379 1255 2424 narate

968 2383 1036 2423 nn
1071 2383 1140 2437 pa

968 2439 1141 2492 nobis.

939 2542 946 2548 -
971 2508 1057 2563 16.
1088 2508 1153 2563 Ει
1177 2509 1426 2565 exierunt

971 2579 1217 2649 discipuli
1242 2580 1382 2649 ejus,

140 2301 291 2363 bant,
322 2303 511 2357 dicunt

140 2373 186 2425 ei
217 2372 504 2441 discipuli:

140 2442 242 2497 Ubi
270 2442 377 2507 vis,
404 2457 529 2497 enn-

141 2520 239 2578 tes,
266 2526 497 2582 praepa-

138 2597 345 2649 remus,
375 2593 437 2637 ut
465 2597 524 2639 e-

1188 135 1634 217 Ei’ANGELlUM
1665 138 2036 196 SECUNDUM
2065 141 2373 198 MARCUM.

3296 145 3401 201 850

2216 252 2446 312 CODEX
2480 255 3011 315 VERCEILENSIS.

2337 356 2543 402 DEFICIT
2571 363 2905 404 VERONENSIS.

2647 418 2737 472 21.
2779 421 3035 475 catinum.
3074 418 3162 475 Fi-

2650 488 2752 541 lius
2778 489 2992 557 quidem

2649 557 2880 611 hominis
2910 568 3017 612 tra-

2647 626 2807 690 ditur,
2842 642 3034 683 secun-

2647 695 2774 750 dum
2796 698 2935 766 quod

2641 766 2901 821 scribtum

2640 846 2722 890 est
2744 836 2812 890 de
2836 851 2931 902 eo;
2957 853 3054 895 vae

2648 915 2825 959 autem
2852 906 2931 961 illi

2644 975 2868 1042 homini,
2896 992 2991 1046 per

2640 1061 2797 1114 quem
2830 1056 2936 1099 tra-

2640 1115 2784 1169 ditur
2812 1132 2825 1168 :
2856 1132 2967 1169 me—

2640 1183 2743 1239 lius
2761 1192 2878 1240 erat
2899 1186 2964 1240 il-

2642 1253 2702 1319 li,
2732 1255 2776 1309 si
2801 1271 2905 1310 non
2934 1255 3059 1311 luis-

1831 423 1883 469 et
1912 424 2175 471 venerunt

1830 486 1884 541 in
1903 487 2138 552 civitate,

1820 562 1875 611 et
1895 554 2154 620 fecerunt,

1821 630 1959 680 sicut
1985 623 2128 679 dixit

1824 695 1952 757 illis,
1986 704 2039 747 et
2068 709 2221 763 para-

1822 772 2016 819 verunt
2036 763 2171 819 Pas;

1819 834 1943 889 cha.
2243 888 2247 892 .

1824 905 1910 958 ΓΙ.
1940 902 2025 968 Et,
2059 918 2179 958 cum
2206 912 2329 961 sero

1822 974 2017 1028 factum
2040 989 2127 1028 es-

1822 1051 1925 1109 set,
1957 1044 2103 1097 venit
2129 1044 2150 1075 ³
2176 1059 2297 1100 cum

1822 1113 1908 1168 18.
1939 1128 2030 1167 xu.
2059 1113 2122 1168 Et
2156 1116 2365 1171 discum

1824 1184 1922 1238 ben
1930 1183 2069 1237 tibus

1820 1254 1920 1317 eis,
1942 1262 1996 1307 et
2014 1254 2221 1310 edenti-

1823 1323 1941 1388 bus,
1966 1323 2099 1378 dixit
2123 1339 2138 1378 :
2642 1333 2725 1380 set
2751 1336 2911 1380 natus

1817 1392 1988 1447 Amen
2019 1393 2142 1449 dico
2170 1409 2262 1449 vo-
2643 1394 2804 1449 homo
2832 1395 2941 1449 ille.

1817 1462 1919 1525 bis,
1937 1466 2061 1530 quia
2083 1480 2217 1519 unus
2639 1462 2729 1518 2‘2.
2754 1464 2843 1531 Et,
2859 1465 3144 1522 edentibus

1817 1547 1884 1584 ex
1916 1534 2110 1604 vestris
2640 1536 2740 1599 eis,
2766 1536 3037 1604 accipiens

1817 1601 1989 1655 tradet
2013 1617 2120 1667 me,
2641 1618 2852 1669 panem.
2872 1601 3032 1661 bene‘

1815 1670 1903 1738 qui
1926 1669 2049 1725 edet
2074 1688 2186 1728 me-
2637 1672 2791 1739 dixit,
2818 1684 2873 1729 et
2900 1672 3012 1729 fre-

1818 1741 1903 1795 i9.
1930 1754 2073 1795 cum.
2102 1743 2183 1798 Ad
2207 1745 2285 1799 illi
2635 1742 2735 1809 git,
2764 1752 2818 1796 et
2845 1743 2995 1798 dedit

1816 1822 2108 1877 coeperunt
2636 1812 2763 1876 illis,
2793 1812 2977 1868 dicens
3006 1830 3019 1867 :

1817 1882 2104 1936 contrista-
2637 1882 2843 1938 Sumite
2883 1901 2896 1936 :
2926 1881 3037 1938 Hoc

1818 1951 1889 2023 ri,
1920 1961 1973 2023 et
1998 1952 2183 2023 dicere
2636 1962 2718 2008 est
2745 1951 2956 2023 Corpus

1818 2021 1892 2091 illi
1920 2019 1942 2050 ’⁵
1964 2022 2161 2091 singuli
2190 2043 2204 2078 :
2638 2037 2841 2089 meum,
2859 2019 3015 2091 quod

1815 2090 2086 2159 Numquid
2639 2108 2734 2162 pro
2764 2090 2944 2148 multis

1815 2174 1915 2232 ego
1938 2161 1960 2212 τ
1989 2172 2043 2214 et
2070 2164 2207 2232 alius
2233 2186 2248 2223 :
2637 2161 2931 2232 confringi-

1815 2228 2082 2298 Numquid
2639 2242 2727 2286 tur
2748 2234 2799 2286 in
2832 2228 3027 2293 remis-

1928 2313 2027 2379 θεέ)
2050 2301 2074 2353 τ
2101 2304 2306 2371 Quibus
2634 2303 2845 2356 sionem
2862 2322 3053 2376 peccas

1811 2376 1893 2423 ait
1920 2386 1933 2422 :
1970 2376 2116 2427 Unus
2142 2390 2208 2429 ex
2636 2379 2835 2425 torum.

1818 2456 1910 2495 xu.
1936 2446 2023 2510 qui
2054 2444 2215 2501 intin-

1816 2523 1905 2579 get
1936 2528 2144 2596 mecum

1818 2597 2030 2638 manum
2055 2601 2106 2638 1η

2634 2448 2727 2503 25.
2756 2447 2845 2512 Et,
2877 2456 3101 2516 accepto
3119 2462 3209 2503 ca-

2639 2519 2760 2582 lice,
2791 2516 2990 2586 gratias

2638 2590 2770 2658 egit,
2799 2597 2855 2643 et
2876 2586 3027 2641 dedit

138 2722 145 2729 .
783 2696 788 2701 .
1439 2667 1667 2728 CODEX
1705 2671 2095 2733 BRIXIANUS.

139 2773 269 2828 lium
298 2772 354 2850 in
382 2771 692 2850 universum
737 2768 1011 2850 mundum.
1033 2768 1260 2850 etquod
1297 2767 1428 2850 fecit
1454 2767 1591 2850 haec
1620 2767 1702 2822 di-
1808 2783 2071 2850 venerunt
2089 2776 2447 2850 sicutdigterat
2469 2780 2665 2837 illis.et
2680 2784 3121 2850 praeparaverunt
3154 2774 3375 2832 Pascha.

136 2853 291 2899 cetur
324 2843 374 2895 in
408 2842 722 2896 memoriam
767 2839 904 2905 ejus.
939 2839 1003 2893 Et
1025 2838 1190 2894 Judas
1222 2839 1539 2894 Schariotbe
1567 2852 1705 2892 unus

136 2912 203 2968 de
233 2911 521 2967 duodecim
550 2912 682 2965 abiit
707 2910 772 2965 ad
796 2909 1074 2978 Principes
1098 2908 1470 2965 Sacerdotium.
1500 2918 1558 2962 ut
1584 2922 1706 2964 eum

137 2983 380 3037 traderet
419 2983 519 3036 eis.
559 2980 639 3035 Ad
677 2981 754 3035 illi
788 2979 1082 3049 audientes.
1113 2980 1281 3048 gavisi
1326 2987 1472 3034 sunt.
1501 2988 1554 3032 et
1585 2989 1708 3049 pru-

135 3053 403 3107 miserunt
431 3053 479 3106 ei
530 3051 817 3121 pecuniam
844 3048 993 3121 dare.
1034 3050 1420 3121 etquaerebat
1440 3048 1709 3117 quomiido

136 3122 284 3176 illum
313 3118 582 3187 oportune
622 3121 879 3175 traderet.
929 3119 997 3172 Et
1039 3120 1207 3186 primo
1233 3118 1321 3172 die
1352 3121 1702 3187 Azymoruin.

133 3190 358 3259 quando
409 3190 611 3245 Pascha
657 3189 1029 3243 immolabant.
1069 3188 1319 3259 diierunt
1361 3188 1412 3242 ei
1453 3188 1705 3259 discipuli

133 3257 273 3327 eius.
307 3262 428 3326 Quo
455 3262 537 3312 vis
567 3268 753 3313 eamus
788 3264 842 3312 et
871 3271 1117 3327 paremus
1165 3257 1261 3311 tibi
1313 3266 1368 3311 ut
1413 3257 1704 3327 manduces

134 3325 367 3385 Pascha.
420 3328 485 3382 Et
513 3327 665 3383 misi't'
702 3327 837 3383 duos
874 3325 944 3381 ex
993 3326 1266 3395 discipulis
1311 3327 1446 3380 suis.
1475 3326 1540 3380 Et
1572 3325 1708 3380 dixit

132 3402 231 3455 eis.
283 3399 365 3453 lie
404 3399 456 3451 in
510 3399 802 3453 civitatem.
848 3404 903 3452 et
942 3404 1191 3451 occurret
1232 3397 1386 3451 vobis
1422 3397 1581 3449 homo
1611 3407 1705 3450 vas

132 3486 285 3539 aqua:
334 3468 619 3539 bajulans.
648 3467 943 3539 Sequimini
973 3482 1120 3539 eum.
1156 3466 1225 3539 Et
1256 3479 1607 3539 quocumque
1626 3467 1709 3519 in-

134 3535 361 3595 troierit.
405 3535 578 3593 Dicite
593 3538 813 3593 domino
830 3538 1044 3609 domus.
1077 3535 1322 3605 Magister
1340 3536 1487 3609 dicit.
1513 3535 1610 3609 libi
1630 3544 1712 3591 est

136 3610 361 3666 refectio
396 3624 537 3664 mea.
568 3620 619 3663 ut
647 3623 769 3665 cum
786 3606 1062 3676 discipulis
1086 3609 1217 3662 meis
1239 3607 1553 3661 manducem
1582 3606 1711 3676 Pas-

132 3684 253 3734 cha.
280 3678 353 3734 Et
384 3680 501 3748 ipse
529 3678 685 3733 vobis
711 3675 1117 3734 demonstrabit.
1169 3678 1480 3732 cenaculum
1508 3675 1711 3748 grande

131 3758 360 3805 stratum
393 3746 659 3819 paratum.
699 3757 754 3805 et
779 3749 890 3803 illic
911 3756 1203 3817 praeparate
1230 3748 1410 3819 nobis.
1453 3747 1516 3801 Et
1555 3746 1707 3819 abie-

135 3831 258 3876 runt
284 3815 539 3890 discipuli
575 3819 713 3889 ejus.
747 3830 802 3874 et
826 3815 1103 3875 venerunt“
1119 3819 1171 3871 in
1195 3817 1488 3871 civitatem.
1532 3826 1587 3870 et
1621 3815 1707 3869 in-

1816 2840 2049 2913 vespere
2076 2854 2253 2901 autem
2287 2847 2427 2903 facto
2458 2852 2603 2906 venit
2626 2840 2746 2905 cum
2769 2840 3074 2906 duodecim.

1883 2910 1950 2967 Et
1975 2914 2439 2974 discumbentibus
2465 2923 2569 2975 eis.
2612 2931 2668 2976 et
2697 2919 3163 2975 tnanducantibus.
3195 2918 3271 2971 ait
3294 2914 3383 2970 Je-

1814 2995 1924 3061 s_us.
1952 2984 2123 3061 Amen
2154 2987 2273 3061 dico
2298 2982 2466 3044 vobis.
2499 2993 2620 3061 quia
2652 3006 2791 3061 unus
2836 3006 2903 3045 ex
2953 2989 3107 3043 vobis
3136 3001 3221 3041 me
3269 2995 3382 3040 tra-

1814 3052 1923 3135 det.
1960 3056 2047 3135 qui
2102 3058 2388 3135 manducet
2436 3052 2662 3135 rue-cuin.
2685 3060 2760 3135 At
2809 3061 3214 3135 illi_c_oeperunt
3253 3070 3382 3135 con-

1811 3125 2043 3199 tristari_._
2081 3133 2136 3179 et
2182 3127 2365 3199 dicere
2414 3131 2632 3199 singuli.
2682 3130 2949 3199 Numquid
2988 3125 3089 3199 ego
3136 3141 3275 3199 sum:
3323 3132 3378 3180 et

1807 3193 1966 3270 alios.
1999 3193 2265 3270 Numquid
2294 3212 2415 3268 ego.
2459 3193 2664 3268 Quibus
2689 3203 2802 3270 ipse
2827 3193 2920 3254 ait.
2963 3193 3112 3254 Unius
3144 3211 3211 3270 es
3245 3196 3379 3249 duo-

1808 3260 2001 3315 decim.
2032 3263 2124 3329 qui
2148 3260 2361 3322 manum
2392 3260 2555 3323 mittit
2583 3260 2792 3324 mecum
2830 3274 2881 3323 in
2918 3270 3115 3323 catino.
3154 3264 3380 3319 Verum-

1810 3338 1984 3386 tamen
2013 3331 2177 3388 Filius
2210 3336 2460 3392 hominis.
2486 3340 2629 3393 vadit
2649 3338 2789 3393 sicut
2809 3341 3065 3391 scribtum
3088 3344 3171 3389 est
3199 3335 3264 3387 de
3285 3349 3375 3387 eu.

1809 3415 1921 3476 vae_
1959 3412 2135 3476 autem
2176 3404 2381 3461 hamini
2431 3409 2527 3462 illi.
2581 3424 2674 3476 per
2717 3424 2875 3475 quem
2923 3406 3091 3476 Filius
3140 3403 3376 3476 hominis

1810 3471 2064 3526 tradetur.
2097 3474 2291 3529 bonum
2323 3478 2372 3531 ei
2418 3492 2554 3533 erat.
2583 3471 2632 3532 si
2661 3471 2815 3531 natus
2846 3491 2950 3530 non
2985 3474 3175 3528 fuisset
3215 3472 3377 3525 hoino

1810 3540 1922 3616 ille.
1951 3542 2018 3597 Et
2066 3546 2508 3616 niainlucantibns
2554 3549 2677 3602 illis.
2707 3550 2915 3616 accepit
2954 3544 3110 3600 Jesus
3152 3557 3371 3616 patienti.

1807 3619 1863 3687 et
1911 3614 2255 3687 benedicens.
2281 3618 2439 3687 fregit
2485 3630 2541 3672 et
2582 3618 2729 3673 dedit
2771 3612 2869 3672 eis.
2900 3626 2955 3671 et
2999 3612 3374 3687 ait.__Suniiic.

1810 3683 1922 3758 lloc
1949 3695 2030 3738 est
2054 3686 2197 3758 enim
2226 3683 2435 3758 Corpus
2462 3705 2659 3743 meum.
2694 3688 2760 3742 Et
2789 3695 3011 3758 accepto
3037 3683 3225 3739 calice.
3257 3688 3380 3758 grii-

1812 3753 1913 3808 tias
1941 3767 2128 3823 agens.
2152 3754 2306 3813 dedit
2332 3750 2431 3813 eis.
2462 3769 2515 3813 et
2546 3760 2802 3814 biberunt
2844 3750 3043 3811 ex'illu
3072 3766 3284 3805 Ollillea.
3314 3750 3380 3805 Et

1381 3962 1611 4019 CODEX
1643 3963 2108 4026 CORBEIENSIS.

205 4090 295 4147 14.
321 4090 426 4148 Ubi
451 4099 536 4145 est
576 4070 920 4145 refectorium
945 4123 963 4151 ,
992 4082 1080 4138 ubi
1104 4096 1223 4139 cum
1254 4080 1532 4151 discipulis
1572 4082 1708 4137 meis
1782 4132 1792 4141 ,

135 4162 457 4218 manducem
483 4158 730 4215 Pascha?

207 4232 294 4287 15.
337 4227 748 4284 Demonstrahit
781 4232 1009 4280 stratum
1036 4222 1258 4294 grande,
1290 4232 1532 4292 paratum
1559 4239 1572 4275 :
1600 4222 1709 4278 illic

134 4298 577 4375 νθῐὲιθέιοδίεο-
1016 4364 1064 4375 ..
1217 4364 1240 4375 η
1304 4372 1314 4375 -
1381 4362 1414 4375 ..

136 4362 151 4372 ’
322 4369 506 4494 ἀίεξιιθ
532 4365 732 4439 singuli
759 4362 775 4422 Ξ
803 4364 1067 4436 Numquid
1095 4364 1240 4435 ego?
1264 4372 1320 4420 et
1346 4362 1483 4419 alius
1508 4382 1520 4416 :
1544 4362 1710 4418 Numa

133 4455 220 4512 qui
286 4455 391 4513 ego

198 4646 368 4732 ξ.
400 4644 724 4700 Scariothis...
761 4645 1003 4698 Christum
1050 4644 1155 4696 illis.
1198 4637 1342 4709 Vulg.
1380 4641 1701 4694 Iscariotes...

136 4724 245 4762 eum
271 4710 390 4761 illis.
1068 4770 1071 4771 ν

193 4772 215 4805 ⁸
250 4766 358 4822 Gal.
380 4772 593 4835 pretium
615 4783 690 4820 se.
721 4768 867 4833 Vulg.
893 4769 1142 4831 pecuniam
1158 4779 1233 4816 se.

1879 4082 1968 4137 22.
2001 4094 2056 4141 et
2078 4084 2214 4141 dixit
2241 4103 2257 4141 :
2286 4087 2565 4158 Accipite,
2594 4094 2652 4144 et
2684 4086 2864 4143 edite:
2899 4086 3010 4143 Hoc
3053 4095 3139 4143 est
3168 4085 3380 4157 Corpus

1810 4169 2080 4301 “iusim
2100 4228 2310 4297 accepit
2338 4228 2585 4296 calicem,
2609 4238 2664 4287 et
2690 4230 2982 4293 benedixit,
3014 4241 3068 4285 et
3088 4228 3234 4301 dedit
3260 4229 3338 4285 eis
3364 4246 3377 4283 :

1808 4295 2137 4364 etbiberunt
2165 4295 2245 4355 ex‘
2258 4314 2325 4355 eo
2348 4316 2559 4356 omnes.

1360 4522 1753 4586 VARIANTES
1788 4516 2184 4584 LECTIONES.

1872 4642 1895 4673 ³
1921 4640 2033 4689 Gal.
2077 4638 2185 4687 cum
2234 4649 2316 4685 xu.
2366 4633 2613 4696 discipulis
2664 4635 2780 4683 suis.
2836 4632 2982 4698 vutg.
3032 4648 3141 4685 cum
3190 4636 3379 4688 duode-

1809 4703 2330 4833 ff?'am._singillatim
2345 4769 2357 4804 ς
2370 4755 2611 4828 Numquid
2631 4768 2727 4819 ego
2740 4755 2881 4817 sum?
2908 4756 3054 4824 Vulg.
3071 4759 3377 4822 singulatim:

1805 4823 2047 4884 Numquid
2074 4832 2185 4881 ego.

803 4918 1090 4966 ιιςοτιοηδ
1115 4922 1322 4964 ῡουιοιε
1343 4920 1749 4963 VINDEBONENSIS
1777 4918 2043 4961 ΑΒΕυΝτες
2066 4917 2131 4955 ΑΒ
2160 4915 2409 4955 ΕυΙΤΙΟΝΕ
2428 4890 2692 4955 νυιοΑτΑ.

130 5025 448 5088 Evangelium
489 5027 538 5074 iu
574 5026 853 5088 universum
885 5021 1148 5088 mundum._
1194 5018 1268 5088 10.
1291 5019 1702 5088 Judasﬁscarioth

133 5081 345 5138 unus'ex
368 5087 630 5135 duodecim
654 5087 775 5135 abiit
792 5086 930 5134 ait...
950 5091 1004 5131 ut
1035 5082 1264 5138 proderet
1291 5081 1555 5139 eum.'Qui.
1620 5082 1698 5131 11.

132 5150 201 5201 Ad
224 5149 294 5198 illi
318 5149 477 5209 gavisi
496 5153 638 5209 sunt.
696 5146 771 5194 ‘12.
793 5144 1063 5209 AEl._|)fll_ﬂ‘a
1085 5142 1223 5209 die...
1256 5141 1440 5209 Pascha
1485 5142 1707 5209 immota-

132 5203 568 5269 batur...'discipuli
593 5207 717 5268 eius.
785 5204 933 5269 13.13!
952 5204 1079 5252 misit
1099 5203 1297 5269 duos‘ex
1319 5203 1705 5269 discipulissnis,

130 5269 415 5322 dicenszlte
438 5262 487 5317 in
512 5262 766 5317 civitate...
792 5266 1014 5326 lagenam
1033 5275 1184 5324 aquae
1206 5262 1389 5311 ferens.
1417 5262 1533 5326 λι.
1558 5262 1709 5314 dicite

193 5330 468 5382 trifamtllas
490 5329 582 5377 loci
601 5327 731 5377 illius
756 5341 768 5375 :
792 5323 1024 5387 Migister
1047 5323 1212 5387 uester
1230 5327 1349 5387 dicit
1374 5338 1387 5387 ς
1416 5323 1507 5373 Ubi
1527 5332 1605 5374 est
1622 5338 1706 5374 re-

184 5394 304 5451 ctio,
340 5393 482 5440 ubi...
524 5390 810 5439 manducent
853 5385 1065 5439 Pascha?
1128 5387 1204 5451 15.
1228 5385 1712 5451 Ipsedgmonstrabﬂ

132 5456 273 5518 vobis
290 5447 497 5518 iratqu
536 5451 797 5518 grauiam,
836 5452 1052 5518 paratum
1077 5448 1227 5518 :iliic.
1254 5447 1265 5451 ⁷
1295 5448 1369 5518 1β.
1393 5447 1455 5501 Et
1477 5451 1712 5518 exierunt

141 5503 367 5587 discipuli
390 5516 515 5584 eius.
541 5503 597 5570 ’ὃς
618 5503 859 5568 voset-uni
894 5512 942 5570 in
958 5503 1225 5595 civitatem.
1243 5518 1294 5564 et
1312 5510 1535 5567 fecerunt
1584 5503 1706 5567 sicui

1811 5014 2241 5085 dixerat_il_lis,_§t
2272 5014 2637 5085 praeparabant
2670 5014 2867 5085 Pascha.
2914 5014 3375 5085 __18._.quod_u_nns..:

1810 5091 1890 5126 me
1914 5076 2108 5137 tradet.
2127 5073 2135 5076 ⁷
2157 5074 2229 5125 19.
2258 5073 2327 5123 Ad
2349 5073 2478 5125 illi...
2505 5082 2557 5124 et
2578 5076 2746 5137 dicere
2769 5075 2945 5137 singuli
2974 5073 3223 5136 :Nunquid
3250 5078 3380 5137 ego?

1810 5148 1861 5189 et
1882 5138 2005 5187 alius
2031 5150 2043 5184 :
2068 5135 2291 5198 Nunquid
2318 5136 2449 5198 ego?
2508 5136 2586 5187 20.
2615 5136 2801 5194 Quibus
2815 5135 2916 5185 δὴ..
2944 5137 3026 5197 qui
3064 5138 3247 5195 intingit
3271 5135 3379 5184 me-

1810 5213 1915 5249 cum
1940 5200 1987 5245 in
2010 5196 2207 5246 catino.‘
2249 5196 2325 5247 21.
2353 5197 2566 5247 Filius...
2592 5200 2798 5245 hominis
2816 5197 3042 5254 traditur,
3078 5199 3200 5243 sicut
3222 5198 3379 5246 scrib-

1810 5268 1909 5309 tum
1934 5265 2065 5306 est...
2094 5271 2182 5307 vae
2207 5267 2369 5307 autem
2395 5260 2594 5314 homini,
2622 5272 2710 5317 per
2750 5270 2894 5317 quem
2935 5257 3140 5317 traditur
3167 5258 3377 5308 :bonum

1811 5323 1874 5370 ei.
1940 5320 2016 5369 22.
2044 5322 2231 5381 accepit
2273 5334 2504 5381 panem...
2532 5326 2586 5369 et
2616 5316 2683 5381 ait
2705 5319 2811 5381 eis:
2836 5317 3051 5381 Accipite
3076 5353 3088 5364 .
3116 5316 3231 5381 Hoc.
3297 5319 3380 5373 23.

1812 5391 1862 5435 et
1888 5386 2088 5448 accepto
2106 5376 2283 5445 calice,
2292 5376 2569 5451 benedixit,
2591 5385 2643 5431 et
2658 5380 2810 5429 dedit.
2872 5376 3060 5430 ειςιιίο
3079 5385 3158 5429 est
3173 5378 3383 5451 Sanguis
