  <div class='ocr_page' id='page_1' title='image "/cluster/home/n/w/nwhite01/storage/ocr_20150623/12-13/uc1.31175013632818/424.png"; bbox 0 0 3912 6424; ppageno 0'>
   <div class='ocr_carea' id='block_1_1' title="bbox 196 405 306 464">
    <p class='ocr_par' dir='ltr' id='par_1_1' title="bbox 196 405 306 464">
     <span class='ocr_line' id='line_1_1' title="bbox 196 405 306 464; baseline 0 -2"><span class='ocrx_word' id='word_1_1' title='bbox 196 405 306 464; x_wconf 75' lang='lat'><strong>833</strong></span> 
     </span>
    </p>
   </div>
   <div class='ocr_carea' id='block_1_2' title="bbox 192 603 642 672">
    <p class='ocr_par' dir='ltr' id='par_1_2' title="bbox 192 603 642 672">
     <span class='ocr_line' id='line_1_2' title="bbox 192 603 642 672; baseline -0.007 -10"><span class='ocrx_word' id='word_1_2' title='bbox 192 609 342 671; x_wconf 84' lang='lat' dir='ltr'><strong>bant,</strong></span> <span class='ocrx_word' id='word_1_3' title='bbox 363 603 494 672; x_wconf 81' lang='lat' dir='ltr'><strong>quid</strong></span> <span class='ocrx_word' id='word_1_4' title='bbox 525 618 642 659; x_wconf 79' lang='lat' dir='ltr'><strong>res-</strong></span> 
     </span>
    </p>
   </div>
   <div class='ocr_carea' id='block_1_3' title="bbox 191 676 514 744">
    <p class='ocr_par' dir='ltr' id='par_1_3' title="bbox 191 676 514 744">
     <span class='ocr_line' id='line_1_3' title="bbox 191 676 514 744; baseline -0.012 -13"><span class='ocrx_word' id='word_1_5' title='bbox 191 676 514 744; x_wconf 83' lang='lat' dir='ltr'><strong>ponderent,</strong></span> 
     </span>
    </p>
   </div>
   <div class='ocr_carea' id='block_1_4' title="bbox 190 745 608 801">
    <p class='ocr_par' dir='ltr' id='par_1_4' title="bbox 190 745 608 801">
     <span class='ocr_line' id='line_1_4' title="bbox 190 745 608 801; baseline -0.002 0"><span class='ocrx_word' id='word_1_6' title='bbox 190 748 281 801; x_wconf 82' lang='grc'><strong>41.</strong></span> <span class='ocrx_word' id='word_1_7' title='bbox 314 745 388 800; x_wconf 89' lang='lat' dir='ltr'><strong>ei.</strong></span> <span class='ocrx_word' id='word_1_8' title='bbox 421 746 490 800; x_wconf 80' lang='lat' dir='ltr'><strong>Et</strong></span> <span class='ocrx_word' id='word_1_9' title='bbox 516 758 608 800; x_wconf 80' lang='lat' dir='ltr'><strong>ve-</strong></span> 
     </span>
    </p>
   </div>
   <div class='ocr_carea' id='block_1_5' title="bbox 189 817 572 879">
    <p class='ocr_par' dir='ltr' id='par_1_5' title="bbox 189 817 572 879">
     <span class='ocr_line' id='line_1_5' title="bbox 189 817 572 879; baseline -0.005 -9"><span class='ocrx_word' id='word_1_10' title='bbox 189 817 272 870; x_wconf 98' lang='lat' dir='ltr'><strong>nit</strong></span> <span class='ocrx_word' id='word_1_11' title='bbox 299 818 485 879; x_wconf 86' lang='lat' dir='ltr'><strong>tertio,</strong></span> <span class='ocrx_word' id='word_1_12' title='bbox 515 823 572 868; x_wconf 90' lang='lat' dir='ltr'><strong>et</strong></span> 
     </span>
    </p>
   </div>
   <div class='ocr_carea' id='block_1_6' title="bbox 187 885 503 944">
    <p class='ocr_par' dir='ltr' id='par_1_6' title="bbox 187 885 503 944">
     <span class='ocr_line' id='line_1_6' title="bbox 187 885 503 944; baseline 0.013 -4"><span class='ocrx_word' id='word_1_13' title='bbox 187 885 322 940; x_wconf 91' lang='lat' dir='ltr'><strong>dicit</strong></span> <span class='ocrx_word' id='word_1_14' title='bbox 348 885 456 941; x_wconf 86' lang='lat' dir='ltr'><strong>illis</strong></span> <span class='ocrx_word' id='word_1_15' title='bbox 486 906 503 944; x_wconf 89' lang='lat'><strong>:</strong></span> 
     </span>
    </p>
   </div>
   <div class='ocr_carea' id='block_1_7' title="bbox 190 956 581 1026">
    <p class='ocr_par' dir='ltr' id='par_1_7' title="bbox 190 956 581 1026">
     <span class='ocr_line' id='line_1_7' title="bbox 190 956 581 1026; baseline 0.008 -16"><span class='ocrx_word' id='word_1_16' title='bbox 190 956 436 1012; x_wconf 84' lang='lat' dir='ltr'><strong>Dormite</strong></span> <span class='ocrx_word' id='word_1_17' title='bbox 447 956 581 1026; x_wconf 80' lang='lat' dir='ltr'><strong>jam,</strong></span> 
     </span>
    </p>
   </div>
   <div class='ocr_carea' id='block_1_8' title="bbox 187 1027 524 1083">
    <p class='ocr_par' dir='ltr' id='par_1_8' title="bbox 187 1027 524 1083">
     <span class='ocr_line' id='line_1_8' title="bbox 187 1027 524 1083; baseline 0.009 -2"><span class='ocrx_word' id='word_1_18' title='bbox 187 1035 247 1081; x_wconf 89' lang='lat' dir='ltr'><strong>et</strong></span> <span class='ocrx_word' id='word_1_19' title='bbox 271 1027 524 1083; x_wconf 66' lang='lat' dir='ltr'><strong>rcunicso</strong></span> 
     </span>
    </p>
   </div>
   <div class='ocr_carea' id='block_1_9' title="bbox 187 1097 318 1151">
    <p class='ocr_par' dir='ltr' id='par_1_9' title="bbox 187 1097 318 1151">
     <span class='ocr_line' id='line_1_9' title="bbox 187 1097 318 1151; baseline -0.015 -1"><span class='ocrx_word' id='word_1_20' title='bbox 187 1097 318 1151; x_wconf 84' lang='lat' dir='ltr'><strong>cite.</strong></span> 
     </span>
    </p>
   </div>
   <div class='ocr_carea' id='block_1_10' title="bbox 188 1165 573 1223">
    <p class='ocr_par' dir='ltr' id='par_1_10' title="bbox 188 1165 573 1223">
     <span class='ocr_line' id='line_1_10' title="bbox 188 1165 573 1223; baseline 0.01 -4"><span class='ocrx_word' id='word_1_21' title='bbox 188 1174 371 1221; x_wconf 82' lang='lat' dir='ltr'><strong>matus</strong></span> <span class='ocrx_word' id='word_1_22' title='bbox 396 1177 484 1223; x_wconf 89' lang='lat' dir='ltr'><strong>est</strong></span> <span class='ocrx_word' id='word_1_23' title='bbox 511 1165 573 1222; x_wconf 74' lang='lat'><strong>6-</strong></span> 
     </span>
    </p>
   </div>
   <div class='ocr_carea' id='block_1_11' title="bbox 189 1235 596 1293">
    <p class='ocr_par' dir='ltr' id='par_1_11' title="bbox 189 1235 596 1293">
     <span class='ocr_line' id='line_1_11' title="bbox 189 1235 596 1293; baseline 0.005 -5"><span class='ocrx_word' id='word_1_24' title='bbox 189 1235 278 1289; x_wconf 85' lang='lat' dir='ltr'><strong>nis</strong></span> <span class='ocrx_word' id='word_1_25' title='bbox 316 1252 333 1288; x_wconf 91' lang='lat'>:</span> <span class='ocrx_word' id='word_1_26' title='bbox 374 1236 596 1293; x_wconf 80' lang='lat' dir='ltr'><strong>advenit</strong></span> 
     </span>
    </p>
   </div>
   <div class='ocr_carea' id='block_1_12' title="bbox 188 1303 583 1370">
    <p class='ocr_par' dir='ltr' id='par_1_12' title="bbox 188 1303 583 1370">
     <span class='ocr_line' id='line_1_12' title="bbox 188 1303 583 1370; baseline 0.01 -11"><span class='ocrx_word' id='word_1_27' title='bbox 188 1303 327 1360; x_wconf 82' lang='lat' dir='ltr'><strong>hora</strong></span> <span class='ocrx_word' id='word_1_28' title='bbox 359 1321 377 1370; x_wconf 84' lang='lat'><strong>;</strong></span> <span class='ocrx_word' id='word_1_29' title='bbox 404 1317 464 1361; x_wconf 91' lang='lat' dir='ltr'><strong>et</strong></span> <span class='ocrx_word' id='word_1_30' title='bbox 491 1321 583 1364; x_wconf 87' lang='lat' dir='ltr'><strong>ec-</strong></span> 
     </span>
    </p>
   </div>
   <div class='ocr_carea' id='block_1_13' title="bbox 187 1374 518 1431">
    <p class='ocr_par' dir='ltr' id='par_1_13' title="bbox 187 1374 518 1431">
     <span class='ocr_line' id='line_1_13' title="bbox 187 1374 518 1431; baseline 0.009 -2"><span class='ocrx_word' id='word_1_31' title='bbox 187 1389 255 1429; x_wconf 89' lang='lat' dir='ltr'><strong>ce</strong></span> <span class='ocrx_word' id='word_1_32' title='bbox 282 1374 518 1431; x_wconf 89' lang='lat' dir='ltr'><strong>traditur</strong></span> 
     </span>
    </p>
   </div>
   <div class='ocr_carea' id='block_1_14' title="bbox 190 1444 560 1500">
    <p class='ocr_par' dir='ltr' id='par_1_14' title="bbox 190 1444 560 1500">
     <span class='ocr_line' id='line_1_14' title="bbox 190 1444 560 1500; baseline 0 0"><span class='ocrx_word' id='word_1_33' title='bbox 190 1444 364 1500; x_wconf 77' lang='lat' dir='ltr'><strong>Filius</strong></span> <span class='ocrx_word' id='word_1_34' title='bbox 383 1445 560 1500; x_wconf 85' lang='lat' dir='ltr'><strong>homi-</strong></span> 
     </span>
    </p>
   </div>
   <div class='ocr_carea' id='block_1_15' title="bbox 187 1513 562 1570">
    <p class='ocr_par' dir='ltr' id='par_1_15' title="bbox 187 1513 562 1570">
     <span class='ocr_line' id='line_1_15' title="bbox 187 1513 562 1570; baseline 0.003 -1"><span class='ocrx_word' id='word_1_35' title='bbox 187 1513 277 1570; x_wconf 87' lang='lat' dir='ltr'><strong>nis</strong></span> <span class='ocrx_word' id='word_1_36' title='bbox 307 1516 365 1569; x_wconf 88' lang='lat' dir='ltr'><strong>in</strong></span> <span class='ocrx_word' id='word_1_37' title='bbox 389 1515 562 1570; x_wconf 85' lang='lat' dir='ltr'><strong>mani-</strong></span> 
     </span>
    </p>
   </div>
   <div class='ocr_carea' id='block_1_16' title="bbox 191 1585 574 1638">
    <p class='ocr_par' dir='ltr' id='par_1_16' title="bbox 191 1585 574 1638">
     <span class='ocr_line' id='line_1_16' title="bbox 191 1585 574 1638; baseline 0 0"><span class='ocrx_word' id='word_1_38' title='bbox 191 1585 292 1638; x_wconf 93' lang='lat' dir='ltr'><strong>bus</strong></span> <span class='ocrx_word' id='word_1_39' title='bbox 315 1594 574 1638; x_wconf 83' lang='lat' dir='ltr'><strong>peccato-</strong></span> 
     </span>
    </p>
   </div>
   <div class='ocr_carea' id='block_1_17' title="bbox 186 1652 680 1723">
    <p class='ocr_par' dir='ltr' id='par_1_17' title="bbox 186 1652 680 1723">
     <span class='ocr_line' id='line_1_17' title="bbox 186 1652 680 1723; baseline -0.004 -15"><span class='ocrx_word' id='word_1_40' title='bbox 186 1654 282 1708; x_wconf 68' lang='grc' dir='ltr'><strong>η.</strong></span> <span class='ocrx_word' id='word_1_41' title='bbox 321 1669 466 1708; x_wconf 87' lang='lat' dir='ltr'><strong>rum.</strong></span> <span class='ocrx_word' id='word_1_42' title='bbox 494 1652 680 1723; x_wconf 87' lang='lat' dir='ltr'><strong>Surgi-</strong></span> 
     </span>
    </p>
   </div>
   <div class='ocr_carea' id='block_1_18' title="bbox 191 1735 654 1790">
    <p class='ocr_par' dir='ltr' id='par_1_18' title="bbox 191 1735 654 1790">
     <span class='ocr_line' id='line_1_18' title="bbox 191 1735 654 1790; baseline 0.006 -14"><span class='ocrx_word' id='word_1_43' title='bbox 191 1735 267 1790; x_wconf 87' lang='lat' dir='ltr'><strong>te,</strong></span> <span class='ocrx_word' id='word_1_44' title='bbox 294 1739 489 1778; x_wconf 88' lang='lat' dir='ltr'><strong>eamus</strong></span> <span class='ocrx_word' id='word_1_45' title='bbox 516 1739 532 1777; x_wconf 87' lang='lat'><strong>:</strong></span> <span class='ocrx_word' id='word_1_46' title='bbox 562 1737 654 1780; x_wconf 83' lang='lat' dir='ltr'><strong>cc-</strong></span> 
     </span>
    </p>
   </div>
   <div class='ocr_carea' id='block_1_19' title="bbox 190 1792 571 1864">
    <p class='ocr_par' dir='ltr' id='par_1_19' title="bbox 190 1792 571 1864">
     <span class='ocr_line' id='line_1_19' title="bbox 190 1792 571 1864; baseline 0.003 -16"><span class='ocrx_word' id='word_1_47' title='bbox 190 1808 255 1848; x_wconf 84' lang='lat' dir='ltr'><strong>ce</strong></span> <span class='ocrx_word' id='word_1_48' title='bbox 276 1792 571 1864; x_wconf 89' lang='lat' dir='ltr'><strong>adpropin-</strong></span> 
     </span>
    </p>
   </div>
   <div class='ocr_carea' id='block_1_20' title="bbox 188 1864 522 1932">
    <p class='ocr_par' dir='ltr' id='par_1_20' title="bbox 188 1864 522 1932">
     <span class='ocr_line' id='line_1_20' title="bbox 188 1864 522 1932; baseline 0.009 -17"><span class='ocrx_word' id='word_1_49' title='bbox 188 1865 400 1932; x_wconf 83' lang='lat' dir='ltr'><strong>quavit,</strong></span> <span class='ocrx_word' id='word_1_50' title='bbox 428 1864 522 1932; x_wconf 88' lang='lat' dir='ltr'><strong>qui</strong></span> 
     </span>
    </p>
   </div>
   <div class='ocr_carea' id='block_1_21' title="bbox 190 1933 527 1988">
    <p class='ocr_par' dir='ltr' id='par_1_21' title="bbox 190 1933 527 1988">
     <span class='ocr_line' id='line_1_21' title="bbox 190 1933 527 1988; baseline 0.006 -1"><span class='ocrx_word' id='word_1_51' title='bbox 190 1948 278 1988; x_wconf 86' lang='lat' dir='ltr'><strong>me</strong></span> <span class='ocrx_word' id='word_1_52' title='bbox 291 1933 527 1988; x_wconf 89' lang='lat' dir='ltr'><strong>traditu-</strong></span> 
     </span>
    </p>
   </div>
   <div class='ocr_carea' id='block_1_22' title="bbox 189 2011 412 2062">
    <p class='ocr_par' dir='ltr' id='par_1_22' title="bbox 189 2011 412 2062">
     <span class='ocr_line' id='line_1_22' title="bbox 189 2011 412 2062; baseline 0.022 -5"><span class='ocrx_word' id='word_1_53' title='bbox 189 2019 283 2058; x_wconf 89' lang='lat' dir='ltr'><strong>rus</strong></span> <span class='ocrx_word' id='word_1_54' title='bbox 302 2011 412 2062; x_wconf 74' lang='lat' dir='ltr'><strong>cst.</strong></span> 
     </span>
    </p>
   </div>
   <div class='ocr_carea' id='block_1_23' title="bbox 188 2059 843 2144">
    <p class='ocr_par' dir='ltr' id='par_1_23' title="bbox 188 2059 843 2144">
     <span class='ocr_line' id='line_1_23' title="bbox 188 2059 843 2144; baseline 0.005 -18"><span class='ocrx_word' id='word_1_55' title='bbox 188 2072 283 2127; x_wconf 75' lang='grc'><strong>43.</strong></span> <span class='ocrx_word' id='word_1_56' title='bbox 309 2059 508 2144; x_wconf 69' lang='lat' dir='ltr'><strong>Adhuc</strong></span> <span class='ocrx_word' id='word_1_57' title='bbox 529 2087 597 2129; x_wconf 87' lang='lat' dir='ltr'><strong>eo</strong></span> <span class='ocrx_word' id='word_1_58' title='bbox 616 2059 843 2144; x_wconf 61' lang='lat' dir='ltr'><strong>lotiucu-</strong></span> 
     </span>
    </p>
   </div>
   <div class='ocr_carea' id='block_1_24' title="bbox 191 2142 560 2207">
    <p class='ocr_par' dir='ltr' id='par_1_24' title="bbox 191 2142 560 2207">
     <span class='ocr_line' id='line_1_24' title="bbox 191 2142 560 2207; baseline 0.005 -11"><span class='ocrx_word' id='word_1_59' title='bbox 191 2151 270 2207; x_wconf 90' lang='lat' dir='ltr'><strong>te,</strong></span> <span class='ocrx_word' id='word_1_60' title='bbox 292 2143 444 2196; x_wconf 79' lang='lat' dir='ltr'><strong>venit</strong></span> <span class='ocrx_word' id='word_1_61' title='bbox 465 2142 560 2198; x_wconf 79' lang='lat' dir='ltr'><strong>Ju—</strong></span> 
     </span>
    </p>
   </div>
   <div class='ocr_carea' id='block_1_25' title="bbox 189 2211 614 2269">
    <p class='ocr_par' dir='ltr' id='par_1_25' title="bbox 189 2211 614 2269">
     <span class='ocr_line' id='line_1_25' title="bbox 189 2211 614 2269; baseline 0.007 -4"><span class='ocrx_word' id='word_1_62' title='bbox 189 2211 288 2267; x_wconf 89' lang='lat' dir='ltr'><strong>das</strong></span> <span class='ocrx_word' id='word_1_63' title='bbox 320 2213 340 2244; x_wconf 78' lang='grc'>⁸</span> <span class='ocrx_word' id='word_1_64' title='bbox 363 2212 614 2269; x_wconf 79' lang='lat' dir='ltr'><strong>Scarioth</strong></span> 
     </span>
    </p>
   </div>
   <div class='ocr_carea' id='block_1_26' title="bbox 192 2297 548 2337">
    <p class='ocr_par' dir='ltr' id='par_1_26' title="bbox 192 2297 548 2337">
     <span class='ocr_line' id='line_1_26' title="bbox 192 2297 548 2337; baseline 0.008 -4"><span class='ocrx_word' id='word_1_65' title='bbox 192 2297 332 2336; x_wconf 87' lang='lat' dir='ltr'><strong>unus</strong></span> <span class='ocrx_word' id='word_1_66' title='bbox 359 2297 431 2337; x_wconf 87' lang='lat' dir='ltr'><strong>cx</strong></span> <span class='ocrx_word' id='word_1_67' title='bbox 452 2297 548 2337; x_wconf 70' lang='lat' dir='ltr'><strong>XII.</strong></span> 
     </span>
    </p>
   </div>
   <div class='ocr_carea' id='block_1_27' title="bbox 188 2352 514 2408">
    <p class='ocr_par' dir='ltr' id='par_1_27' title="bbox 188 2352 514 2408">
     <span class='ocr_line' id='line_1_27' title="bbox 188 2352 514 2408; baseline 0.006 -2"><span class='ocrx_word' id='word_1_68' title='bbox 188 2360 390 2406; x_wconf 87' lang='lat' dir='ltr'><strong>etcum</strong></span> <span class='ocrx_word' id='word_1_69' title='bbox 418 2352 514 2408; x_wconf 91' lang='lat' dir='ltr'><strong>illo</strong></span> 
     </span>
    </p>
   </div>
   <div class='ocr_carea' id='block_1_28' title="bbox 192 2422 488 2476">
    <p class='ocr_par' dir='ltr' id='par_1_28' title="bbox 192 2422 488 2476">
     <span class='ocr_line' id='line_1_28' title="bbox 192 2422 488 2476; baseline 0.007 -2"><span class='ocrx_word' id='word_1_70' title='bbox 192 2422 350 2474; x_wconf 82' lang='lat' dir='ltr'><strong>turba</strong></span> <span class='ocrx_word' id='word_1_71' title='bbox 362 2437 488 2476; x_wconf 90' lang='lat' dir='ltr'><strong>cum</strong></span> 
     </span>
    </p>
   </div>
   <div class='ocr_carea' id='block_1_29' title="bbox 189 2490 621 2560">
    <p class='ocr_par' dir='ltr' id='par_1_29' title="bbox 189 2490 621 2560">
     <span class='ocr_line' id='line_1_29' title="bbox 189 2490 621 2560; baseline 0.012 -19"><span class='ocrx_word' id='word_1_72' title='bbox 189 2492 404 2560; x_wconf 86' lang='lat' dir='ltr'><strong>gladiis,</strong></span> <span class='ocrx_word' id='word_1_73' title='bbox 429 2499 485 2546; x_wconf 85' lang='lat' dir='ltr'><strong>et</strong></span> <span class='ocrx_word' id='word_1_74' title='bbox 511 2490 621 2546; x_wconf 80' lang='lat' dir='ltr'><strong>fus-</strong></span> 
     </span>
    </p>
   </div>
   <div class='ocr_carea' id='block_1_30' title="bbox 192 2561 595 2622">
    <p class='ocr_par' dir='ltr' id='par_1_30' title="bbox 192 2561 595 2622">
     <span class='ocr_line' id='line_1_30' title="bbox 192 2561 595 2622; baseline 0 -8"><span class='ocrx_word' id='word_1_75' title='bbox 192 2562 356 2622; x_wconf 84' lang='lat' dir='ltr'><strong>tibus,</strong></span> <span class='ocrx_word' id='word_1_76' title='bbox 377 2575 410 2614; x_wconf 90' lang='lat' dir='ltr'><strong>a</strong></span> <span class='ocrx_word' id='word_1_77' title='bbox 433 2561 595 2617; x_wconf 65' lang='lat' dir='ltr'><strong>Sumo</strong></span> 
     </span>
    </p>
   </div>
   <div class='ocr_carea' id='block_1_31' title="bbox 1209 385 3456 456">
    <p class='ocr_par' dir='ltr' id='par_1_31' title="bbox 1209 385 3456 456">
     <span class='ocr_line' id='line_1_31' title="bbox 1209 385 3456 456; baseline -0.005 0"><span class='ocrx_word' id='word_1_78' title='bbox 1209 392 1662 456; x_wconf 79' lang='lat' dir='ltr'><strong>EVANGELIUM</strong></span> <span class='ocrx_word' id='word_1_79' title='bbox 1700 388 2074 453; x_wconf 77' lang='lat' dir='ltr'><strong>SECUNDUM</strong></span> <span class='ocrx_word' id='word_1_80' title='bbox 2111 393 2425 454; x_wconf 77' lang='lat' dir='ltr'><strong>MARCUM.</strong></span> <span class='ocrx_word' id='word_1_81' title='bbox 3351 385 3456 445; x_wconf 68' lang='lat'><strong>83!</strong></span> 
     </span>
    </p>
   </div>
   <div class='ocr_carea' id='block_1_32' title="bbox 583 507 3544 572">
    <p class='ocr_par' dir='ltr' id='par_1_32' title="bbox 583 507 3544 572">
     <span class='ocr_line' id='line_1_32' title="bbox 583 507 3544 572; baseline -0.005 -2"><span class='ocrx_word' id='word_1_82' title='bbox 583 511 814 571; x_wconf 76' lang='lat' dir='ltr'><strong>CODEX</strong></span> <span class='ocrx_word' id='word_1_83' title='bbox 849 509 1390 572; x_wconf 71' lang='lat' dir='ltr'><strong>VERCELLENSIS.</strong></span> <span class='ocrx_word' id='word_1_84' title='bbox 2267 507 2497 565; x_wconf 82' lang='lat' dir='ltr'><strong>CODEX</strong></span> <span class='ocrx_word' id='word_1_85' title='bbox 2541 507 3072 560; x_wconf 80' lang='lat' dir='ltr'><strong>VERCELLENSIS.</strong></span> <span class='ocrx_word' id='word_1_86' title='bbox 3541 507 3544 509; x_wconf 39' lang='grc' dir='ltr'>λ</span> 
     </span>
    </p>
   </div>
   <div class='ocr_carea' id='block_1_33' title="bbox 1029 603 1499 658">
    <p class='ocr_par' dir='ltr' id='par_1_33' title="bbox 1029 603 1499 658">
     <span class='ocr_line' id='line_1_33' title="bbox 1029 603 1499 658; baseline -0.004 0"><span class='ocrx_word' id='word_1_87' title='bbox 1029 613 1086 658; x_wconf 91' lang='lat' dir='ltr'><strong>et</strong></span> <span class='ocrx_word' id='word_1_88' title='bbox 1113 603 1134 633; x_wconf 86' lang='grc'><strong><em>²</em></strong></span> <span class='ocrx_word' id='word_1_89' title='bbox 1164 603 1347 657; x_wconf 84' lang='lat' dir='ltr'><strong>ducite</strong></span> <span class='ocrx_word' id='word_1_90' title='bbox 1374 617 1499 658; x_wconf 89' lang='lat' dir='ltr'><strong>eum</strong></span> 
     </span>
    </p>
   </div>
   <div class='ocr_carea' id='block_1_34' title="bbox 1027 671 1335 742">
    <p class='ocr_par' dir='ltr' id='par_1_34' title="bbox 1027 671 1335 742">
     <span class='ocr_line' id='line_1_34' title="bbox 1027 671 1335 742; baseline -0.003 -15"><span class='ocrx_word' id='word_1_91' title='bbox 1027 671 1335 742; x_wconf 79' lang='lat' dir='ltr'><strong>diligenter.</strong></span> 
     </span>
    </p>
   </div>
   <div class='ocr_carea' id='block_1_35' title="bbox 1027 741 1572 809">
    <p class='ocr_par' dir='ltr' id='par_1_35' title="bbox 1027 741 1572 809">
     <span class='ocr_line' id='line_1_35' title="bbox 1027 741 1572 809; baseline 0 -11"><span class='ocrx_word' id='word_1_92' title='bbox 1027 744 1119 798; x_wconf 82' lang='grc'><strong>45.</strong></span> <span class='ocrx_word' id='word_1_93' title='bbox 1136 741 1490 809; x_wconf 71' lang='grc' dir='ltr'><strong>Ειεθοεεείι,</strong></span> <span class='ocrx_word' id='word_1_94' title='bbox 1516 751 1572 798; x_wconf 88' lang='lat' dir='ltr'><strong>et</strong></span> 
     </span>
    </p>
   </div>
   <div class='ocr_carea' id='block_1_36' title="bbox 1029 812 1423 867">
    <p class='ocr_par' dir='ltr' id='par_1_36' title="bbox 1029 812 1423 867">
     <span class='ocr_line' id='line_1_36' title="bbox 1029 812 1423 867; baseline 0.005 -2"><span class='ocrx_word' id='word_1_95' title='bbox 1029 813 1103 866; x_wconf 87' lang='lat' dir='ltr'><strong>ait</strong></span> <span class='ocrx_word' id='word_1_96' title='bbox 1131 812 1205 866; x_wconf 86' lang='lat' dir='ltr'><strong>illi</strong></span> <span class='ocrx_word' id='word_1_97' title='bbox 1230 828 1243 864; x_wconf 91' lang='lat'>:</span> <span class='ocrx_word' id='word_1_98' title='bbox 1276 812 1423 867; x_wconf 80' lang='lat' dir='ltr'><strong>Habe</strong></span> 
     </span>
    </p>
   </div>
   <div class='ocr_carea' id='block_1_37' title="bbox 1029 881 1498 938">
    <p class='ocr_par' dir='ltr' id='par_1_37' title="bbox 1029 881 1498 938">
     <span class='ocr_line' id='line_1_37' title="bbox 1029 881 1498 938; baseline 0.004 -2"><span class='ocrx_word' id='word_1_99' title='bbox 1029 881 1198 937; x_wconf 79' lang='lat' dir='ltr'><strong>Rabbi</strong></span> <span class='ocrx_word' id='word_1_100' title='bbox 1229 899 1242 935; x_wconf 87' lang='lat'><strong>:</strong></span> <span class='ocrx_word' id='word_1_101' title='bbox 1267 890 1323 936; x_wconf 90' lang='lat' dir='ltr'><strong>et</strong></span> <span class='ocrx_word' id='word_1_102' title='bbox 1349 896 1498 938; x_wconf 89' lang='lat' dir='ltr'><strong>oscu-</strong></span> 
     </span>
    </p>
   </div>
   <div class='ocr_carea' id='block_1_38' title="bbox 1031 952 1442 1007">
    <p class='ocr_par' dir='ltr' id='par_1_38' title="bbox 1031 952 1442 1007">
     <span class='ocr_line' id='line_1_38' title="bbox 1031 952 1442 1007; baseline 0.002 -3"><span class='ocrx_word' id='word_1_103' title='bbox 1031 952 1169 1005; x_wconf 85' lang='lat' dir='ltr'><strong>latus</strong></span> <span class='ocrx_word' id='word_1_104' title='bbox 1193 961 1278 1006; x_wconf 90' lang='lat' dir='ltr'><strong>est</strong></span> <span class='ocrx_word' id='word_1_105' title='bbox 1297 967 1442 1007; x_wconf 91' lang='lat' dir='ltr'><strong>eum.</strong></span> 
     </span>
    </p>
   </div>
   <div class='ocr_carea' id='block_1_39' title="bbox 1027 1020 1565 1092">
    <p class='ocr_par' dir='ltr' id='par_1_39' title="bbox 1027 1020 1565 1092">
     <span class='ocr_line' id='line_1_39' title="bbox 1027 1020 1565 1092; baseline 0.004 -17"><span class='ocrx_word' id='word_1_106' title='bbox 1027 1022 1118 1076; x_wconf 79' lang='grc'><strong>46.</strong></span> <span class='ocrx_word' id='word_1_107' title='bbox 1150 1021 1301 1075; x_wconf 87' lang='lat' dir='ltr'><strong>Tunc</strong></span> <span class='ocrx_word' id='word_1_108' title='bbox 1322 1023 1398 1075; x_wconf 88' lang='lat' dir='ltr'><strong>illi</strong></span> <span class='ocrx_word' id='word_1_109' title='bbox 1429 1020 1565 1092; x_wconf 87' lang='lat' dir='ltr'><strong>inje-</strong></span> 
     </span>
    </p>
   </div>
   <div class='ocr_carea' id='block_1_40' title="bbox 1027 1092 1424 1146">
    <p class='ocr_par' dir='ltr' id='par_1_40' title="bbox 1027 1092 1424 1146">
     <span class='ocr_line' id='line_1_40' title="bbox 1027 1092 1424 1146; baseline 0 -1"><span class='ocrx_word' id='word_1_110' title='bbox 1027 1101 1216 1146; x_wconf 90' lang='lat' dir='ltr'><strong>cerunt</strong></span> <span class='ocrx_word' id='word_1_111' title='bbox 1235 1092 1283 1145; x_wconf 91' lang='lat' dir='ltr'><strong>ei</strong></span> <span class='ocrx_word' id='word_1_112' title='bbox 1315 1105 1424 1145; x_wconf 87' lang='lat' dir='ltr'><strong>ma-</strong></span> 
     </span>
    </p>
   </div>
   <div class='ocr_carea' id='block_1_41' title="bbox 1028 1168 1442 1226">
    <p class='ocr_par' dir='ltr' id='par_1_41' title="bbox 1028 1168 1442 1226">
     <span class='ocr_line' id='line_1_41' title="bbox 1028 1168 1442 1226; baseline 0 -12"><span class='ocrx_word' id='word_1_113' title='bbox 1028 1176 1149 1226; x_wconf 89' lang='lat' dir='ltr'><strong>nus,</strong></span> <span class='ocrx_word' id='word_1_114' title='bbox 1177 1169 1232 1216; x_wconf 92' lang='lat' dir='ltr'><strong>et</strong></span> <span class='ocrx_word' id='word_1_115' title='bbox 1253 1168 1442 1215; x_wconf 86' lang='lat' dir='ltr'><strong>tenue-</strong></span> 
     </span>
    </p>
   </div>
   <div class='ocr_carea' id='block_1_42' title="bbox 1025 1239 1312 1284">
    <p class='ocr_par' dir='ltr' id='par_1_42' title="bbox 1025 1239 1312 1284">
     <span class='ocr_line' id='line_1_42' title="bbox 1025 1239 1312 1284; baseline -0.003 -3"><span class='ocrx_word' id='word_1_116' title='bbox 1025 1239 1148 1282; x_wconf 88' lang='lat' dir='ltr'><strong>runt</strong></span> <span class='ocrx_word' id='word_1_117' title='bbox 1169 1243 1312 1284; x_wconf 89' lang='lat' dir='ltr'><strong>eum.</strong></span> 
     </span>
    </p>
   </div>
   <div class='ocr_carea' id='block_1_43' title="bbox 1021 1297 1491 1353">
    <p class='ocr_par' dir='ltr' id='par_1_43' title="bbox 1021 1297 1491 1353">
     <span class='ocr_line' id='line_1_43' title="bbox 1021 1297 1491 1353; baseline 0 -2"><span class='ocrx_word' id='word_1_118' title='bbox 1021 1297 1113 1352; x_wconf 91' lang='grc'><strong>47.</strong></span> <span class='ocrx_word' id='word_1_119' title='bbox 1141 1298 1289 1353; x_wconf 90' lang='lat' dir='ltr'><strong>Unus</strong></span> <span class='ocrx_word' id='word_1_120' title='bbox 1314 1307 1491 1353; x_wconf 88' lang='lat' dir='ltr'><strong>autem</strong></span> 
     </span>
    </p>
   </div>
   <div class='ocr_carea' id='block_1_44' title="bbox 1019 1367 1398 1437">
    <p class='ocr_par' dir='ltr' id='par_1_44' title="bbox 1019 1367 1398 1437">
     <span class='ocr_line' id='line_1_44' title="bbox 1019 1367 1398 1437; baseline 0 -16"><span class='ocrx_word' id='word_1_121' title='bbox 1019 1367 1239 1437; x_wconf 89' lang='lat' dir='ltr'><strong>quidam</strong></span> <span class='ocrx_word' id='word_1_122' title='bbox 1267 1368 1398 1422; x_wconf 75' lang='lat' dir='ltr'><strong>edu.</strong></span> 
     </span>
    </p>
   </div>
   <div class='ocr_carea' id='block_1_45' title="bbox 1021 1437 1378 1506">
    <p class='ocr_par' dir='ltr' id='par_1_45' title="bbox 1021 1437 1378 1506">
     <span class='ocr_line' id='line_1_45' title="bbox 1021 1437 1378 1506; baseline 0 -16"><span class='ocrx_word' id='word_1_123' title='bbox 1021 1438 1097 1491; x_wconf 90' lang='lat' dir='ltr'><strong>xit</strong></span> <span class='ocrx_word' id='word_1_124' title='bbox 1121 1437 1378 1506; x_wconf 75' lang='lat' dir='ltr'><strong>gladium,</strong></span> 
     </span>
    </p>
   </div>
   <div class='ocr_carea' id='block_1_46' title="bbox 1017 1508 1360 1576">
    <p class='ocr_par' dir='ltr' id='par_1_46' title="bbox 1017 1508 1360 1576">
     <span class='ocr_line' id='line_1_46' title="bbox 1017 1508 1360 1576; baseline -0.003 -15"><span class='ocrx_word' id='word_1_125' title='bbox 1017 1514 1073 1561; x_wconf 90' lang='lat' dir='ltr'><strong>et</strong></span> <span class='ocrx_word' id='word_1_126' title='bbox 1094 1508 1360 1576; x_wconf 85' lang='lat' dir='ltr'><strong>percussit</strong></span> 
     </span>
    </p>
   </div>
   <div class='ocr_carea' id='block_1_47' title="bbox 1015 1576 1458 1632">
    <p class='ocr_par' dir='ltr' id='par_1_47' title="bbox 1015 1576 1458 1632">
     <span class='ocr_line' id='line_1_47' title="bbox 1015 1576 1458 1632; baseline -0.002 -1"><span class='ocrx_word' id='word_1_127' title='bbox 1015 1591 1232 1631; x_wconf 84' lang='lat' dir='ltr'><strong>servum</strong></span> <span class='ocrx_word' id='word_1_128' title='bbox 1253 1576 1274 1606; x_wconf 86' lang='grc'>³</span> <span class='ocrx_word' id='word_1_129' title='bbox 1301 1577 1458 1632; x_wconf 87' lang='lat' dir='ltr'><strong>Sum-</strong></span> 
     </span>
    </p>
   </div>
   <div class='ocr_carea' id='block_1_48' title="bbox 1021 1646 1384 1700">
    <p class='ocr_par' dir='ltr' id='par_1_48' title="bbox 1021 1646 1384 1700">
     <span class='ocr_line' id='line_1_48' title="bbox 1021 1646 1384 1700; baseline 0 0"><span class='ocrx_word' id='word_1_130' title='bbox 1021 1647 1093 1700; x_wconf 91' lang='lat' dir='ltr'><strong>mi</strong></span> <span class='ocrx_word' id='word_1_131' title='bbox 1122 1646 1384 1700; x_wconf 83' lang='lat' dir='ltr'><strong>Sacerdo-</strong></span> 
     </span>
    </p>
   </div>
   <div class='ocr_carea' id='block_1_49' title="bbox 1019 1718 1418 1784">
    <p class='ocr_par' dir='ltr' id='par_1_49' title="bbox 1019 1718 1418 1784">
     <span class='ocr_line' id='line_1_49' title="bbox 1019 1718 1418 1784; baseline 0 -14"><span class='ocrx_word' id='word_1_132' title='bbox 1019 1718 1109 1779; x_wconf 88' lang='lat' dir='ltr'><strong>tis,</strong></span> <span class='ocrx_word' id='word_1_133' title='bbox 1132 1725 1186 1770; x_wconf 89' lang='lat' dir='ltr'><strong>et</strong></span> <span class='ocrx_word' id='word_1_134' title='bbox 1230 1730 1418 1784; x_wconf 88' lang='lat' dir='ltr'><strong>ampu-</strong></span> 
     </span>
    </p>
   </div>
   <div class='ocr_carea' id='block_1_50' title="bbox 1021 1786 1387 1840">
    <p class='ocr_par' dir='ltr' id='par_1_50' title="bbox 1021 1786 1387 1840">
     <span class='ocr_line' id='line_1_50' title="bbox 1021 1786 1387 1840; baseline 0 0"><span class='ocrx_word' id='word_1_135' title='bbox 1021 1787 1161 1840; x_wconf 85' lang='lat' dir='ltr'><strong>tavit</strong></span> <span class='ocrx_word' id='word_1_136' title='bbox 1190 1786 1265 1839; x_wconf 85' lang='lat' dir='ltr'><strong>illi</strong></span> <span class='ocrx_word' id='word_1_137' title='bbox 1287 1801 1387 1840; x_wconf 84' lang='lat' dir='ltr'><strong>au-</strong></span> 
     </span>
    </p>
   </div>
   <div class='ocr_carea' id='block_1_51' title="bbox 1022 1855 1268 1909">
    <p class='ocr_par' dir='ltr' id='par_1_51' title="bbox 1022 1855 1268 1909">
     <span class='ocr_line' id='line_1_51' title="bbox 1022 1855 1268 1909; baseline -0.012 0"><span class='ocrx_word' id='word_1_138' title='bbox 1022 1855 1268 1909; x_wconf 87' lang='lat' dir='ltr'><strong>riculam.</strong></span> 
     </span>
    </p>
   </div>
   <div class='ocr_carea' id='block_1_52' title="bbox 1019 1924 1630 1982">
    <p class='ocr_par' dir='ltr' id='par_1_52' title="bbox 1019 1924 1630 1982">
     <span class='ocr_line' id='line_1_52' title="bbox 1019 1924 1630 1982; baseline -0.002 -1"><span class='ocrx_word' id='word_1_139' title='bbox 1019 1925 1108 1981; x_wconf 89' lang='grc'><strong>48.</strong></span> <span class='ocrx_word' id='word_1_140' title='bbox 1141 1924 1296 1980; x_wconf 80' lang='lat' dir='ltr'><strong>Jesus</strong></span> <span class='ocrx_word' id='word_1_141' title='bbox 1335 1933 1516 1982; x_wconf 90' lang='lat' dir='ltr'><strong>autem</strong></span> <span class='ocrx_word' id='word_1_142' title='bbox 1545 1924 1630 1980; x_wconf 88' lang='lat' dir='ltr'><strong>di-</strong></span> 
     </span>
    </p>
   </div>
   <div class='ocr_carea' id='block_1_53' title="bbox 1022 1995 1420 2050">
    <p class='ocr_par' dir='ltr' id='par_1_53' title="bbox 1022 1995 1420 2050">
     <span class='ocr_line' id='line_1_53' title="bbox 1022 1995 1420 2050; baseline 0.003 -1"><span class='ocrx_word' id='word_1_143' title='bbox 1022 1997 1100 2050; x_wconf 91' lang='lat' dir='ltr'><strong>xit</strong></span> <span class='ocrx_word' id='word_1_144' title='bbox 1127 1997 1207 2050; x_wconf 88' lang='lat' dir='ltr'><strong>eis</strong></span> <span class='ocrx_word' id='word_1_145' title='bbox 1237 2013 1250 2048; x_wconf 91' lang='lat'>:</span> <span class='ocrx_word' id='word_1_146' title='bbox 1281 1995 1420 2050; x_wconf 86' lang='lat' dir='ltr'><strong>Tan-</strong></span> 
     </span>
    </p>
   </div>
   <div class='ocr_carea' id='block_1_54' title="bbox 1017 2065 1370 2134">
    <p class='ocr_par' dir='ltr' id='par_1_54' title="bbox 1017 2065 1370 2134">
     <span class='ocr_line' id='line_1_54' title="bbox 1017 2065 1370 2134; baseline -0.003 -15"><span class='ocrx_word' id='word_1_147' title='bbox 1017 2081 1176 2134; x_wconf 86' lang='lat' dir='ltr'><strong>quam</strong></span> <span class='ocrx_word' id='word_1_148' title='bbox 1205 2065 1271 2119; x_wconf 90' lang='lat' dir='ltr'><strong>ad</strong></span> <span class='ocrx_word' id='word_1_149' title='bbox 1294 2066 1370 2118; x_wconf 89' lang='lat' dir='ltr'><strong>la-</strong></span> 
     </span>
    </p>
   </div>
   <div class='ocr_carea' id='block_1_55' title="bbox 1020 2145 1344 2190">
    <p class='ocr_par' dir='ltr' id='par_1_55' title="bbox 1020 2145 1344 2190">
     <span class='ocr_line' id='line_1_55' title="bbox 1020 2145 1344 2190; baseline 0 0"><span class='ocrx_word' id='word_1_150' title='bbox 1020 2145 1230 2190; x_wconf 90' lang='lat' dir='ltr'><strong>tronem</strong></span> <span class='ocrx_word' id='word_1_151' title='bbox 1259 2150 1344 2190; x_wconf 72' lang='grc' dir='ltr'><strong>γε·</strong></span> 
     </span>
    </p>
   </div>
   <div class='ocr_carea' id='block_1_56' title="bbox 1019 2206 1322 2260">
    <p class='ocr_par' dir='ltr' id='par_1_56' title="bbox 1019 2206 1322 2260">
     <span class='ocr_line' id='line_1_56' title="bbox 1019 2206 1322 2260; baseline 0 -2"><span class='ocrx_word' id='word_1_152' title='bbox 1019 2206 1177 2260; x_wconf 87' lang='lat' dir='ltr'><strong>nistis</strong></span> <span class='ocrx_word' id='word_1_153' title='bbox 1199 2220 1322 2259; x_wconf 91' lang='lat' dir='ltr'><strong>cum</strong></span> 
     </span>
    </p>
   </div>
   <div class='ocr_carea' id='block_1_57' title="bbox 1017 2273 1465 2344">
    <p class='ocr_par' dir='ltr' id='par_1_57' title="bbox 1017 2273 1465 2344">
     <span class='ocr_line' id='line_1_57' title="bbox 1017 2273 1465 2344; baseline 0.002 -15"><span class='ocrx_word' id='word_1_154' title='bbox 1017 2275 1229 2344; x_wconf 78' lang='lat' dir='ltr'><strong>gladiis,</strong></span> <span class='ocrx_word' id='word_1_155' title='bbox 1261 2283 1318 2329; x_wconf 93' lang='lat' dir='ltr'><strong>et</strong></span> <span class='ocrx_word' id='word_1_156' title='bbox 1338 2273 1465 2338; x_wconf 64' lang='lat' dir='ltr'><strong>Elus-</strong></span> 
     </span>
    </p>
   </div>
   <div class='ocr_carea' id='block_1_58' title="bbox 1019 2346 1434 2414">
    <p class='ocr_par' dir='ltr' id='par_1_58' title="bbox 1019 2346 1434 2414">
     <span class='ocr_line' id='line_1_58' title="bbox 1019 2346 1434 2414; baseline 0.005 -16"><span class='ocrx_word' id='word_1_157' title='bbox 1019 2346 1182 2408; x_wconf 91' lang='lat' dir='ltr'><strong>tibus,</strong></span> <span class='ocrx_word' id='word_1_158' title='bbox 1206 2359 1434 2414; x_wconf 88' lang='lat' dir='ltr'><strong>conpre-</strong></span> 
     </span>
    </p>
   </div>
   <div class='ocr_carea' id='block_1_59' title="bbox 1018 2414 1420 2469">
    <p class='ocr_par' dir='ltr' id='par_1_59' title="bbox 1018 2414 1420 2469">
     <span class='ocr_line' id='line_1_59' title="bbox 1018 2414 1420 2469; baseline 0 -1"><span class='ocrx_word' id='word_1_159' title='bbox 1018 2414 1259 2468; x_wconf 87' lang='lat' dir='ltr'><strong>hendere</strong></span> <span class='ocrx_word' id='word_1_160' title='bbox 1289 2415 1420 2469; x_wconf 81' lang='lat' dir='ltr'><strong>me?</strong></span> 
     </span>
    </p>
   </div>
   <div class='ocr_carea' id='block_1_60' title="bbox 1016 2482 1540 2539">
    <p class='ocr_par' dir='ltr' id='par_1_60' title="bbox 1016 2482 1540 2539">
     <span class='ocr_line' id='line_1_60' title="bbox 1016 2482 1540 2539; baseline 0.004 -3"><span class='ocrx_word' id='word_1_161' title='bbox 1016 2483 1107 2539; x_wconf 86' lang='grc'><strong>49.</strong></span> <span class='ocrx_word' id='word_1_162' title='bbox 1135 2482 1368 2538; x_wconf 87' lang='lat' dir='ltr'><strong>Cottidie</strong></span> <span class='ocrx_word' id='word_1_163' title='bbox 1392 2498 1540 2539; x_wconf 90' lang='lat' dir='ltr'><strong>eram</strong></span> 
     </span>
    </p>
   </div>
   <div class='ocr_carea' id='block_1_61' title="bbox 1017 2553 1394 2617">
    <p class='ocr_par' dir='ltr' id='par_1_61' title="bbox 1017 2553 1394 2617">
     <span class='ocr_line' id='line_1_61' title="bbox 1017 2553 1394 2617; baseline 0.005 -11"><span class='ocrx_word' id='word_1_164' title='bbox 1017 2554 1314 2617; x_wconf 82' lang='lat' dir='ltr'><strong>vobiscum,</strong></span> <span class='ocrx_word' id='word_1_165' title='bbox 1338 2553 1394 2608; x_wconf 90' lang='lat' dir='ltr'><strong>in</strong></span> 
     </span>
    </p>
   </div>
   <div class='ocr_carea' id='block_1_62' title="bbox 2267 503 3072 565">
    <p class='ocr_par' dir='ltr' id='par_1_62' title="bbox 2267 503 3072 565">
     <span class='ocr_line' id='line_1_62' title="bbox 2267 503 3072 565; baseline -0.011 0"><span class='ocrx_word' id='word_1_166' title='bbox 2267 507 2497 565; x_wconf 82' lang='lat' dir='ltr'><strong>CODEX</strong></span> <span class='ocrx_word' id='word_1_167' title='bbox 2541 503 3072 560; x_wconf 78' lang='lat' dir='ltr'><strong>VERCELLENSIS.</strong></span> 
     </span>
    </p>
   </div>
   <div class='ocr_carea' id='block_1_63' title="bbox 2380 611 2954 657">
    <p class='ocr_par' dir='ltr' id='par_1_63' title="bbox 2380 611 2954 657">
     <span class='ocr_line' id='line_1_63' title="bbox 2380 611 2954 657; baseline -0.016 0"><span class='ocrx_word' id='word_1_168' title='bbox 2380 613 2590 657; x_wconf 69' lang='lat' dir='ltr'><strong>DEFICIT</strong></span> <span class='ocrx_word' id='word_1_169' title='bbox 2617 611 2954 652; x_wconf 67' lang='lat' dir='ltr'><strong>VERONENSIS.</strong></span> 
     </span>
    </p>
   </div>
   <div class='ocr_carea' id='block_1_64' title="bbox 2702 669 3112 729">
    <p class='ocr_par' dir='ltr' id='par_1_64' title="bbox 2702 669 3112 729">
     <span class='ocr_line' id='line_1_64' title="bbox 2702 669 3112 729; baseline -0.002 -8"><span class='ocrx_word' id='word_1_170' title='bbox 2702 669 2769 721; x_wconf 88' lang='lat' dir='ltr'><strong>de</strong></span> <span class='ocrx_word' id='word_1_171' title='bbox 2797 683 2862 719; x_wconf 92' lang='lat' dir='ltr'><strong>eo</strong></span> <span class='ocrx_word' id='word_1_172' title='bbox 2883 681 2898 729; x_wconf 90' lang='lat'><strong>;</strong></span> <span class='ocrx_word' id='word_1_173' title='bbox 2923 674 2978 720; x_wconf 92' lang='lat' dir='ltr'><strong>et</strong></span> <span class='ocrx_word' id='word_1_174' title='bbox 3007 679 3112 720; x_wconf 91' lang='lat' dir='ltr'><strong>non</strong></span> 
     </span>
    </p>
   </div>
   <div class='ocr_carea' id='block_1_65' title="bbox 2701 744 3077 804">
    <p class='ocr_par' dir='ltr' id='par_1_65' title="bbox 2701 744 3077 804">
     <span class='ocr_line' id='line_1_65' title="bbox 2701 744 3077 804; baseline -0.003 -14"><span class='ocrx_word' id='word_1_175' title='bbox 2701 744 2856 790; x_wconf 88' lang='lat' dir='ltr'><strong>erant</strong></span> <span class='ocrx_word' id='word_1_176' title='bbox 2885 749 3077 804; x_wconf 85' lang='lat' dir='ltr'><strong>aequa-</strong></span> 
     </span>
    </p>
   </div>
   <div class='ocr_carea' id='block_1_66' title="bbox 2704 804 3041 860">
    <p class='ocr_par' dir='ltr' id='par_1_66' title="bbox 2704 804 3041 860">
     <span class='ocr_line' id='line_1_66' title="bbox 2704 804 3041 860; baseline 0.006 -2"><span class='ocrx_word' id='word_1_177' title='bbox 2704 804 2775 858; x_wconf 82' lang='lat' dir='ltr'><strong>lia</strong></span> <span class='ocrx_word' id='word_1_178' title='bbox 2802 807 3041 860; x_wconf 78' lang='lat' dir='ltr'><strong>testimo-</strong></span> 
     </span>
    </p>
   </div>
   <div class='ocr_carea' id='block_1_67' title="bbox 1885 673 2278 726">
    <p class='ocr_par' dir='ltr' id='par_1_67' title="bbox 1885 673 2278 726">
     <span class='ocr_line' id='line_1_67' title="bbox 1885 673 2278 726; baseline 0 -1"><span class='ocrx_word' id='word_1_179' title='bbox 1885 682 1967 725; x_wconf 91' lang='lat' dir='ltr'><strong>tus</strong></span> <span class='ocrx_word' id='word_1_180' title='bbox 1997 673 2278 726; x_wconf 91' lang='lat' dir='ltr'><strong>sindonem</strong></span> 
     </span>
    </p>
   </div>
   <div class='ocr_carea' id='block_1_68' title="bbox 1879 742 2263 810">
    <p class='ocr_par' dir='ltr' id='par_1_68' title="bbox 1879 742 2263 810">
     <span class='ocr_line' id='line_1_68' title="bbox 1879 742 2263 810; baseline 0.003 -16"><span class='ocrx_word' id='word_1_181' title='bbox 1879 755 2039 810; x_wconf 80' lang='lat' dir='ltr'><strong>supra</strong></span> <span class='ocrx_word' id='word_1_182' title='bbox 2062 742 2263 797; x_wconf 90' lang='lat' dir='ltr'><strong>nudum</strong></span> 
     </span>
    </p>
   </div>
   <div class='ocr_carea' id='block_1_69' title="bbox 1881 811 2304 881">
    <p class='ocr_par' dir='ltr' id='par_1_69' title="bbox 1881 811 2304 881">
     <span class='ocr_line' id='line_1_69' title="bbox 1881 811 2304 881; baseline 0.002 -16"><span class='ocrx_word' id='word_1_183' title='bbox 1881 826 2076 881; x_wconf 89' lang='lat' dir='ltr'><strong>corpus</strong></span> <span class='ocrx_word' id='word_1_184' title='bbox 2105 828 2119 865; x_wconf 87' lang='lat'>:</span> <span class='ocrx_word' id='word_1_185' title='bbox 2145 821 2199 866; x_wconf 92' lang='lat' dir='ltr'><strong>et</strong></span> <span class='ocrx_word' id='word_1_186' title='bbox 2215 811 2304 866; x_wconf 80' lang='lat' dir='ltr'><strong>de—</strong></span> 
     </span>
    </p>
   </div>
   <div class='ocr_carea' id='block_1_70' title="bbox 1883 874 3027 938">
    <p class='ocr_par' dir='ltr' id='par_1_70' title="bbox 1883 874 3027 938">
     <span class='ocr_line' id='line_1_70' title="bbox 1883 874 3027 938; baseline -0.005 -4"><span class='ocrx_word' id='word_1_187' title='bbox 1883 874 2155 938; x_wconf 77' lang='lat' dir='ltr'><strong>tinuerunt</strong></span> <span class='ocrx_word' id='word_1_188' title='bbox 2702 874 2788 929; x_wconf 84' lang='lat' dir='ltr'><strong>nia</strong></span> <span class='ocrx_word' id='word_1_189' title='bbox 2817 889 3027 930; x_wconf 90' lang='lat' dir='ltr'><strong>eorum.</strong></span> 
     </span>
    </p>
   </div>
   <div class='ocr_carea' id='block_1_71' title="bbox 1879 945 3239 1017">
    <p class='ocr_par' dir='ltr' id='par_1_71' title="bbox 1879 945 3239 1017">
     <span class='ocr_line' id='line_1_71' title="bbox 1879 945 3239 1017; baseline -0.003 -11"><span class='ocrx_word' id='word_1_190' title='bbox 1879 951 1969 1006; x_wconf 76' lang='lat'><strong>52.</strong></span> <span class='ocrx_word' id='word_1_191' title='bbox 2001 966 2145 1006; x_wconf 90' lang='lat' dir='ltr'><strong>eum.</strong></span> <span class='ocrx_word' id='word_1_192' title='bbox 2170 949 2252 1006; x_wconf 79' lang='lat' dir='ltr'><strong>Ad</strong></span> <span class='ocrx_word' id='word_1_193' title='bbox 2278 949 2390 1013; x_wconf 85' lang='lat' dir='ltr'><strong>ille,</strong></span> <span class='ocrx_word' id='word_1_194' title='bbox 2702 945 2792 1001; x_wconf 84' lang='lat'><strong>57.</strong></span> <span class='ocrx_word' id='word_1_195' title='bbox 2819 945 2991 1017; x_wconf 72' lang='lat' dir='ltr'><strong>Etalii</strong></span> <span class='ocrx_word' id='word_1_196' title='bbox 3020 959 3239 1017; x_wconf 84' lang='lat' dir='ltr'><strong>surgen-</strong></span> 
     </span>
    </p>
   </div>
   <div class='ocr_carea' id='block_1_72' title="bbox 1881 1015 3029 1090">
    <p class='ocr_par' dir='ltr' id='par_1_72' title="bbox 1881 1015 3029 1090">
     <span class='ocr_line' id='line_1_72' title="bbox 1881 1015 3029 1090; baseline -0.005 -16"><span class='ocrx_word' id='word_1_197' title='bbox 1881 1022 2191 1090; x_wconf 82' lang='lat' dir='ltr'><strong>rclinquens</strong></span> <span class='ocrx_word' id='word_1_198' title='bbox 2703 1025 2803 1090; x_wconf 74' lang='lat' dir='ltr'><strong>tes,</strong></span> <span class='ocrx_word' id='word_1_199' title='bbox 2831 1015 3029 1090; x_wconf 86' lang='lat' dir='ltr'><strong>dabant</strong></span> 
     </span>
    </p>
   </div>
   <div class='ocr_carea' id='block_1_73' title="bbox 1879 1084 3061 1150">
    <p class='ocr_par' dir='ltr' id='par_1_73' title="bbox 1879 1084 3061 1150">
     <span class='ocr_line' id='line_1_73' title="bbox 1879 1084 3061 1150; baseline -0.003 -7"><span class='ocrx_word' id='word_1_200' title='bbox 1879 1084 2181 1150; x_wconf 78' lang='lat' dir='ltr'><strong>sindonem,</strong></span> <span class='ocrx_word' id='word_1_201' title='bbox 2697 1084 2890 1140; x_wconf 78' lang='lat' dir='ltr'><strong>falsum</strong></span> <span class='ocrx_word' id='word_1_202' title='bbox 2921 1084 3061 1140; x_wconf 84' lang='lat' dir='ltr'><strong>testi-</strong></span> 
     </span>
    </p>
   </div>
   <div class='ocr_carea' id='block_1_74' title="bbox 1878 1155 2939 1227">
    <p class='ocr_par' dir='ltr' id='par_1_74' title="bbox 1878 1155 2939 1227">
     <span class='ocr_line' id='line_1_74' title="bbox 1878 1155 2939 1227; baseline -0.002 -17"><span class='ocrx_word' id='word_1_203' title='bbox 1878 1158 2050 1212; x_wconf 90' lang='lat' dir='ltr'><strong>nudus</strong></span> <span class='ocrx_word' id='word_1_204' title='bbox 2076 1157 2211 1227; x_wconf 76' lang='lat' dir='ltr'><strong>fugit</strong></span> <span class='ocrx_word' id='word_1_205' title='bbox 2697 1155 2939 1227; x_wconf 80' lang='lat' dir='ltr'><strong>monium</strong></span> 
     </span>
    </p>
   </div>
   <div class='ocr_carea' id='block_1_75' title="bbox 1875 1225 3132 1291">
    <p class='ocr_par' dir='ltr' id='par_1_75' title="bbox 1875 1225 3132 1291">
     <span class='ocr_line' id='line_1_75' title="bbox 1875 1225 3132 1291; baseline 0 -11"><span class='ocrx_word' id='word_1_206' title='bbox 1875 1227 1944 1280; x_wconf 90' lang='lat' dir='ltr'><strong>ab</strong></span> <span class='ocrx_word' id='word_1_207' title='bbox 1971 1228 2070 1281; x_wconf 88' lang='lat' dir='ltr'><strong>eis.</strong></span> <span class='ocrx_word' id='word_1_208' title='bbox 2141 1225 2156 1227; x_wconf 71' lang='grc'><strong><em>“</em></strong></span> <span class='ocrx_word' id='word_1_209' title='bbox 2697 1225 2966 1279; x_wconf 85' lang='lat' dir='ltr'><strong>adversus</strong></span> <span class='ocrx_word' id='word_1_210' title='bbox 2986 1240 3132 1291; x_wconf 90' lang='lat' dir='ltr'><strong>eum,</strong></span> 
     </span>
    </p>
   </div>
   <div class='ocr_carea' id='block_1_76' title="bbox 1875 1293 3234 1364">
    <p class='ocr_par' dir='ltr' id='par_1_76' title="bbox 1875 1293 3234 1364">
     <span class='ocr_line' id='line_1_76' title="bbox 1875 1293 3234 1364; baseline 0 -14"><span class='ocrx_word' id='word_1_211' title='bbox 1875 1297 1962 1351; x_wconf 79' lang='grc'><strong>55.</strong></span> <span class='ocrx_word' id='word_1_212' title='bbox 1985 1298 2049 1351; x_wconf 85' lang='lat' dir='ltr'><strong>Et</strong></span> <span class='ocrx_word' id='word_1_213' title='bbox 2070 1297 2340 1353; x_wconf 86' lang='lat' dir='ltr'><strong>duxerunt</strong></span> <span class='ocrx_word' id='word_1_214' title='bbox 2697 1293 2788 1350; x_wconf 83' lang='lat'><strong>58.</strong></span> <span class='ocrx_word' id='word_1_215' title='bbox 2813 1294 3234 1364; x_wconf 82' lang='lat' dir='ltr'><strong>dicenteszQui-</strong></span> 
     </span>
    </p>
   </div>
   <div class='ocr_carea' id='block_1_77' title="bbox 1873 1363 3091 1424">
    <p class='ocr_par' dir='ltr' id='par_1_77' title="bbox 1873 1363 3091 1424">
     <span class='ocr_line' id='line_1_77' title="bbox 1873 1363 3091 1424; baseline -0.003 -2"><span class='ocrx_word' id='word_1_216' title='bbox 1873 1366 2054 1422; x_wconf 84' lang='lat' dir='ltr'><strong>Jesum</strong></span> <span class='ocrx_word' id='word_1_217' title='bbox 2081 1369 2148 1422; x_wconf 91' lang='lat' dir='ltr'><strong>ad</strong></span> <span class='ocrx_word' id='word_1_218' title='bbox 2176 1369 2347 1424; x_wconf 64' lang='lat' dir='ltr'><strong>Sum-&#39;</strong></span> <span class='ocrx_word' id='word_1_219' title='bbox 2700 1378 2729 1416; x_wconf 88' lang='lat' dir='ltr'><strong>a</strong></span> <span class='ocrx_word' id='word_1_220' title='bbox 2761 1379 2859 1418; x_wconf 89' lang='lat' dir='ltr'><strong>nos</strong></span> <span class='ocrx_word' id='word_1_221' title='bbox 2883 1363 3091 1418; x_wconf 87' lang='lat' dir='ltr'><strong>audivi-</strong></span> 
     </span>
    </p>
   </div>
   <div class='ocr_carea' id='block_1_78' title="bbox 1875 1434 3060 1493">
    <p class='ocr_par' dir='ltr' id='par_1_78' title="bbox 1875 1434 3060 1493">
     <span class='ocr_line' id='line_1_78' title="bbox 1875 1434 3060 1493; baseline -0.003 -3"><span class='ocrx_word' id='word_1_222' title='bbox 1875 1453 2018 1490; x_wconf 89' lang='lat' dir='ltr'><strong>mum</strong></span> <span class='ocrx_word' id='word_1_223' title='bbox 2037 1438 2230 1493; x_wconf 66' lang='lat' dir='ltr'><strong>Socero</strong></span> <span class='ocrx_word' id='word_1_224' title='bbox 2701 1449 2819 1487; x_wconf 80' lang='lat' dir='ltr'><strong>nius</strong></span> <span class='ocrx_word' id='word_1_225' title='bbox 2841 1449 2962 1487; x_wconf 90' lang='lat' dir='ltr'><strong>eum</strong></span> <span class='ocrx_word' id='word_1_226' title='bbox 2986 1434 3060 1486; x_wconf 87' lang='lat' dir='ltr'><strong>di-</strong></span> 
     </span>
    </p>
   </div>
   <div class='ocr_carea' id='block_1_79' title="bbox 1874 1503 3136 1571">
    <p class='ocr_par' dir='ltr' id='par_1_79' title="bbox 1874 1503 3136 1571">
     <span class='ocr_line' id='line_1_79' title="bbox 1874 1503 3136 1571; baseline -0.001 -11"><span class='ocrx_word' id='word_1_227' title='bbox 1874 1507 2053 1561; x_wconf 89' lang='lat' dir='ltr'><strong>dotem</strong></span> <span class='ocrx_word' id='word_1_228' title='bbox 2083 1522 2098 1571; x_wconf 90' lang='lat'><strong>;</strong></span> <span class='ocrx_word' id='word_1_229' title='bbox 2127 1516 2182 1562; x_wconf 91' lang='lat' dir='ltr'><strong>et</strong></span> <span class='ocrx_word' id='word_1_230' title='bbox 2215 1522 2348 1562; x_wconf 91' lang='lat' dir='ltr'><strong>con-</strong></span> <span class='ocrx_word' id='word_1_231' title='bbox 2699 1515 2906 1558; x_wconf 90' lang='lat' dir='ltr'><strong>centem</strong></span> <span class='ocrx_word' id='word_1_232' title='bbox 2939 1521 2952 1557; x_wconf 94' lang='lat'>:</span> <span class='ocrx_word' id='word_1_233' title='bbox 2992 1503 3136 1570; x_wconf 89' lang='lat' dir='ltr'><strong>Quo-</strong></span> 
     </span>
    </p>
   </div>
   <div class='ocr_carea' id='block_1_80' title="bbox 1873 1575 3115 1643">
    <p class='ocr_par' dir='ltr' id='par_1_80' title="bbox 1873 1575 3115 1643">
     <span class='ocr_line' id='line_1_80' title="bbox 1873 1575 3115 1643; baseline 0 -14"><span class='ocrx_word' id='word_1_234' title='bbox 1873 1577 2096 1630; x_wconf 90' lang='lat' dir='ltr'><strong>veniunt</strong></span> <span class='ocrx_word' id='word_1_235' title='bbox 2123 1593 2237 1631; x_wconf 88' lang='lat' dir='ltr'><strong>om-</strong></span> <span class='ocrx_word' id='word_1_236' title='bbox 2701 1575 2842 1627; x_wconf 82' lang='lat' dir='ltr'><strong>niam</strong></span> <span class='ocrx_word' id='word_1_237' title='bbox 2869 1588 2969 1643; x_wconf 88' lang='lat' dir='ltr'><strong>ego</strong></span> <span class='ocrx_word' id='word_1_238' title='bbox 2995 1575 3115 1629; x_wconf 90' lang='lat' dir='ltr'><strong>des-</strong></span> 
     </span>
    </p>
   </div>
   <div class='ocr_carea' id='block_1_81' title="bbox 1875 1648 3039 1701">
    <p class='ocr_par' dir='ltr' id='par_1_81' title="bbox 1875 1648 3039 1701">
     <span class='ocr_line' id='line_1_81' title="bbox 1875 1648 3039 1701; baseline -0.005 0"><span class='ocrx_word' id='word_1_239' title='bbox 1875 1661 1974 1701; x_wconf 89' lang='lat' dir='ltr'><strong>nes</strong></span> <span class='ocrx_word' id='word_1_240' title='bbox 2009 1648 2230 1701; x_wconf 85' lang='lat' dir='ltr'><strong>Pontili-</strong></span> <span class='ocrx_word' id='word_1_241' title='bbox 2698 1653 2870 1697; x_wconf 88' lang='lat' dir='ltr'><strong>truam</strong></span> <span class='ocrx_word' id='word_1_242' title='bbox 2903 1653 3039 1698; x_wconf 89' lang='lat' dir='ltr'><strong>tem-</strong></span> 
     </span>
    </p>
   </div>
   <div class='ocr_carea' id='block_1_82' title="bbox 2695 1713 3117 1783">
    <p class='ocr_par' dir='ltr' id='par_1_82' title="bbox 2695 1713 3117 1783">
     <span class='ocr_line' id='line_1_82' title="bbox 2695 1713 3117 1783; baseline 0.007 -18"><span class='ocrx_word' id='word_1_243' title='bbox 2695 1714 2843 1783; x_wconf 86' lang='lat' dir='ltr'><strong>plum</strong></span> <span class='ocrx_word' id='word_1_244' title='bbox 2877 1713 2979 1768; x_wconf 90' lang='lat' dir='ltr'><strong>hoc</strong></span> <span class='ocrx_word' id='word_1_245' title='bbox 3005 1728 3117 1768; x_wconf 90' lang='lat' dir='ltr'><strong>ma-</strong></span> 
     </span>
    </p>
   </div>
   <div class='ocr_carea' id='block_1_83' title="bbox 2693 1783 3060 1838">
    <p class='ocr_par' dir='ltr' id='par_1_83' title="bbox 2693 1783 3060 1838">
     <span class='ocr_line' id='line_1_83' title="bbox 2693 1783 3060 1838; baseline -0.005 0"><span class='ocrx_word' id='word_1_246' title='bbox 2693 1785 2854 1838; x_wconf 90' lang='lat' dir='ltr'><strong>nibus</strong></span> <span class='ocrx_word' id='word_1_247' title='bbox 2875 1783 3060 1838; x_wconf 81' lang='lat' dir='ltr'><strong>aediﬁ-</strong></span> 
     </span>
    </p>
   </div>
   <div class='ocr_carea' id='block_1_84' title="bbox 2692 1854 3177 1923">
    <p class='ocr_par' dir='ltr' id='par_1_84' title="bbox 2692 1854 3177 1923">
     <span class='ocr_line' id='line_1_84' title="bbox 2692 1854 3177 1923; baseline 0.002 -15"><span class='ocrx_word' id='word_1_248' title='bbox 2692 1864 2891 1917; x_wconf 89' lang='lat' dir='ltr'><strong>catum,</strong></span> <span class='ocrx_word' id='word_1_249' title='bbox 2923 1863 2976 1907; x_wconf 90' lang='lat' dir='ltr'><strong>et</strong></span> <span class='ocrx_word' id='word_1_250' title='bbox 3002 1854 3023 1885; x_wconf 83' lang='grc'>⁸</span> <span class='ocrx_word' id='word_1_251' title='bbox 3057 1862 3177 1923; x_wconf 88' lang='lat' dir='ltr'><strong>post</strong></span> 
     </span>
    </p>
   </div>
   <div class='ocr_carea' id='block_1_85' title="bbox 2695 1923 3093 1981">
    <p class='ocr_par' dir='ltr' id='par_1_85' title="bbox 2695 1923 3093 1981">
     <span class='ocr_line' id='line_1_85' title="bbox 2695 1923 3093 1981; baseline 0.008 -3"><span class='ocrx_word' id='word_1_252' title='bbox 2695 1923 2910 1978; x_wconf 89' lang='lat' dir='ltr'><strong>tertium</strong></span> <span class='ocrx_word' id='word_1_253' title='bbox 2945 1923 3093 1981; x_wconf 86' lang='lat' dir='ltr'><strong>diem</strong></span> 
     </span>
    </p>
   </div>
   <div class='ocr_carea' id='block_1_86' title="bbox 2695 1994 3044 2048">
    <p class='ocr_par' dir='ltr' id='par_1_86' title="bbox 2695 1994 3044 2048">
     <span class='ocr_line' id='line_1_86' title="bbox 2695 1994 3044 2048; baseline 0.003 -2"><span class='ocrx_word' id='word_1_254' title='bbox 2695 1994 2840 2048; x_wconf 87' lang='lat' dir='ltr'><strong>aliud</strong></span> <span class='ocrx_word' id='word_1_255' title='bbox 2870 1995 3044 2048; x_wconf 82' lang='lat' dir='ltr'><strong>susci-</strong></span> 
     </span>
    </p>
   </div>
   <div class='ocr_carea' id='block_1_87' title="bbox 1873 1717 2342 1784">
    <p class='ocr_par' dir='ltr' id='par_1_87' title="bbox 1873 1717 2342 1784">
     <span class='ocr_line' id='line_1_87' title="bbox 1873 1717 2342 1784; baseline 0.006 -13"><span class='ocrx_word' id='word_1_256' title='bbox 1873 1731 1985 1780; x_wconf 76' lang='lat' dir='ltr'><strong>res,</strong></span> <span class='ocrx_word' id='word_1_257' title='bbox 2017 1727 2070 1772; x_wconf 92' lang='lat' dir='ltr'><strong>et</strong></span> <span class='ocrx_word' id='word_1_258' title='bbox 2093 1717 2342 1784; x_wconf 88' lang='lat' dir='ltr'><strong>Scribae,</strong></span> 
     </span>
    </p>
   </div>
   <div class='ocr_carea' id='block_1_88' title="bbox 1873 1787 2230 1842">
    <p class='ocr_par' dir='ltr' id='par_1_88' title="bbox 1873 1787 2230 1842">
     <span class='ocr_line' id='line_1_88' title="bbox 1873 1787 2230 1842; baseline 0.006 -2"><span class='ocrx_word' id='word_1_259' title='bbox 1873 1797 1929 1840; x_wconf 90' lang='lat' dir='ltr'><strong>et</strong></span> <span class='ocrx_word' id='word_1_260' title='bbox 1955 1787 2230 1842; x_wconf 91' lang='lat' dir='ltr'><strong>Seniores.</strong></span> 
     </span>
    </p>
   </div>
   <div class='ocr_carea' id='block_1_89' title="bbox 1873 1855 2407 1913">
    <p class='ocr_par' dir='ltr' id='par_1_89' title="bbox 1873 1855 2407 1913">
     <span class='ocr_line' id='line_1_89' title="bbox 1873 1855 2407 1913; baseline 0.004 -2"><span class='ocrx_word' id='word_1_261' title='bbox 1873 1855 1965 1911; x_wconf 85' lang='grc'><strong>54.</strong></span> <span class='ocrx_word' id='word_1_262' title='bbox 1996 1856 2064 1910; x_wconf 83' lang='lat' dir='ltr'><strong>Et</strong></span> <span class='ocrx_word' id='word_1_263' title='bbox 2099 1857 2293 1912; x_wconf 85' lang='lat' dir='ltr'><strong>Petrus</strong></span> <span class='ocrx_word' id='word_1_264' title='bbox 2318 1871 2407 1913; x_wconf 82' lang='lat' dir='ltr'><strong>se-</strong></span> 
     </span>
    </p>
   </div>
   <div class='ocr_carea' id='block_1_90' title="bbox 1873 1933 2302 1981">
    <p class='ocr_par' dir='ltr' id='par_1_90' title="bbox 1873 1933 2302 1981">
     <span class='ocr_line' id='line_1_90' title="bbox 1873 1933 2302 1981; baseline 0.005 -1"><span class='ocrx_word' id='word_1_265' title='bbox 1873 1933 2031 1980; x_wconf 89' lang='lat' dir='ltr'><strong>cutus</strong></span> <span class='ocrx_word' id='word_1_266' title='bbox 2067 1936 2150 1981; x_wconf 73' lang='grc' dir='ltr'><strong>εει</strong></span> <span class='ocrx_word' id='word_1_267' title='bbox 2178 1943 2302 1981; x_wconf 87' lang='lat' dir='ltr'><strong>eum</strong></span> 
     </span>
    </p>
   </div>
   <div class='ocr_carea' id='block_1_91' title="bbox 1876 1995 2341 2065">
    <p class='ocr_par' dir='ltr' id='par_1_91' title="bbox 1876 1995 2341 2065">
     <span class='ocr_line' id='line_1_91' title="bbox 1876 1995 2341 2065; baseline 0.006 -16"><span class='ocrx_word' id='word_1_268' title='bbox 1876 1995 1899 2027; x_wconf 76' lang='grc' dir='ltr'>δ</span> <span class='ocrx_word' id='word_1_269' title='bbox 1927 2011 2096 2065; x_wconf 89' lang='lat' dir='ltr'><strong>usque</strong></span> <span class='ocrx_word' id='word_1_270' title='bbox 2125 1997 2178 2051; x_wconf 92' lang='lat' dir='ltr'><strong>in</strong></span> <span class='ocrx_word' id='word_1_271' title='bbox 2215 1997 2341 2052; x_wconf 89' lang='lat' dir='ltr'><strong>atri—</strong></span> 
     </span>
    </p>
   </div>
   <div class='ocr_carea' id='block_1_92' title="bbox 1875 2064 3100 2121">
    <p class='ocr_par' dir='ltr' id='par_1_92' title="bbox 1875 2064 3100 2121">
     <span class='ocr_line' id='line_1_92' title="bbox 1875 2064 3100 2121; baseline -0.002 -1"><span class='ocrx_word' id='word_1_272' title='bbox 1875 2080 1964 2120; x_wconf 90' lang='lat' dir='ltr'><strong>um</strong></span> <span class='ocrx_word' id='word_1_273' title='bbox 1988 2064 2197 2121; x_wconf 87' lang='lat' dir='ltr'><strong>Summi</strong></span> <span class='ocrx_word' id='word_1_274' title='bbox 2699 2064 2823 2119; x_wconf 85' lang='lat' dir='ltr'><strong>tabo</strong></span> <span class='ocrx_word' id='word_1_275' title='bbox 2848 2079 2954 2118; x_wconf 91' lang='lat' dir='ltr'><strong>non</strong></span> <span class='ocrx_word' id='word_1_276' title='bbox 2983 2077 3100 2118; x_wconf 80' lang='lat' dir='ltr'><strong>ma-</strong></span> 
     </span>
    </p>
   </div>
   <div class='ocr_carea' id='block_1_93' title="bbox 1876 2134 2995 2192">
    <p class='ocr_par' dir='ltr' id='par_1_93' title="bbox 1876 2134 2995 2192">
     <span class='ocr_line' id='line_1_93' title="bbox 1876 2134 2995 2192; baseline -0.004 -1"><span class='ocrx_word' id='word_1_277' title='bbox 1876 2135 2181 2192; x_wconf 85' lang='lat' dir='ltr'><strong>Sacerdotis</strong></span> <span class='ocrx_word' id='word_1_278' title='bbox 2203 2154 2217 2190; x_wconf 90' lang='lat'><strong>:</strong></span> <span class='ocrx_word' id='word_1_279' title='bbox 2695 2134 2995 2190; x_wconf 70' lang='lat' dir='ltr'><strong>nutantum.</strong></span> 
     </span>
    </p>
   </div>
   <div class='ocr_carea' id='block_1_94' title="bbox 1871 2203 3308 2262">
    <p class='ocr_par' dir='ltr' id='par_1_94' title="bbox 1871 2203 3308 2262">
     <span class='ocr_line' id='line_1_94' title="bbox 1871 2203 3308 2262; baseline -0.001 -2"><span class='ocrx_word' id='word_1_280' title='bbox 1871 2217 1926 2260; x_wconf 93' lang='lat' dir='ltr'><strong>et</strong></span> <span class='ocrx_word' id='word_1_281' title='bbox 1943 2216 2058 2261; x_wconf 89' lang='lat' dir='ltr'><strong>erat</strong></span> <span class='ocrx_word' id='word_1_282' title='bbox 2079 2207 2274 2262; x_wconf 84' lang='lat' dir='ltr'><strong>sedens</strong></span> <span class='ocrx_word' id='word_1_283' title='bbox 2695 2203 2788 2260; x_wconf 85' lang='grc'><strong>59.</strong></span> <span class='ocrx_word' id='word_1_284' title='bbox 2819 2204 2885 2258; x_wconf 89' lang='lat' dir='ltr'><strong>Et</strong></span> <span class='ocrx_word' id='word_1_285' title='bbox 2909 2218 3006 2259; x_wconf 90' lang='lat' dir='ltr'><strong>nec</strong></span> <span class='ocrx_word' id='word_1_286' title='bbox 3033 2203 3115 2259; x_wconf 90' lang='lat' dir='ltr'><strong>sic</strong></span> <span class='ocrx_word' id='word_1_287' title='bbox 3151 2213 3308 2260; x_wconf 87' lang='lat' dir='ltr'><strong>erant</strong></span> 
     </span>
    </p>
   </div>
   <div class='ocr_carea' id='block_1_95' title="bbox 1870 2273 3027 2330">
    <p class='ocr_par' dir='ltr' id='par_1_95' title="bbox 1870 2273 3027 2330">
     <span class='ocr_line' id='line_1_95' title="bbox 1870 2273 3027 2330; baseline -0.003 0"><span class='ocrx_word' id='word_1_288' title='bbox 1870 2290 1993 2330; x_wconf 93' lang='lat' dir='ltr'><strong>cum</strong></span> <span class='ocrx_word' id='word_1_289' title='bbox 2025 2277 2215 2330; x_wconf 84' lang='lat' dir='ltr'><strong>minis-</strong></span> <span class='ocrx_word' id='word_1_290' title='bbox 2697 2273 3027 2328; x_wconf 87' lang='lat' dir='ltr'><strong>convenien-</strong></span> 
     </span>
    </p>
   </div>
   <div class='ocr_carea' id='block_1_96' title="bbox 1871 2344 3040 2411">
    <p class='ocr_par' dir='ltr' id='par_1_96' title="bbox 1871 2344 3040 2411">
     <span class='ocr_line' id='line_1_96' title="bbox 1871 2344 3040 2411; baseline 0 -12"><span class='ocrx_word' id='word_1_291' title='bbox 1871 2347 2203 2411; x_wconf 84' lang='lat' dir='ltr'><strong>tris,calﬁci-</strong></span> <span class='ocrx_word' id='word_1_292' title='bbox 2313 2344 2322 2356; x_wconf 86' lang='lat'><strong>&#39;</strong></span> <span class='ocrx_word' id='word_1_293' title='bbox 2695 2346 2772 2399; x_wconf 89' lang='lat' dir='ltr'><strong>tia</strong></span> <span class='ocrx_word' id='word_1_294' title='bbox 2797 2346 3040 2400; x_wconf 80' lang='lat' dir='ltr'><strong>testimo-</strong></span> 
     </span>
    </p>
   </div>
   <div class='ocr_carea' id='block_1_97' title="bbox 1869 2415 3054 2487">
    <p class='ocr_par' dir='ltr' id='par_1_97' title="bbox 1869 2415 3054 2487">
     <span class='ocr_line' id='line_1_97' title="bbox 1869 2415 3054 2487; baseline -0.002 -17"><span class='ocrx_word' id='word_1_295' title='bbox 1869 2423 1968 2470; x_wconf 90' lang='lat' dir='ltr'><strong>e&#39;ns</strong></span> <span class='ocrx_word' id='word_1_296' title='bbox 1997 2431 2056 2470; x_wconf 89' lang='lat' dir='ltr'><strong>se</strong></span> <span class='ocrx_word' id='word_1_297' title='bbox 2083 2417 2150 2470; x_wconf 90' lang='lat' dir='ltr'><strong>ad</strong></span> <span class='ocrx_word' id='word_1_298' title='bbox 2181 2417 2250 2487; x_wconf 84' lang='lat' dir='ltr'><strong>ig-</strong></span> <span class='ocrx_word' id='word_1_299' title='bbox 2696 2416 2784 2487; x_wconf 85' lang='lat' dir='ltr'><strong>nia</strong></span> <span class='ocrx_word' id='word_1_300' title='bbox 2816 2415 3054 2487; x_wconf 91' lang='lat' dir='ltr'><strong>i_llorum.</strong></span> 
     </span>
    </p>
   </div>
   <div class='ocr_carea' id='block_1_98' title="bbox 1870 2480 3310 2553">
    <p class='ocr_par' dir='ltr' id='par_1_98' title="bbox 1870 2480 3310 2553">
     <span class='ocr_line' id='line_1_98' title="bbox 1870 2480 3310 2553; baseline -0.001 -15"><span class='ocrx_word' id='word_1_301' title='bbox 1870 2501 2016 2540; x_wconf 91' lang='lat' dir='ltr'><strong>nem.</strong></span> <span class='ocrx_word' id='word_1_302' title='bbox 2201 2480 2228 2487; x_wconf 61' lang='lat'>&#39;</span> <span class='ocrx_word' id='word_1_303' title='bbox 2697 2485 2788 2539; x_wconf 86' lang='lat'><strong>60.</strong></span> <span class='ocrx_word' id='word_1_304' title='bbox 2817 2485 2883 2538; x_wconf 87' lang='lat' dir='ltr'><strong>Et</strong></span> <span class='ocrx_word' id='word_1_305' title='bbox 2911 2495 3137 2553; x_wconf 87' lang='lat' dir='ltr'><strong>surgens</strong></span> <span class='ocrx_word' id='word_1_306' title='bbox 3153 2480 3310 2537; x_wconf 90' lang='lat' dir='ltr'><strong>Prin-</strong></span> 
     </span>
    </p>
   </div>
   <div class='ocr_carea' id='block_1_99' title="bbox 1869 2553 3106 2623">
    <p class='ocr_par' dir='ltr' id='par_1_99' title="bbox 1869 2553 3106 2623">
     <span class='ocr_line' id='line_1_99' title="bbox 1869 2553 3106 2623; baseline -0.002 -13"><span class='ocrx_word' id='word_1_307' title='bbox 1869 2555 1958 2610; x_wconf 85' lang='grc'><strong>55.</strong></span> <span class='ocrx_word' id='word_1_308' title='bbox 1983 2553 2256 2623; x_wconf 86' lang='lat' dir='ltr'><strong>Principes</strong></span> <span class='ocrx_word' id='word_1_309' title='bbox 2284 2568 2380 2608; x_wconf 83' lang='lat' dir='ltr'><strong>au-</strong></span> <span class='ocrx_word' id='word_1_310' title='bbox 2695 2569 2822 2622; x_wconf 91' lang='lat' dir='ltr'><strong>ceps</strong></span> <span class='ocrx_word' id='word_1_311' title='bbox 2842 2553 3106 2610; x_wconf 76' lang='lat' dir='ltr'><strong>Sacerdo~</strong></span> 
     </span>
    </p>
   </div>
   <div class='ocr_carea' id='block_1_100' title="bbox 1869 2625 3052 2680">
    <p class='ocr_par' dir='ltr' id='par_1_100' title="bbox 1869 2625 3052 2680">
     <span class='ocr_line' id='line_1_100' title="bbox 1869 2625 3052 2680; baseline -0.001 -1"><span class='ocrx_word' id='word_1_312' title='bbox 1869 2634 1977 2679; x_wconf 91' lang='lat' dir='ltr'><strong>tem</strong></span> <span class='ocrx_word' id='word_1_313' title='bbox 2003 2625 2266 2680; x_wconf 85' lang='lat' dir='ltr'><strong>Sacerdo-</strong></span> <span class='ocrx_word' id='word_1_314' title='bbox 2697 2633 2808 2677; x_wconf 90' lang='lat' dir='ltr'><strong>tum</strong></span> <span class='ocrx_word' id='word_1_315' title='bbox 2843 2625 2893 2676; x_wconf 92' lang='lat' dir='ltr'><strong>in</strong></span> <span class='ocrx_word' id='word_1_316' title='bbox 2939 2639 3052 2678; x_wconf 87' lang='lat' dir='ltr'><strong>me-</strong></span> 
     </span>
    </p>
   </div>
   <div class='ocr_carea' id='block_1_101' title="bbox 1869 2692 3112 2766">
    <p class='ocr_par' dir='ltr' id='par_1_101' title="bbox 1869 2692 3112 2766">
     <span class='ocr_line' id='line_1_101' title="bbox 1869 2692 3112 2766; baseline -0.002 -18"><span class='ocrx_word' id='word_1_317' title='bbox 1869 2704 2000 2766; x_wconf 85' lang='lat' dir='ltr'><strong>tum,</strong></span> <span class='ocrx_word' id='word_1_318' title='bbox 2028 2704 2083 2749; x_wconf 91' lang='lat' dir='ltr'><strong>et</strong></span> <span class='ocrx_word' id='word_1_319' title='bbox 2109 2692 2310 2766; x_wconf 38' lang='lat' dir='ltr'><strong>Conci:</strong></span> <span class='ocrx_word' id='word_1_320' title='bbox 2692 2693 2808 2766; x_wconf 71' lang='lat' dir='ltr'><strong>dio,</strong></span> <span class='ocrx_word' id='word_1_321' title='bbox 2831 2694 2852 2724; x_wconf 82' lang='grc'><strong><em>⁸</em></strong></span> <span class='ocrx_word' id='word_1_322' title='bbox 2870 2693 3112 2766; x_wconf 71' lang='lat' dir='ltr'><strong>interro-</strong></span> 
     </span>
    </p>
   </div>
   <div class='ocr_carea' id='block_1_102' title="bbox 1869 2761 3086 2819">
    <p class='ocr_par' dir='ltr' id='par_1_102' title="bbox 1869 2761 3086 2819">
     <span class='ocr_line' id='line_1_102' title="bbox 1869 2761 3086 2819; baseline -0.003 -1"><span class='ocrx_word' id='word_1_323' title='bbox 1869 2765 1996 2819; x_wconf 90' lang='lat' dir='ltr'><strong>lium</strong></span> <span class='ocrx_word' id='word_1_324' title='bbox 2029 2772 2198 2819; x_wconf 89' lang='lat' dir='ltr'><strong>totum</strong></span> <span class='ocrx_word' id='word_1_325' title='bbox 2302 2761 2310 2766; x_wconf 85' lang='grc'><em>’</em></span> <span class='ocrx_word' id='word_1_326' title='bbox 2690 2763 2837 2819; x_wconf 71' lang='lat' dir='ltr'><strong>gavit</strong></span> <span class='ocrx_word' id='word_1_327' title='bbox 2861 2761 3044 2817; x_wconf 82' lang='lat' dir='ltr'><strong>Jesum</strong></span> <span class='ocrx_word' id='word_1_328' title='bbox 3073 2779 3086 2814; x_wconf 93' lang='lat'><strong>:</strong></span> 
     </span>
    </p>
   </div>
   <div class='ocr_carea' id='block_1_103' title="bbox 1868 2833 3093 2905">
    <p class='ocr_par' dir='ltr' id='par_1_103' title="bbox 1868 2833 3093 2905">
     <span class='ocr_line' id='line_1_103' title="bbox 1868 2833 3093 2905; baseline 0 -19"><span class='ocrx_word' id='word_1_329' title='bbox 1868 2835 2199 2905; x_wconf 72' lang='lat' dir='ltr'><strong>quaerebant</strong></span> <span class='ocrx_word' id='word_1_330' title='bbox 2691 2833 2834 2905; x_wconf 58' lang='grc' dir='ltr'><strong>δίὴῆ</strong></span> <span class='ocrx_word' id='word_1_331' title='bbox 2860 2846 3093 2905; x_wconf 66' lang='lat' dir='ltr'><strong>respono</strong></span> 
     </span>
    </p>
   </div>
   <div class='ocr_carea' id='block_1_104' title="bbox 1869 2901 3050 2966">
    <p class='ocr_par' dir='ltr' id='par_1_104' title="bbox 1869 2901 3050 2966">
     <span class='ocr_line' id='line_1_104' title="bbox 1869 2901 3050 2966; baseline -0.002 -9"><span class='ocrx_word' id='word_1_332' title='bbox 1869 2901 2127 2960; x_wconf 79' lang='lat' dir='ltr'><strong>adversus</strong></span> <span class='ocrx_word' id='word_1_333' title='bbox 2150 2903 2338 2959; x_wconf 87' lang='lat' dir='ltr'><strong>Jesum</strong></span> <span class='ocrx_word' id='word_1_334' title='bbox 2690 2903 2788 2960; x_wconf 88' lang='lat' dir='ltr'><strong>des</strong></span> <span class='ocrx_word' id='word_1_335' title='bbox 2811 2901 2877 2956; x_wconf 89' lang='lat' dir='ltr'><strong>ad</strong></span> <span class='ocrx_word' id='word_1_336' title='bbox 2894 2902 3050 2966; x_wconf 82' lang='lat' dir='ltr'><strong>haec,</strong></span> 
     </span>
    </p>
   </div>
   <div class='ocr_carea' id='block_1_105' title="bbox 1870 2972 3060 3046">
    <p class='ocr_par' dir='ltr' id='par_1_105' title="bbox 1870 2972 3060 3046">
     <span class='ocr_line' id='line_1_105' title="bbox 1870 2972 3060 3046; baseline -0.003 -16"><span class='ocrx_word' id='word_1_337' title='bbox 1870 2973 2265 3046; x_wconf 82' lang='lat' dir='ltr'><strong>testimonium,</strong></span> <span class='ocrx_word' id='word_1_338' title='bbox 2689 2972 2944 3046; x_wconf 70' lang='lat' dir='ltr'><strong>quae‘isti</strong></span> <span class='ocrx_word' id='word_1_339' title='bbox 2967 2972 3060 3026; x_wconf 86' lang='lat' dir='ltr'><strong>ad-</strong></span> 
     </span>
    </p>
   </div>
   <div class='ocr_carea' id='block_1_106' title="bbox 1869 3044 3216 3100">
    <p class='ocr_par' dir='ltr' id='par_1_106' title="bbox 1869 3044 3216 3100">
     <span class='ocr_line' id='line_1_106' title="bbox 1869 3044 3216 3100; baseline -0.002 -1"><span class='ocrx_word' id='word_1_340' title='bbox 1869 3055 1928 3100; x_wconf 88' lang='lat' dir='ltr'><strong>ttt</strong></span> <span class='ocrx_word' id='word_1_341' title='bbox 1954 3044 2258 3099; x_wconf 88' lang='lat' dir='ltr'><strong>mortieum</strong></span> <span class='ocrx_word' id='word_1_342' title='bbox 2695 3044 2884 3098; x_wconf 83' lang='lat' dir='ltr'><strong>versus</strong></span> <span class='ocrx_word' id='word_1_343' title='bbox 2907 3050 2962 3098; x_wconf 87' lang='lat' dir='ltr'><strong>te</strong></span> <span class='ocrx_word' id='word_1_344' title='bbox 2989 3056 3123 3097; x_wconf 87' lang='lat' dir='ltr'><strong>con-</strong></span> <span class='ocrx_word' id='word_1_345' title='bbox 3212 3055 3216 3059; x_wconf 87' lang='lat'>&#39;</span> 
     </span>
    </p>
   </div>
   <div class='ocr_carea' id='block_1_107' title="bbox 1868 3112 3007 3170">
    <p class='ocr_par' dir='ltr' id='par_1_107' title="bbox 1868 3112 3007 3170">
     <span class='ocr_line' id='line_1_107' title="bbox 1868 3112 3007 3170; baseline -0.004 0"><span class='ocrx_word' id='word_1_346' title='bbox 1868 3116 2188 3170; x_wconf 80' lang='lat' dir='ltr'><strong>adﬁcerent:</strong></span> <span class='ocrx_word' id='word_1_347' title='bbox 2405 3152 2410 3155; x_wconf 88' lang='grc'><strong>-</strong></span> <span class='ocrx_word' id='word_1_348' title='bbox 2694 3121 2960 3168; x_wconf 86' lang='lat' dir='ltr'><strong>testantur</strong></span> <span class='ocrx_word' id='word_1_349' title='bbox 2983 3112 3007 3166; x_wconf 69' lang='grc' dir='ltr'><em>ἲ</em></span> 
     </span>
    </p>
   </div>
   <div class='ocr_carea' id='block_1_108' title="bbox 1869 3181 3342 3248">
    <p class='ocr_par' dir='ltr' id='par_1_108' title="bbox 1869 3181 3342 3248">
     <span class='ocr_line' id='line_1_108' title="bbox 1869 3181 3342 3248; baseline -0.002 -7"><span class='ocrx_word' id='word_1_350' title='bbox 1869 3197 1924 3241; x_wconf 91' lang='lat' dir='ltr'><strong>et</strong></span> <span class='ocrx_word' id='word_1_351' title='bbox 1955 3201 2060 3240; x_wconf 91' lang='lat' dir='ltr'><strong>non</strong></span> <span class='ocrx_word' id='word_1_352' title='bbox 2092 3185 2245 3240; x_wconf 84' lang='lat' dir='ltr'><strong>inve-</strong></span> <span class='ocrx_word' id='word_1_353' title='bbox 2694 3183 2784 3240; x_wconf 81' lang='grc'><strong>61.</strong></span> <span class='ocrx_word' id='word_1_354' title='bbox 2819 3184 2882 3238; x_wconf 88' lang='lat' dir='ltr'><strong>Et</strong></span> <span class='ocrx_word' id='word_1_355' title='bbox 2905 3183 2978 3236; x_wconf 87' lang='lat' dir='ltr'><strong>ait</strong></span> <span class='ocrx_word' id='word_1_356' title='bbox 3007 3182 3081 3236; x_wconf 89' lang='lat' dir='ltr'><strong>illi</strong></span> <span class='ocrx_word' id='word_1_357' title='bbox 3113 3198 3128 3236; x_wconf 90' lang='lat'>:</span> <span class='ocrx_word' id='word_1_358' title='bbox 3161 3181 3342 3248; x_wconf 85' lang='lat' dir='ltr'><strong>Tu,cs</strong></span> 
     </span>
    </p>
   </div>
   <div class='ocr_carea' id='block_1_109' title="bbox 1867 3254 2370 3312">
    <p class='ocr_par' dir='ltr' id='par_1_109' title="bbox 1867 3254 2370 3312">
     <span class='ocr_line' id='line_1_109' title="bbox 1867 3254 2370 3312; baseline 0 -1"><span class='ocrx_word' id='word_1_359' title='bbox 1867 3256 1958 3312; x_wconf 83' lang='lat'><strong>56.</strong></span> <span class='ocrx_word' id='word_1_360' title='bbox 1993 3263 2207 3310; x_wconf 84' lang='lat' dir='ltr'><strong>nerunt.</strong></span> <span class='ocrx_word' id='word_1_361' title='bbox 2242 3254 2370 3310; x_wconf 84' lang='lat' dir='ltr'><strong>Mul-</strong></span> 
     </span>
    </p>
   </div>
   <div class='ocr_carea' id='block_1_110' title="bbox 1870 3325 2235 3382">
    <p class='ocr_par' dir='ltr' id='par_1_110' title="bbox 1870 3325 2235 3382">
     <span class='ocr_line' id='line_1_110' title="bbox 1870 3325 2235 3382; baseline 0 -2"><span class='ocrx_word' id='word_1_362' title='bbox 1870 3330 1910 3381; x_wconf 89' lang='lat' dir='ltr'><strong>ti</strong></span> <span class='ocrx_word' id='word_1_363' title='bbox 1931 3327 2076 3382; x_wconf 91' lang='lat' dir='ltr'><strong>enim</strong></span> <span class='ocrx_word' id='word_1_364' title='bbox 2100 3325 2235 3380; x_wconf 75' lang='lat' dir='ltr'><strong>falso</strong></span> 
     </span>
    </p>
   </div>
   <div class='ocr_carea' id='block_1_111' title="bbox 1869 3398 2208 3452">
    <p class='ocr_par' dir='ltr' id='par_1_111' title="bbox 1869 3398 2208 3452">
     <span class='ocr_line' id='line_1_111' title="bbox 1869 3398 2208 3452; baseline -0.006 0"><span class='ocrx_word' id='word_1_365' title='bbox 1869 3398 2208 3452; x_wconf 86' lang='lat' dir='ltr'><strong>testabantur</strong></span> 
     </span>
    </p>
   </div>
   <div class='ocr_carea' id='block_1_112' title="bbox 2693 3252 3271 3309">
    <p class='ocr_par' dir='ltr' id='par_1_112' title="bbox 2693 3252 3271 3309">
     <span class='ocr_line' id='line_1_112' title="bbox 2693 3252 3271 3309; baseline -0.003 0"><span class='ocrx_word' id='word_1_366' title='bbox 2693 3253 2941 3309; x_wconf 85' lang='lat' dir='ltr'><strong>Christus</strong></span> <span class='ocrx_word' id='word_1_367' title='bbox 2983 3252 3149 3307; x_wconf 84' lang='lat' dir='ltr'><strong>Filius</strong></span> <span class='ocrx_word' id='word_1_368' title='bbox 3175 3253 3271 3307; x_wconf 87' lang='lat' dir='ltr'><strong>be-</strong></span> 
     </span>
    </p>
   </div>
   <div class='ocr_carea' id='block_1_113' title="bbox 2695 3323 3136 3379">
    <p class='ocr_par' dir='ltr' id='par_1_113' title="bbox 2695 3323 3136 3379">
     <span class='ocr_line' id='line_1_113' title="bbox 2695 3323 3136 3379; baseline 0 -2"><span class='ocrx_word' id='word_1_369' title='bbox 2695 3323 2892 3379; x_wconf 92' lang='lat' dir='ltr'><strong>nedicti</strong></span> <span class='ocrx_word' id='word_1_370' title='bbox 2911 3324 2936 3377; x_wconf 77' lang='lat' dir='ltr'><strong>‘l</strong></span> <span class='ocrx_word' id='word_1_371' title='bbox 3123 3331 3136 3351; x_wconf 56' lang='grc' dir='ltr'><em>ί</em></span> 
     </span>
    </p>
   </div>
   <div class='ocr_carea' id='block_1_114' title="bbox 2693 3393 3303 3450">
    <p class='ocr_par' dir='ltr' id='par_1_114' title="bbox 2693 3393 3303 3450">
     <span class='ocr_line' id='line_1_114' title="bbox 2693 3393 3303 3450; baseline -0.002 -1"><span class='ocrx_word' id='word_1_372' title='bbox 2693 3394 2784 3449; x_wconf 71' lang='grc'><strong>62.</strong></span> <span class='ocrx_word' id='word_1_373' title='bbox 2801 3393 2958 3450; x_wconf 77' lang='lat' dir='ltr'><strong>Jesus</strong></span> <span class='ocrx_word' id='word_1_374' title='bbox 2979 3401 3158 3448; x_wconf 90' lang='lat' dir='ltr'><strong>autem</strong></span> <span class='ocrx_word' id='word_1_375' title='bbox 3187 3405 3303 3448; x_wconf 85' lang='lat' dir='ltr'><strong>res-</strong></span> 
     </span>
    </p>
   </div>
   <div class='ocr_carea' id='block_1_115' title="bbox 1491 3525 2206 3586">
    <p class='ocr_par' dir='ltr' id='par_1_115' title="bbox 1491 3525 2206 3586">
     <span class='ocr_line' id='line_1_115' title="bbox 1491 3525 2206 3586; baseline 0.008 -5"><span class='ocrx_word' id='word_1_376' title='bbox 1491 3525 1721 3582; x_wconf 77' lang='lat' dir='ltr'><strong>CODEX</strong></span> <span class='ocrx_word' id='word_1_377' title='bbox 1759 3525 2148 3583; x_wconf 80' lang='lat' dir='ltr'><strong>BRIXIANUS.</strong></span> <span class='ocrx_word' id='word_1_378' title='bbox 2165 3529 2206 3586; x_wconf 86' lang='lat' dir='ltr'><strong>l&#39;.</strong></span> 
     </span>
    </p>
   </div>
   <div class='ocr_carea' id='block_1_116' title="bbox 189 2623 1348 2691">
    <p class='ocr_par' dir='ltr' id='par_1_116' title="bbox 189 2623 1348 2691">
     <span class='ocr_line' id='line_1_116' title="bbox 189 2623 1348 2691; baseline -0.009 -5"><span class='ocrx_word' id='word_1_379' title='bbox 189 2633 296 2686; x_wconf 85' lang='lat' dir='ltr'><strong>mis</strong></span> <span class='ocrx_word' id='word_1_380' title='bbox 323 2629 598 2686; x_wconf 85' lang='lat' dir='ltr'><strong>Sacerdo-</strong></span> <span class='ocrx_word' id='word_1_381' title='bbox 1023 2624 1221 2691; x_wconf 87' lang='lat' dir='ltr'><strong>templo</strong></span> <span class='ocrx_word' id='word_1_382' title='bbox 1247 2623 1348 2677; x_wconf 83' lang='lat' dir='ltr'><strong>do-</strong></span> 
     </span>
    </p>
   </div>
   <div class='ocr_carea' id='block_1_117' title="bbox 191 2701 1390 2764">
    <p class='ocr_par' dir='ltr' id='par_1_117' title="bbox 191 2701 1390 2764">
     <span class='ocr_line' id='line_1_117' title="bbox 191 2701 1390 2764; baseline -0.005 -10"><span class='ocrx_word' id='word_1_383' title='bbox 191 2701 355 2764; x_wconf 88' lang='lat' dir='ltr'><strong>tibus,</strong></span> <span class='ocrx_word' id='word_1_384' title='bbox 377 2710 437 2755; x_wconf 90' lang='lat' dir='ltr'><strong>et</strong></span> <span class='ocrx_word' id='word_1_385' title='bbox 458 2701 608 2754; x_wconf 87' lang='lat' dir='ltr'><strong>Scri-</strong></span> <span class='ocrx_word' id='word_1_386' title='bbox 963 2752 965 2754; x_wconf 67' lang='grc'><em>,</em></span> <span class='ocrx_word' id='word_1_387' title='bbox 1019 2708 1168 2758; x_wconf 89' lang='lat' dir='ltr'><strong>cens,</strong></span> <span class='ocrx_word' id='word_1_388' title='bbox 1201 2702 1255 2746; x_wconf 87' lang='lat' dir='ltr'><strong>et</strong></span> <span class='ocrx_word' id='word_1_389' title='bbox 1281 2707 1390 2764; x_wconf 90' lang='lat' dir='ltr'><strong>non</strong></span> 
     </span>
    </p>
   </div>
   <div class='ocr_carea' id='block_1_118' title="bbox 189 2763 1325 2835">
    <p class='ocr_par' dir='ltr' id='par_1_118' title="bbox 189 2763 1325 2835">
     <span class='ocr_line' id='line_1_118' title="bbox 189 2763 1325 2835; baseline -0.011 -9"><span class='ocrx_word' id='word_1_390' title='bbox 189 2771 297 2835; x_wconf 88' lang='lat' dir='ltr'><strong>bis,</strong></span> <span class='ocrx_word' id='word_1_391' title='bbox 323 2763 382 2826; x_wconf 88' lang='lat' dir='ltr'><strong>et</strong></span> <span class='ocrx_word' id='word_1_392' title='bbox 403 2770 598 2825; x_wconf 86' lang='lat' dir='ltr'><strong>Senio—</strong></span> <span class='ocrx_word' id='word_1_393' title='bbox 1019 2763 1325 2835; x_wconf 88' lang='lat' dir='ltr'><strong>detin_uis_tis</strong></span> 
     </span>
    </p>
   </div>
   <div class='ocr_carea' id='block_1_119' title="bbox 189 2832 1469 2896">
    <p class='ocr_par' dir='ltr' id='par_1_119' title="bbox 189 2832 1469 2896">
     <span class='ocr_line' id='line_1_119' title="bbox 189 2832 1469 2896; baseline -0.005 -2"><span class='ocrx_word' id='word_1_394' title='bbox 189 2832 365 2896; x_wconf 83' lang='lat' dir='ltr'><strong>ribus.</strong></span> <span class='ocrx_word' id='word_1_395' title='bbox 1019 2847 1125 2887; x_wconf 88' lang='lat' dir='ltr'><strong>me.</strong></span> <span class='ocrx_word' id='word_1_396' title='bbox 1151 2832 1279 2895; x_wconf 87' lang='lat' dir='ltr'><strong>Sed,</strong></span> <span class='ocrx_word' id='word_1_397' title='bbox 1305 2840 1362 2886; x_wconf 92' lang='lat' dir='ltr'><strong>ut</strong></span> <span class='ocrx_word' id='word_1_398' title='bbox 1386 2832 1469 2888; x_wconf 85' lang='lat' dir='ltr'><strong>iu-</strong></span> 
     </span>
    </p>
   </div>
   <div class='ocr_carea' id='block_1_120' title="bbox 188 2904 1265 2976">
    <p class='ocr_par' dir='ltr' id='par_1_120' title="bbox 188 2904 1265 2976">
     <span class='ocr_line' id='line_1_120' title="bbox 188 2904 1265 2976; baseline -0.011 -10"><span class='ocrx_word' id='word_1_399' title='bbox 188 2913 276 2966; x_wconf 89' lang='grc'><strong>44.</strong></span> <span class='ocrx_word' id='word_1_400' title='bbox 309 2909 472 2965; x_wconf 89' lang='lat' dir='ltr'><strong>Dedit</strong></span> <span class='ocrx_word' id='word_1_401' title='bbox 497 2917 700 2976; x_wconf 81' lang='lat' dir='ltr'><strong>autem,</strong></span> <span class='ocrx_word' id='word_1_402' title='bbox 1017 2904 1265 2976; x_wconf 75' lang='lat' dir='ltr'><strong>pleantur</strong></span> 
     </span>
    </p>
   </div>
   <div class='ocr_carea' id='block_1_121' title="bbox 227 2973 1346 3039">
    <p class='ocr_par' dir='ltr' id='par_1_121' title="bbox 227 2973 1346 3039">
     <span class='ocr_line' id='line_1_121' title="bbox 227 2973 1346 3039; baseline -0.005 -6"><span class='ocrx_word' id='word_1_403' title='bbox 227 2982 278 3034; x_wconf 92' lang='lat' dir='ltr'><strong>ui</strong></span> <span class='ocrx_word' id='word_1_404' title='bbox 300 2995 430 3036; x_wconf 87' lang='lat' dir='ltr'><strong>eum</strong></span> <span class='ocrx_word' id='word_1_405' title='bbox 460 2991 569 3035; x_wconf 89' lang='lat' dir='ltr'><strong>tra-</strong></span> <span class='ocrx_word' id='word_1_406' title='bbox 687 2973 694 2976; x_wconf 71' lang='grc'><em>’</em></span> <span class='ocrx_word' id='word_1_407' title='bbox 1015 2973 1346 3039; x_wconf 87' lang='lat' dir='ltr'><strong>Scripturae.</strong></span> 
     </span>
    </p>
   </div>
   <div class='ocr_carea' id='block_1_122' title="bbox 186 2995 1547 3120">
    <p class='ocr_par' dir='ltr' id='par_1_122' title="bbox 186 2995 1547 3120">
     <span class='ocr_line' id='line_1_122' title="bbox 227 2995 1346 3039; baseline -0.005 -6"><span class='ocrx_word' id='word_1_408' title='bbox 227 2997 278 3034; x_wconf 84' lang='lat' dir='ltr'><strong>ut</strong></span> <span class='ocrx_word' id='word_1_409' title='bbox 300 2995 430 3036; x_wconf 87' lang='lat' dir='ltr'><strong>eum</strong></span> <span class='ocrx_word' id='word_1_410' title='bbox 460 2995 569 3035; x_wconf 89' lang='lat' dir='ltr'><strong>tra-</strong></span> <span class='ocrx_word' id='word_1_411' title='bbox 1015 2995 1346 3039; x_wconf 69' lang='lat' dir='ltr'><strong>DCl&#39;lptur&#39;dC.</strong></span> 
     </span>
     <span class='ocr_line' id='line_1_123' title="bbox 186 2995 1547 3120; baseline -0.007 -15"><span class='ocrx_word' id='word_1_412' title='bbox 186 2995 372 3116; x_wconf 58' lang='lat' dir='ltr'><strong>gebat,</strong></span> <span class='ocrx_word' id='word_1_413' title='bbox 393 3050 633 3120; x_wconf 81' lang='lat' dir='ltr'><strong>signum,</strong></span> <span class='ocrx_word' id='word_1_414' title='bbox 1019 3044 1109 3100; x_wconf 84' lang='lat'><strong>50.</strong></span> <span class='ocrx_word' id='word_1_415' title='bbox 1133 3044 1217 3110; x_wconf 87' lang='lat' dir='ltr'><strong>Et,</strong></span> <span class='ocrx_word' id='word_1_416' title='bbox 1243 3043 1434 3120; x_wconf 68' lang='lat' dir='ltr'><strong>relicto</strong></span> <span class='ocrx_word' id='word_1_417' title='bbox 1459 3059 1547 3111; x_wconf 89' lang='lat' dir='ltr'><strong>eo,</strong></span> 
     </span>
    </p>
   </div>
   <div class='ocr_carea' id='block_1_123' title="bbox 187 3113 1391 3187">
    <p class='ocr_par' dir='ltr' id='par_1_123' title="bbox 187 3113 1391 3187">
     <span class='ocr_line' id='line_1_124' title="bbox 187 3113 1391 3187; baseline -0.008 -13"><span class='ocrx_word' id='word_1_418' title='bbox 187 3113 378 3175; x_wconf 78' lang='lat' dir='ltr'><strong>dicens</strong></span> <span class='ocrx_word' id='word_1_419' title='bbox 408 3137 424 3173; x_wconf 90' lang='lat'><strong>:</strong></span> <span class='ocrx_word' id='word_1_420' title='bbox 447 3113 659 3187; x_wconf 63' lang='lat' dir='ltr'><strong>Ductu-</strong></span> <span class='ocrx_word' id='word_1_421' title='bbox 1017 3128 1208 3187; x_wconf 75' lang='lat' dir='ltr'><strong>omnes</strong></span> <span class='ocrx_word' id='word_1_422' title='bbox 1239 3113 1391 3187; x_wconf 63' lang='lat' dir='ltr'><strong>fuge-</strong></span> 
     </span>
    </p>
   </div>
   <div class='ocr_carea' id='block_1_124' title="bbox 186 3183 1555 3259">
    <p class='ocr_par' dir='ltr' id='par_1_124' title="bbox 186 3183 1555 3259">
     <span class='ocr_line' id='line_1_125' title="bbox 186 3183 1555 3259; baseline -0.004 -13"><span class='ocrx_word' id='word_1_423' title='bbox 186 3205 425 3259; x_wconf 88' lang='lat' dir='ltr'><strong>cumque</strong></span> <span class='ocrx_word' id='word_1_424' title='bbox 444 3183 527 3245; x_wconf 75' lang='lat' dir='ltr'><strong>os-</strong></span> <span class='ocrx_word' id='word_1_425' title='bbox 1018 3184 1108 3259; x_wconf 66' lang='lat' dir='ltr'><strong>5i.</strong></span> <span class='ocrx_word' id='word_1_426' title='bbox 1139 3192 1284 3259; x_wconf 82' lang='lat' dir='ltr'><strong>runt.</strong></span> <span class='ocrx_word' id='word_1_427' title='bbox 1314 3184 1380 3238; x_wconf 88' lang='lat' dir='ltr'><strong>Et</strong></span> <span class='ocrx_word' id='word_1_428' title='bbox 1401 3183 1555 3254; x_wconf 83' lang='lat' dir='ltr'><strong>juve-</strong></span> 
     </span>
    </p>
   </div>
   <div class='ocr_carea' id='block_1_125' title="bbox 187 3255 1342 3324">
    <p class='ocr_par' dir='ltr' id='par_1_125' title="bbox 187 3255 1342 3324">
     <span class='ocr_line' id='line_1_126' title="bbox 187 3255 1342 3324; baseline -0.007 -8"><span class='ocrx_word' id='word_1_429' title='bbox 187 3255 401 3316; x_wconf 78' lang='lat' dir='ltr'><strong>culatus</strong></span> <span class='ocrx_word' id='word_1_430' title='bbox 432 3259 556 3316; x_wconf 77' lang='lat' dir='ltr'><strong>fue-</strong></span> <span class='ocrx_word' id='word_1_431' title='bbox 1017 3255 1101 3309; x_wconf 88' lang='lat' dir='ltr'><strong>nis</strong></span> <span class='ocrx_word' id='word_1_432' title='bbox 1127 3255 1342 3324; x_wconf 83' lang='lat' dir='ltr'><strong>quidam</strong></span> 
     </span>
    </p>
   </div>
   <div class='ocr_carea' id='block_1_126' title="bbox 187 3323 1345 3398">
    <p class='ocr_par' dir='ltr' id='par_1_126' title="bbox 187 3323 1345 3398">
     <span class='ocr_line' id='line_1_127' title="bbox 187 3323 1345 3398; baseline -0.007 -14"><span class='ocrx_word' id='word_1_433' title='bbox 187 3345 270 3396; x_wconf 91' lang='lat' dir='ltr'><strong>ro,</strong></span> <span class='ocrx_word' id='word_1_434' title='bbox 300 3331 420 3398; x_wconf 83' lang='lat' dir='ltr'><strong>ipse</strong></span> <span class='ocrx_word' id='word_1_435' title='bbox 446 3338 665 3387; x_wconf 76' lang='lat' dir='ltr'><strong>estzte-</strong></span> <span class='ocrx_word' id='word_1_436' title='bbox 1015 3323 1345 3398; x_wconf 73' lang='lat' dir='ltr'><strong>sequebatur</strong></span> 
     </span>
    </p>
   </div>
   <div class='ocr_carea' id='block_1_127' title="bbox 185 3395 1367 3464">
    <p class='ocr_par' dir='ltr' id='par_1_127' title="bbox 185 3395 1367 3464">
     <span class='ocr_line' id='line_1_128' title="bbox 185 3395 1367 3464; baseline -0.005 -8"><span class='ocrx_word' id='word_1_437' title='bbox 185 3395 511 3464; x_wconf 55' lang='lat' dir='ltr'><strong>netc&#39;illum,</strong></span> <span class='ocrx_word' id='word_1_438' title='bbox 1018 3408 1168 3460; x_wconf 89' lang='lat' dir='ltr'><strong>eum,</strong></span> <span class='ocrx_word' id='word_1_439' title='bbox 1198 3395 1367 3450; x_wconf 89' lang='lat' dir='ltr'><strong>amic-</strong></span> 
     </span>
    </p>
   </div>
   <div class='ocr_carea' id='block_1_128' title="bbox 185 3639 1748 3728">
    <p class='ocr_par' dir='ltr' id='par_1_128' title="bbox 185 3639 1748 3728">
     <span class='ocr_line' id='line_1_129' title="bbox 185 3639 1748 3728; baseline -0.001 0"><span class='ocrx_word' id='word_1_440' title='bbox 185 3656 242 3728; x_wconf 55' lang='lat' dir='ltr'><strong>e!</strong></span> <span class='ocrx_word' id='word_1_441' title='bbox 268 3647 592 3728; x_wconf 53' lang='lat'><strong>35999.“?!</strong></span> <span class='ocrx_word' id='word_1_442' title='bbox 631 3644 761 3728; x_wconf 69' lang='grc' dir='ltr'><strong>(ιιιὲεί</strong></span> <span class='ocrx_word' id='word_1_443' title='bbox 785 3643 835 3725; x_wconf 62' lang='grc' dir='ltr'><strong>εἰ</strong></span> <span class='ocrx_word' id='word_1_444' title='bbox 866 3639 1748 3728; x_wconf 28' lang='grc' dir='ltr'><strong>θθδιπῗίέδβῗβηὲῖκεὲἶθηίίμίίῖηῗρ</strong></span> 
     </span>
    </p>
   </div>
   <div class='ocr_carea' id='block_1_129' title="bbox 185 3711 1760 3781">
    <p class='ocr_par' dir='ltr' id='par_1_129' title="bbox 185 3711 1760 3781">
     <span class='ocr_line' id='line_1_130' title="bbox 185 3711 1760 3781; baseline -0.004 -9"><span class='ocrx_word' id='word_1_445' title='bbox 185 3711 343 3772; x_wconf 78' lang='lat' dir='ltr'><strong>ctait</strong></span> <span class='ocrx_word' id='word_1_446' title='bbox 377 3715 509 3770; x_wconf 85' lang='lat' dir='ltr'><strong>illis.</strong></span> <span class='ocrx_word' id='word_1_447' title='bbox 538 3711 778 3770; x_wconf 83' lang='lat' dir='ltr'><strong>Dorinite</strong></span> <span class='ocrx_word' id='word_1_448' title='bbox 816 3713 948 3781; x_wconf 86' lang='lat' dir='ltr'><strong>jam.</strong></span> <span class='ocrx_word' id='word_1_449' title='bbox 1001 3723 1056 3767; x_wconf 91' lang='lat' dir='ltr'><strong>et</strong></span> <span class='ocrx_word' id='word_1_450' title='bbox 1099 3712 1442 3780; x_wconf 85' lang='lat' dir='ltr'><strong>requiescite.</strong></span> <span class='ocrx_word' id='word_1_451' title='bbox 1476 3711 1643 3766; x_wconf 77' lang='lat' dir='ltr'><strong>Adest</strong></span> <span class='ocrx_word' id='word_1_452' title='bbox 1696 3714 1760 3765; x_wconf 86' lang='lat' dir='ltr'><strong>li-</strong></span> 
     </span>
    </p>
   </div>
   <div class='ocr_carea' id='block_1_130' title="bbox 186 3781 1764 3852">
    <p class='ocr_par' dir='ltr' id='par_1_130' title="bbox 186 3781 1764 3852">
     <span class='ocr_line' id='line_1_131' title="bbox 186 3781 1764 3852; baseline -0.003 -12"><span class='ocrx_word' id='word_1_453' title='bbox 186 3789 294 3852; x_wconf 85' lang='lat' dir='ltr'><strong>nis,</strong></span> <span class='ocrx_word' id='word_1_454' title='bbox 319 3787 472 3841; x_wconf 61' lang='lat' dir='ltr'><strong>Venit</strong></span> <span class='ocrx_word' id='word_1_455' title='bbox 502 3787 656 3841; x_wconf 80' lang='lat' dir='ltr'><strong>hora.</strong></span> <span class='ocrx_word' id='word_1_456' title='bbox 707 3785 846 3839; x_wconf 83' lang='lat' dir='ltr'><strong>Ecce</strong></span> <span class='ocrx_word' id='word_1_457' title='bbox 872 3782 1098 3837; x_wconf 85' lang='lat' dir='ltr'><strong>traditur</strong></span> <span class='ocrx_word' id='word_1_458' title='bbox 1126 3781 1268 3835; x_wconf 68' lang='lat' dir='ltr'><strong>filius</strong></span> <span class='ocrx_word' id='word_1_459' title='bbox 1300 3781 1534 3852; x_wconf 87' lang='lat' dir='ltr'><strong>hominis</strong></span> <span class='ocrx_word' id='word_1_460' title='bbox 1562 3781 1612 3835; x_wconf 92' lang='lat' dir='ltr'><strong>in</strong></span> <span class='ocrx_word' id='word_1_461' title='bbox 1648 3797 1764 3835; x_wconf 87' lang='lat' dir='ltr'><strong>ma-</strong></span> 
     </span>
    </p>
   </div>
   <div class='ocr_carea' id='block_1_131' title="bbox 187 3851 1765 3926">
    <p class='ocr_par' dir='ltr' id='par_1_131' title="bbox 187 3851 1765 3926">
     <span class='ocr_line' id='line_1_132' title="bbox 187 3851 1765 3926; baseline -0.003 -16"><span class='ocrx_word' id='word_1_462' title='bbox 187 3851 292 3910; x_wconf 83' lang='lat' dir='ltr'><strong>nus</strong></span> <span class='ocrx_word' id='word_1_463' title='bbox 329 3865 701 3926; x_wconf 82' lang='lat' dir='ltr'><strong>peccatorum.</strong></span> <span class='ocrx_word' id='word_1_464' title='bbox 725 3855 942 3925; x_wconf 82' lang='lat' dir='ltr'><strong>Surgite</strong></span> <span class='ocrx_word' id='word_1_465' title='bbox 966 3866 1174 3909; x_wconf 86' lang='lat' dir='ltr'><strong>eamus.</strong></span> <span class='ocrx_word' id='word_1_466' title='bbox 1210 3864 1338 3907; x_wconf 89' lang='lat' dir='ltr'><strong>ecce</strong></span> <span class='ocrx_word' id='word_1_467' title='bbox 1361 3851 1765 3922; x_wconf 85' lang='lat' dir='ltr'><strong>adpropinqua-</strong></span> 
     </span>
    </p>
   </div>
   <div class='ocr_carea' id='block_1_132' title="bbox 185 3925 725 3995">
    <p class='ocr_par' dir='ltr' id='par_1_132' title="bbox 185 3925 725 3995">
     <span class='ocr_line' id='line_1_133' title="bbox 185 3925 725 3995; baseline -0.002 -15"><span class='ocrx_word' id='word_1_468' title='bbox 185 3927 267 3982; x_wconf 81' lang='lat' dir='ltr'><strong>vit</strong></span> <span class='ocrx_word' id='word_1_469' title='bbox 291 3925 385 3995; x_wconf 83' lang='lat' dir='ltr'><strong>qui</strong></span> <span class='ocrx_word' id='word_1_470' title='bbox 411 3941 500 3995; x_wconf 78' lang='lat' dir='ltr'><strong>me</strong></span> <span class='ocrx_word' id='word_1_471' title='bbox 525 3925 725 3980; x_wconf 83' lang='lat' dir='ltr'><strong>tradet.</strong></span> 
     </span>
    </p>
   </div>
   <div class='ocr_carea' id='block_1_133' title="bbox 256 3991 1766 4063">
    <p class='ocr_par' dir='ltr' id='par_1_133' title="bbox 256 3991 1766 4063">
     <span class='ocr_line' id='line_1_134' title="bbox 256 3991 1766 4063; baseline -0.003 -12"><span class='ocrx_word' id='word_1_472' title='bbox 256 3991 326 4051; x_wconf 80' lang='lat' dir='ltr'><strong>Ei</strong></span> <span class='ocrx_word' id='word_1_473' title='bbox 357 3993 648 4051; x_wconf 83' lang='lat' dir='ltr'><strong>conlestim</strong></span> <span class='ocrx_word' id='word_1_474' title='bbox 685 3994 861 4049; x_wconf 87' lang='lat' dir='ltr'><strong>adhuc</strong></span> <span class='ocrx_word' id='word_1_475' title='bbox 884 4007 950 4049; x_wconf 91' lang='lat' dir='ltr'><strong>eo</strong></span> <span class='ocrx_word' id='word_1_476' title='bbox 975 3993 1248 4063; x_wconf 81' lang='lat' dir='ltr'><strong>loquente.</strong></span> <span class='ocrx_word' id='word_1_477' title='bbox 1276 3992 1422 4063; x_wconf 85' lang='lat' dir='ltr'><strong>venit</strong></span> <span class='ocrx_word' id='word_1_478' title='bbox 1450 3991 1476 4046; x_wconf 83' lang='lat' dir='ltr'><strong>J</strong></span> <span class='ocrx_word' id='word_1_479' title='bbox 1486 3993 1614 4046; x_wconf 88' lang='lat' dir='ltr'><strong>udas</strong></span> <span class='ocrx_word' id='word_1_480' title='bbox 1638 3992 1766 4048; x_wconf 74' lang='lat' dir='ltr'><strong>Sca~</strong></span> 
     </span>
    </p>
   </div>
   <div class='ocr_carea' id='block_1_134' title="bbox 185 4062 1760 4122">
    <p class='ocr_par' dir='ltr' id='par_1_134' title="bbox 185 4062 1760 4122">
     <span class='ocr_line' id='line_1_135' title="bbox 185 4062 1760 4122; baseline -0.004 0"><span class='ocrx_word' id='word_1_481' title='bbox 185 4067 352 4122; x_wconf 86' lang='lat' dir='ltr'><strong>riotb.</strong></span> <span class='ocrx_word' id='word_1_482' title='bbox 373 4081 516 4120; x_wconf 86' lang='lat' dir='ltr'><strong>unus</strong></span> <span class='ocrx_word' id='word_1_483' title='bbox 539 4081 606 4121; x_wconf 90' lang='lat' dir='ltr'><strong>ex</strong></span> <span class='ocrx_word' id='word_1_484' title='bbox 632 4065 936 4120; x_wconf 90' lang='lat' dir='ltr'><strong>duodecim.</strong></span> <span class='ocrx_word' id='word_1_485' title='bbox 963 4075 1015 4118; x_wconf 90' lang='lat' dir='ltr'><strong>et</strong></span> <span class='ocrx_word' id='word_1_486' title='bbox 1040 4062 1161 4117; x_wconf 89' lang='lat' dir='ltr'><strong>cum</strong></span> <span class='ocrx_word' id='word_1_487' title='bbox 1191 4062 1283 4115; x_wconf 92' lang='lat' dir='ltr'><strong>illo</strong></span> <span class='ocrx_word' id='word_1_488' title='bbox 1311 4062 1612 4114; x_wconf 91' lang='lat' dir='ltr'><strong>multitudo.</strong></span> <span class='ocrx_word' id='word_1_489' title='bbox 1639 4077 1760 4115; x_wconf 89' lang='lat' dir='ltr'><strong>cum</strong></span> 
     </span>
    </p>
   </div>
   <div class='ocr_carea' id='block_1_135' title="bbox 184 4131 1763 4204">
    <p class='ocr_par' dir='ltr' id='par_1_135' title="bbox 184 4131 1763 4204">
     <span class='ocr_line' id='line_1_136' title="bbox 184 4131 1763 4204; baseline -0.004 -14"><span class='ocrx_word' id='word_1_490' title='bbox 184 4137 380 4204; x_wconf 79' lang='lat' dir='ltr'><strong>gladiis</strong></span> <span class='ocrx_word' id='word_1_491' title='bbox 418 4144 474 4191; x_wconf 92' lang='lat' dir='ltr'><strong>et</strong></span> <span class='ocrx_word' id='word_1_492' title='bbox 512 4135 760 4190; x_wconf 70' lang='lat' dir='ltr'><strong>fustibus.</strong></span> <span class='ocrx_word' id='word_1_493' title='bbox 800 4150 831 4188; x_wconf 88' lang='lat' dir='ltr'><strong>a</strong></span> <span class='ocrx_word' id='word_1_494' title='bbox 873 4135 1108 4204; x_wconf 79' lang='lat' dir='ltr'><strong>Summis</strong></span> <span class='ocrx_word' id='word_1_495' title='bbox 1148 4131 1548 4204; x_wconf 77' lang='lat' dir='ltr'><strong>Sacerdotibus.</strong></span> <span class='ocrx_word' id='word_1_496' title='bbox 1598 4140 1669 4204; x_wconf 66' lang='lat' dir='ltr'><strong>et</strong></span> <span class='ocrx_word' id='word_1_497' title='bbox 1694 4131 1763 4185; x_wconf 92' lang='lat' dir='ltr'><strong>ab</strong></span> 
     </span>
    </p>
   </div>
   <div class='ocr_carea' id='block_1_136' title="bbox 187 4199 1763 4264">
    <p class='ocr_par' dir='ltr' id='par_1_136' title="bbox 187 4199 1763 4264">
     <span class='ocr_line' id='line_1_137' title="bbox 187 4199 1763 4264; baseline -0.006 0"><span class='ocrx_word' id='word_1_498' title='bbox 187 4199 412 4264; x_wconf 77' lang='lat' dir='ltr'><strong>Scribis.</strong></span> <span class='ocrx_word' id='word_1_499' title='bbox 439 4216 496 4261; x_wconf 89' lang='lat' dir='ltr'><strong>et</strong></span> <span class='ocrx_word' id='word_1_500' title='bbox 518 4221 550 4259; x_wconf 84' lang='lat' dir='ltr'><strong>a</strong></span> <span class='ocrx_word' id='word_1_501' title='bbox 575 4205 914 4261; x_wconf 88' lang='lat' dir='ltr'><strong>Senioribus.</strong></span> <span class='ocrx_word' id='word_1_502' title='bbox 950 4202 1180 4256; x_wconf 86' lang='lat' dir='ltr'><strong>Dederat</strong></span> <span class='ocrx_word' id='word_1_503' title='bbox 1213 4209 1389 4253; x_wconf 88' lang='lat' dir='ltr'><strong>autem</strong></span> <span class='ocrx_word' id='word_1_504' title='bbox 1430 4203 1507 4252; x_wconf 90' lang='lat' dir='ltr'><strong>eis</strong></span> <span class='ocrx_word' id='word_1_505' title='bbox 1537 4199 1763 4254; x_wconf 83' lang='lat' dir='ltr'><strong>traditor</strong></span> 
     </span>
    </p>
   </div>
   <div class='ocr_carea' id='block_1_137' title="bbox 186 4266 1761 4347">
    <p class='ocr_par' dir='ltr' id='par_1_137' title="bbox 186 4266 1761 4347">
     <span class='ocr_line' id='line_1_138' title="bbox 186 4266 1761 4347; baseline -0.006 -16"><span class='ocrx_word' id='word_1_506' title='bbox 186 4277 307 4345; x_wconf 84' lang='lat' dir='ltr'><strong>ejus</strong></span> <span class='ocrx_word' id='word_1_507' title='bbox 333 4278 546 4347; x_wconf 87' lang='lat' dir='ltr'><strong>signum</strong></span> <span class='ocrx_word' id='word_1_508' title='bbox 571 4275 785 4347; x_wconf 67' lang='lat' dir='ltr'><strong>dicens.</strong></span> <span class='ocrx_word' id='word_1_509' title='bbox 820 4270 1303 4347; x_wconf 66' lang='lat' dir='ltr'><strong>Quempsculatus</strong></span> <span class='ocrx_word' id='word_1_510' title='bbox 1325 4266 1477 4321; x_wconf 83' lang='lat' dir='ltr'><strong>fuero</strong></span> <span class='ocrx_word' id='word_1_511' title='bbox 1503 4268 1621 4347; x_wconf 79' lang='lat' dir='ltr'><strong>ipse</strong></span> <span class='ocrx_word' id='word_1_512' title='bbox 1655 4277 1761 4347; x_wconf 89' lang='lat' dir='ltr'><strong>est.</strong></span> 
     </span>
    </p>
   </div>
   <div class='ocr_carea' id='block_1_138' title="bbox 186 4337 1761 4402">
    <p class='ocr_par' dir='ltr' id='par_1_138' title="bbox 186 4337 1761 4402">
     <span class='ocr_line' id='line_1_139' title="bbox 186 4337 1761 4402; baseline -0.006 -2"><span class='ocrx_word' id='word_1_513' title='bbox 186 4337 370 4402; x_wconf 71' lang='lat' dir='ltr'><strong>ténctc</strong></span> <span class='ocrx_word' id='word_1_514' title='bbox 383 4337 539 4401; x_wconf 54' lang='lat' dir='ltr'><strong>cum.</strong></span> <span class='ocrx_word' id='word_1_515' title='bbox 574 4353 634 4400; x_wconf 89' lang='lat' dir='ltr'><strong>et</strong></span> <span class='ocrx_word' id='word_1_516' title='bbox 663 4337 1204 4398; x_wconf 57' lang='lat' dir='ltr'><strong>ducite&#39;ﬁrmissime.</strong></span> <span class='ocrx_word' id='word_1_517' title='bbox 1245 4339 1308 4391; x_wconf 81' lang='lat' dir='ltr'><strong>Et</strong></span> <span class='ocrx_word' id='word_1_518' title='bbox 1344 4351 1466 4391; x_wconf 94' lang='lat' dir='ltr'><strong>cum</strong></span> <span class='ocrx_word' id='word_1_519' title='bbox 1503 4337 1761 4392; x_wconf 76' lang='lat' dir='ltr'><strong>venisset.</strong></span> 
     </span>
    </p>
   </div>
   <div class='ocr_carea' id='block_1_139' title="bbox 187 4406 1765 4470">
    <p class='ocr_par' dir='ltr' id='par_1_139' title="bbox 187 4406 1765 4470">
     <span class='ocr_line' id='line_1_140' title="bbox 187 4406 1765 4470; baseline -0.006 0"><span class='ocrx_word' id='word_1_520' title='bbox 187 4415 374 4470; x_wconf 89' lang='lat' dir='ltr'><strong>stati</strong></span> <span class='ocrx_word' id='word_1_521' title='bbox 398 4413 664 4470; x_wconf 87' lang='lat' dir='ltr'><strong>accedens</strong></span> <span class='ocrx_word' id='word_1_522' title='bbox 686 4412 754 4466; x_wconf 89' lang='lat' dir='ltr'><strong>ad</strong></span> <span class='ocrx_word' id='word_1_523' title='bbox 779 4425 926 4465; x_wconf 89' lang='lat' dir='ltr'><strong>eum.</strong></span> <span class='ocrx_word' id='word_1_524' title='bbox 955 4409 1049 4462; x_wconf 90' lang='lat' dir='ltr'><strong>ait.</strong></span> <span class='ocrx_word' id='word_1_525' title='bbox 1077 4406 1268 4461; x_wconf 84' lang='lat' dir='ltr'><strong>Rabbi.</strong></span> <span class='ocrx_word' id='word_1_526' title='bbox 1296 4414 1351 4462; x_wconf 92' lang='lat' dir='ltr'><strong>et</strong></span> <span class='ocrx_word' id='word_1_527' title='bbox 1383 4407 1656 4461; x_wconf 88' lang='lat' dir='ltr'><strong>osculatus</strong></span> <span class='ocrx_word' id='word_1_528' title='bbox 1682 4415 1765 4462; x_wconf 92' lang='lat' dir='ltr'><strong>est</strong></span> 
     </span>
    </p>
   </div>
   <div class='ocr_carea' id='block_1_140' title="bbox 189 4477 1765 4546">
    <p class='ocr_par' dir='ltr' id='par_1_140' title="bbox 189 4477 1765 4546">
     <span class='ocr_line' id='line_1_141' title="bbox 189 4477 1765 4546; baseline -0.005 -6"><span class='ocrx_word' id='word_1_529' title='bbox 189 4500 336 4540; x_wconf 86' lang='lat' dir='ltr'><strong>cum.</strong></span> <span class='ocrx_word' id='word_1_530' title='bbox 361 4484 434 4540; x_wconf 79' lang='lat' dir='ltr'><strong>At</strong></span> <span class='ocrx_word' id='word_1_531' title='bbox 459 4483 560 4538; x_wconf 87' lang='lat' dir='ltr'><strong>illi.</strong></span> <span class='ocrx_word' id='word_1_532' title='bbox 588 4494 783 4536; x_wconf 86' lang='lat' dir='ltr'><strong>manus</strong></span> <span class='ocrx_word' id='word_1_533' title='bbox 805 4479 1106 4546; x_wconf 78' lang='lat' dir='ltr'><strong>iniecerunt</strong></span> <span class='ocrx_word' id='word_1_534' title='bbox 1130 4477 1182 4530; x_wconf 92' lang='lat' dir='ltr'><strong>in</strong></span> <span class='ocrx_word' id='word_1_535' title='bbox 1209 4491 1354 4531; x_wconf 90' lang='lat' dir='ltr'><strong>eum.</strong></span> <span class='ocrx_word' id='word_1_536' title='bbox 1382 4485 1440 4531; x_wconf 90' lang='lat' dir='ltr'><strong>et</strong></span> <span class='ocrx_word' id='word_1_537' title='bbox 1479 4485 1765 4532; x_wconf 90' lang='lat' dir='ltr'><strong>tenuerunt</strong></span> 
     </span>
    </p>
   </div>
   <div class='ocr_carea' id='block_1_141' title="bbox 187 4546 1765 4618">
    <p class='ocr_par' dir='ltr' id='par_1_141' title="bbox 187 4546 1765 4618">
     <span class='ocr_line' id='line_1_142' title="bbox 187 4546 1765 4618; baseline -0.004 -9"><span class='ocrx_word' id='word_1_538' title='bbox 187 4567 335 4609; x_wconf 86' lang='lat' dir='ltr'><strong>cum.</strong></span> <span class='ocrx_word' id='word_1_539' title='bbox 363 4553 513 4610; x_wconf 80' lang='lat' dir='ltr'><strong>Unus</strong></span> <span class='ocrx_word' id='word_1_540' title='bbox 536 4559 721 4607; x_wconf 86' lang='lat' dir='ltr'><strong>autem</strong></span> <span class='ocrx_word' id='word_1_541' title='bbox 741 4549 811 4606; x_wconf 87' lang='lat' dir='ltr'><strong>de</strong></span> <span class='ocrx_word' id='word_1_542' title='bbox 834 4546 1328 4603; x_wconf 77' lang='lat' dir='ltr'><strong>circumstantibus.</strong></span> <span class='ocrx_word' id='word_1_543' title='bbox 1352 4548 1635 4618; x_wconf 85' lang='lat' dir='ltr'><strong>evaginato</strong></span> <span class='ocrx_word' id='word_1_544' title='bbox 1655 4547 1765 4617; x_wconf 87' lang='lat' dir='ltr'><strong>gla-</strong></span> 
     </span>
    </p>
   </div>
   <div class='ocr_carea' id='block_1_142' title="bbox 1873 3643 3444 3713">
    <p class='ocr_par' dir='ltr' id='par_1_142' title="bbox 1873 3643 3444 3713">
     <span class='ocr_line' id='line_1_143' title="bbox 1873 3643 3444 3713; baseline 0 -15"><span class='ocrx_word' id='word_1_545' title='bbox 1873 3643 1982 3698; x_wconf 89' lang='lat' dir='ltr'><strong>dio.</strong></span> <span class='ocrx_word' id='word_1_546' title='bbox 2024 3643 2288 3710; x_wconf 88' lang='lat' dir='ltr'><strong>percussit</strong></span> <span class='ocrx_word' id='word_1_547' title='bbox 2322 3656 2538 3699; x_wconf 88' lang='lat' dir='ltr'><strong>servum</strong></span> <span class='ocrx_word' id='word_1_548' title='bbox 2567 3644 2832 3713; x_wconf 88' lang='lat' dir='ltr'><strong>Principis</strong></span> <span class='ocrx_word' id='word_1_549' title='bbox 2855 3645 3224 3699; x_wconf 80' lang='lat' dir='ltr'><strong>Sacerdotum.</strong></span> <span class='ocrx_word' id='word_1_550' title='bbox 3252 3652 3308 3698; x_wconf 87' lang='lat' dir='ltr'><strong>et</strong></span> <span class='ocrx_word' id='word_1_551' title='bbox 3333 3659 3444 3698; x_wconf 84' lang='lat' dir='ltr'><strong>am-</strong></span> 
     </span>
    </p>
   </div>
   <div class='ocr_carea' id='block_1_143' title="bbox 1871 3713 3446 3782">
    <p class='ocr_par' dir='ltr' id='par_1_143' title="bbox 1871 3713 3446 3782">
     <span class='ocr_line' id='line_1_144' title="bbox 1871 3713 3446 3782; baseline 0.001 -15"><span class='ocrx_word' id='word_1_552' title='bbox 1871 3714 2074 3782; x_wconf 86' lang='lat' dir='ltr'><strong>putavit</strong></span> <span class='ocrx_word' id='word_1_553' title='bbox 2100 3713 2176 3767; x_wconf 92' lang='lat' dir='ltr'><strong>illi</strong></span> <span class='ocrx_word' id='word_1_554' title='bbox 2198 3713 2491 3767; x_wconf 86' lang='lat' dir='ltr'><strong>auriculam</strong></span> <span class='ocrx_word' id='word_1_555' title='bbox 2527 3713 2790 3767; x_wconf 84' lang='lat' dir='ltr'><strong>dextram.</strong></span> <span class='ocrx_word' id='word_1_556' title='bbox 2829 3714 2896 3768; x_wconf 89' lang='lat' dir='ltr'><strong>Et</strong></span> <span class='ocrx_word' id='word_1_557' title='bbox 2923 3714 3254 3782; x_wconf 88' lang='lat' dir='ltr'><strong>respondens</strong></span> <span class='ocrx_word' id='word_1_558' title='bbox 3287 3714 3446 3770; x_wconf 82' lang='lat' dir='ltr'><strong>Jesus</strong></span> 
     </span>
    </p>
   </div>
   <div class='ocr_carea' id='block_1_144' title="bbox 1870 3783 3445 3855">
    <p class='ocr_par' dir='ltr' id='par_1_144' title="bbox 1870 3783 3445 3855">
     <span class='ocr_line' id='line_1_145' title="bbox 1870 3783 3445 3855; baseline 0.001 -19"><span class='ocrx_word' id='word_1_559' title='bbox 1870 3784 2094 3855; x_wconf 84' lang='lat' dir='ltr'><strong>aitillis.</strong></span> <span class='ocrx_word' id='word_1_560' title='bbox 2122 3783 2508 3855; x_wconf 84' lang='lat' dir='ltr'><strong>Tamquamad</strong></span> <span class='ocrx_word' id='word_1_561' title='bbox 2538 3785 2798 3855; x_wconf 80' lang='lat' dir='ltr'><strong>latronem</strong></span> <span class='ocrx_word' id='word_1_562' title='bbox 2838 3785 3055 3839; x_wconf 86' lang='lat' dir='ltr'><strong>venistis</strong></span> <span class='ocrx_word' id='word_1_563' title='bbox 3090 3799 3214 3838; x_wconf 88' lang='lat' dir='ltr'><strong>cum</strong></span> <span class='ocrx_word' id='word_1_564' title='bbox 3249 3783 3445 3855; x_wconf 78' lang='lat' dir='ltr'><strong>gladiis</strong></span> 
     </span>
    </p>
   </div>
   <div class='ocr_carea' id='block_1_145' title="bbox 1869 3853 2789 3924">
    <p class='ocr_par' dir='ltr' id='par_1_145' title="bbox 1869 3853 2789 3924">
     <span class='ocr_line' id='line_1_146' title="bbox 1869 3853 2789 3924; baseline -0.003 -14"><span class='ocrx_word' id='word_1_565' title='bbox 1869 3863 1925 3910; x_wconf 86' lang='lat' dir='ltr'><strong>et</strong></span> <span class='ocrx_word' id='word_1_566' title='bbox 1951 3854 2183 3907; x_wconf 81' lang='lat' dir='ltr'><strong>fustibus</strong></span> <span class='ocrx_word' id='word_1_567' title='bbox 2211 3853 2655 3924; x_wconf 88' lang='lat' dir='ltr'><strong>conprehendere</strong></span> <span class='ocrx_word' id='word_1_568' title='bbox 2684 3869 2789 3909; x_wconf 90' lang='lat' dir='ltr'><strong>me.</strong></span> 
     </span>
    </p>
   </div>
   <div class='ocr_carea' id='block_1_146' title="bbox 1941 3924 3443 3994">
    <p class='ocr_par' dir='ltr' id='par_1_146' title="bbox 1941 3924 3443 3994">
     <span class='ocr_line' id='line_1_147' title="bbox 1941 3924 3443 3994; baseline 0.002 -16"><span class='ocrx_word' id='word_1_569' title='bbox 1941 3924 2170 3979; x_wconf 89' lang='lat' dir='ltr'><strong>Cottidie</strong></span> <span class='ocrx_word' id='word_1_570' title='bbox 2205 3939 2352 3979; x_wconf 89' lang='lat' dir='ltr'><strong>eram</strong></span> <span class='ocrx_word' id='word_1_571' title='bbox 2380 3933 2509 3994; x_wconf 84' lang='lat' dir='ltr'><strong>aput</strong></span> <span class='ocrx_word' id='word_1_572' title='bbox 2541 3939 2658 3978; x_wconf 87' lang='lat' dir='ltr'><strong>vos.</strong></span> <span class='ocrx_word' id='word_1_573' title='bbox 2687 3925 2885 3980; x_wconf 86' lang='lat' dir='ltr'><strong>docens</strong></span> <span class='ocrx_word' id='word_1_574' title='bbox 2923 3925 2975 3978; x_wconf 91' lang='lat' dir='ltr'><strong>in</strong></span> <span class='ocrx_word' id='word_1_575' title='bbox 3005 3926 3224 3994; x_wconf 91' lang='lat' dir='ltr'><strong>templo.</strong></span> <span class='ocrx_word' id='word_1_576' title='bbox 3255 3932 3311 3980; x_wconf 89' lang='lat' dir='ltr'><strong>et</strong></span> <span class='ocrx_word' id='word_1_577' title='bbox 3337 3938 3443 3981; x_wconf 90' lang='lat' dir='ltr'><strong>non</strong></span> 
     </span>
    </p>
   </div>
   <div class='ocr_carea' id='block_1_147' title="bbox 1873 3993 3161 4062">
    <p class='ocr_par' dir='ltr' id='par_1_147' title="bbox 1873 3993 3161 4062">
     <span class='ocr_line' id='line_1_148' title="bbox 1873 3993 3161 4062; baseline 0.002 -14"><span class='ocrx_word' id='word_1_578' title='bbox 1873 4011 1958 4049; x_wconf 90' lang='lat' dir='ltr'><strong>me</strong></span> <span class='ocrx_word' id='word_1_579' title='bbox 1986 3995 2253 4048; x_wconf 86' lang='lat' dir='ltr'><strong>teuuistis.</strong></span> <span class='ocrx_word' id='word_1_580' title='bbox 2283 3993 2390 4047; x_wconf 85' lang='lat' dir='ltr'><strong>Sed</strong></span> <span class='ocrx_word' id='word_1_581' title='bbox 2420 4004 2477 4046; x_wconf 91' lang='lat' dir='ltr'><strong>ut</strong></span> <span class='ocrx_word' id='word_1_582' title='bbox 2503 3994 2809 4062; x_wconf 85' lang='lat' dir='ltr'><strong>inpleantur</strong></span> <span class='ocrx_word' id='word_1_583' title='bbox 2832 3993 3161 4051; x_wconf 83' lang='lat' dir='ltr'><strong>Scribturae.</strong></span> 
     </span>
    </p>
   </div>
   <div class='ocr_carea' id='block_1_148' title="bbox 1943 4064 3441 4133">
    <p class='ocr_par' dir='ltr' id='par_1_148' title="bbox 1943 4064 3441 4133">
     <span class='ocr_line' id='line_1_149' title="bbox 1943 4064 3441 4133; baseline 0.001 -17"><span class='ocrx_word' id='word_1_584' title='bbox 1943 4066 2007 4116; x_wconf 88' lang='lat' dir='ltr'><strong>Et</strong></span> <span class='ocrx_word' id='word_1_585' title='bbox 2033 4064 2399 4130; x_wconf 88' lang='lat' dir='ltr'><strong>relinquentes</strong></span> <span class='ocrx_word' id='word_1_586' title='bbox 2425 4079 2546 4118; x_wconf 91' lang='lat' dir='ltr'><strong>eum</strong></span> <span class='ocrx_word' id='word_1_587' title='bbox 2573 4079 2761 4118; x_wconf 87' lang='lat' dir='ltr'><strong>omnes</strong></span> <span class='ocrx_word' id='word_1_588' title='bbox 2803 4066 3068 4133; x_wconf 80' lang='lat' dir='ltr'><strong>fugerunt.</strong></span> <span class='ocrx_word' id='word_1_589' title='bbox 3107 4064 3441 4120; x_wconf 83' lang='lat' dir='ltr'><strong>Adulescens</strong></span> 
     </span>
    </p>
   </div>
   <div class='ocr_carea' id='block_1_149' title="bbox 1867 4133 3440 4201">
    <p class='ocr_par' dir='ltr' id='par_1_149' title="bbox 1867 4133 3440 4201">
     <span class='ocr_line' id='line_1_150' title="bbox 1867 4133 3440 4201; baseline 0 -15"><span class='ocrx_word' id='word_1_590' title='bbox 1867 4141 2044 4186; x_wconf 91' lang='lat' dir='ltr'><strong>autem</strong></span> <span class='ocrx_word' id='word_1_591' title='bbox 2091 4133 2306 4201; x_wconf 89' lang='lat' dir='ltr'><strong>quidam</strong></span> <span class='ocrx_word' id='word_1_592' title='bbox 2345 4133 2673 4200; x_wconf 83' lang='lat' dir='ltr'><strong>sequebatur</strong></span> <span class='ocrx_word' id='word_1_593' title='bbox 2711 4133 2883 4186; x_wconf 92' lang='lat' dir='ltr'><strong>illum.</strong></span> <span class='ocrx_word' id='word_1_594' title='bbox 2924 4133 3154 4187; x_wconf 83' lang='lat' dir='ltr'><strong>amictus</strong></span> <span class='ocrx_word' id='word_1_595' title='bbox 3192 4133 3440 4189; x_wconf 84' lang='lat' dir='ltr'><strong>sindone.</strong></span> 
     </span>
    </p>
   </div>
   <div class='ocr_carea' id='block_1_150' title="bbox 1865 4203 3442 4258">
    <p class='ocr_par' dir='ltr' id='par_1_150' title="bbox 1865 4203 3442 4258">
     <span class='ocr_line' id='line_1_151' title="bbox 1865 4203 3442 4258; baseline 0.001 -3"><span class='ocrx_word' id='word_1_596' title='bbox 1865 4203 2008 4255; x_wconf 89' lang='lat' dir='ltr'><strong>sicut</strong></span> <span class='ocrx_word' id='word_1_597' title='bbox 2033 4212 2150 4256; x_wconf 92' lang='lat' dir='ltr'><strong>erat</strong></span> <span class='ocrx_word' id='word_1_598' title='bbox 2188 4203 2382 4256; x_wconf 83' lang='lat' dir='ltr'><strong>nudus.</strong></span> <span class='ocrx_word' id='word_1_599' title='bbox 2413 4211 2468 4254; x_wconf 92' lang='lat' dir='ltr'><strong>et</strong></span> <span class='ocrx_word' id='word_1_600' title='bbox 2504 4210 2792 4256; x_wconf 90' lang='lat' dir='ltr'><strong>tenuerunt</strong></span> <span class='ocrx_word' id='word_1_601' title='bbox 2815 4218 2958 4257; x_wconf 91' lang='lat' dir='ltr'><strong>eum.</strong></span> <span class='ocrx_word' id='word_1_602' title='bbox 3002 4203 3080 4256; x_wconf 85' lang='lat' dir='ltr'><strong>Ad</strong></span> <span class='ocrx_word' id='word_1_603' title='bbox 3121 4203 3214 4258; x_wconf 90' lang='lat' dir='ltr'><strong>ille</strong></span> <span class='ocrx_word' id='word_1_604' title='bbox 3254 4205 3442 4258; x_wconf 88' lang='lat' dir='ltr'><strong>relicta</strong></span> 
     </span>
    </p>
   </div>
   <div class='ocr_carea' id='block_1_151' title="bbox 1865 4269 3442 4338">
    <p class='ocr_par' dir='ltr' id='par_1_151' title="bbox 1865 4269 3442 4338">
     <span class='ocr_line' id='line_1_152' title="bbox 1865 4269 3442 4338; baseline 0.003 -14"><span class='ocrx_word' id='word_1_605' title='bbox 1865 4271 2108 4325; x_wconf 90' lang='lat' dir='ltr'><strong>sindone.</strong></span> <span class='ocrx_word' id='word_1_606' title='bbox 2139 4270 2312 4324; x_wconf 91' lang='lat' dir='ltr'><strong>nudus</strong></span> <span class='ocrx_word' id='word_1_607' title='bbox 2338 4269 2470 4338; x_wconf 78' lang='lat' dir='ltr'><strong>fugit</strong></span> <span class='ocrx_word' id='word_1_608' title='bbox 2495 4270 2564 4324; x_wconf 86' lang='lat' dir='ltr'><strong>ab</strong></span> <span class='ocrx_word' id='word_1_609' title='bbox 2589 4272 2687 4326; x_wconf 91' lang='lat' dir='ltr'><strong>eis.</strong></span> <span class='ocrx_word' id='word_1_610' title='bbox 2716 4272 2784 4325; x_wconf 90' lang='lat' dir='ltr'><strong>Et</strong></span> <span class='ocrx_word' id='word_1_611' title='bbox 2808 4271 3139 4328; x_wconf 88' lang='lat' dir='ltr'><strong>adduxerunt</strong></span> <span class='ocrx_word' id='word_1_612' title='bbox 3167 4273 3349 4329; x_wconf 81' lang='lat' dir='ltr'><strong>Jesum</strong></span> <span class='ocrx_word' id='word_1_613' title='bbox 3373 4272 3442 4329; x_wconf 85' lang='lat' dir='ltr'><strong>ad</strong></span> 
     </span>
    </p>
   </div>
   <div class='ocr_carea' id='block_1_152' title="bbox 1865 4339 3297 4409">
    <p class='ocr_par' dir='ltr' id='par_1_152' title="bbox 1865 4339 3297 4409">
     <span class='ocr_line' id='line_1_153' title="bbox 1865 4339 3297 4409; baseline 0.003 -15"><span class='ocrx_word' id='word_1_614' title='bbox 1865 4339 2168 4409; x_wconf 88' lang='lat' dir='ltr'><strong>Principem</strong></span> <span class='ocrx_word' id='word_1_615' title='bbox 2195 4339 2569 4395; x_wconf 86' lang='lat' dir='ltr'><strong>Sacerdotum.</strong></span> <span class='ocrx_word' id='word_1_616' title='bbox 2597 4351 2650 4394; x_wconf 91' lang='lat' dir='ltr'><strong>ct</strong></span> <span class='ocrx_word' id='word_1_617' title='bbox 2674 4356 2915 4397; x_wconf 87' lang='lat' dir='ltr'><strong>convene</strong></span> <span class='ocrx_word' id='word_1_618' title='bbox 2939 4381 2953 4395; x_wconf 95' lang='lat'><strong>.</strong></span> <span class='ocrx_word' id='word_1_619' title='bbox 2981 4379 2996 4394; x_wconf 94' lang='lat'><strong>.</strong></span> <span class='ocrx_word' id='word_1_620' title='bbox 3023 4379 3039 4393; x_wconf 93' lang='lat'><strong>.</strong></span> <span class='ocrx_word' id='word_1_621' title='bbox 3066 4381 3080 4395; x_wconf 96' lang='lat'><strong>.</strong></span> <span class='ocrx_word' id='word_1_622' title='bbox 3107 4378 3124 4396; x_wconf 94' lang='lat'><strong>.</strong></span> <span class='ocrx_word' id='word_1_623' title='bbox 3152 4381 3167 4396; x_wconf 94' lang='lat'><strong>.</strong></span> <span class='ocrx_word' id='word_1_624' title='bbox 3195 4381 3211 4398; x_wconf 96' lang='lat'><strong>.</strong></span> <span class='ocrx_word' id='word_1_625' title='bbox 3239 4381 3253 4396; x_wconf 95' lang='lat'><strong>.</strong></span> <span class='ocrx_word' id='word_1_626' title='bbox 3281 4383 3297 4398; x_wconf 96' lang='lat'><strong>.</strong></span> 
     </span>
    </p>
   </div>
   <div class='ocr_carea' id='block_1_153' title="bbox 1930 4408 3446 4484">
    <p class='ocr_par' dir='ltr' id='par_1_153' title="bbox 1930 4408 3446 4484">
     <span class='ocr_line' id='line_1_154' title="bbox 1930 4408 3446 4484; baseline 0.005 -22"><span class='ocrx_word' id='word_1_627' title='bbox 1930 4408 2253 4484; x_wconf 50' lang='lat' dir='ltr'><strong>Mutiluseu</strong></span> <span class='ocrx_word' id='word_1_628' title='bbox 2272 4409 2436 4463; x_wconf 65' lang='lat' dir='ltr'><strong>codex</strong></span> <span class='ocrx_word' id='word_1_629' title='bbox 2460 4410 2650 4482; x_wconf 82' lang='lat' dir='ltr'><strong>pagina</strong></span> <span class='ocrx_word' id='word_1_630' title='bbox 2677 4411 2900 4484; x_wconf 82' lang='lat' dir='ltr'><strong>integra,</strong></span> <span class='ocrx_word' id='word_1_631' title='bbox 2927 4411 3119 4467; x_wconf 74' lang='lat' dir='ltr'><strong>scilicet</strong></span> <span class='ocrx_word' id='word_1_632' title='bbox 3146 4430 3179 4469; x_wconf 88' lang='lat' dir='ltr'><strong>a</strong></span> <span class='ocrx_word' id='word_1_633' title='bbox 3206 4429 3351 4470; x_wconf 75' lang='lat' dir='ltr'><strong>versu</strong></span> <span class='ocrx_word' id='word_1_634' title='bbox 3374 4414 3446 4470; x_wconf 76' lang='lat'><strong>53</strong></span> 
     </span>
    </p>
   </div>
   <div class='ocr_carea' id='block_1_154' title="bbox 1867 4480 2238 4548">
    <p class='ocr_par' dir='ltr' id='par_1_154' title="bbox 1867 4480 2238 4548">
     <span class='ocr_line' id='line_1_155' title="bbox 1867 4480 2238 4548; baseline -0.005 -14"><span class='ocrx_word' id='word_1_635' title='bbox 1867 4495 2025 4548; x_wconf 76' lang='lat' dir='ltr'><strong>usque</strong></span> <span class='ocrx_word' id='word_1_636' title='bbox 2051 4481 2119 4534; x_wconf 87' lang='lat' dir='ltr'><strong>ad</strong></span> <span class='ocrx_word' id='word_1_637' title='bbox 2146 4480 2238 4534; x_wconf 76' lang='lat'><strong>62.</strong></span> 
     </span>
    </p>
   </div>
   <div class='ocr_carea' id='block_1_155' title="bbox 1939 4549 2569 4622">
    <p class='ocr_par' dir='ltr' id='par_1_155' title="bbox 1939 4549 2569 4622">
     <span class='ocr_line' id='line_1_156' title="bbox 1939 4549 2569 4622; baseline 0.005 -17"><span class='ocrx_word' id='word_1_638' title='bbox 1939 4549 2096 4606; x_wconf 82' lang='lat' dir='ltr'><strong>Jesus</strong></span> <span class='ocrx_word' id='word_1_639' title='bbox 2109 4551 2448 4622; x_wconf 59' lang='lat' dir='ltr'><strong>autemjdixit</strong></span> <span class='ocrx_word' id='word_1_640' title='bbox 2472 4551 2569 4608; x_wconf 88' lang='lat' dir='ltr'><strong>illi.</strong></span> 
     </span>
    </p>
   </div>
   <div class='ocr_carea' id='block_1_156' title="bbox 1465 4659 2234 4722">
    <p class='ocr_par' dir='ltr' id='par_1_156' title="bbox 1465 4659 2234 4722">
     <span class='ocr_line' id='line_1_157' title="bbox 1465 4659 2234 4722; baseline 0.003 -6"><span class='ocrx_word' id='word_1_641' title='bbox 1465 4659 1694 4716; x_wconf 85' lang='lat' dir='ltr'><strong>CODEX</strong></span> <span class='ocrx_word' id='word_1_642' title='bbox 1731 4660 2204 4722; x_wconf 80' lang='lat' dir='ltr'><strong>CORBEIENSIS.</strong></span> <span class='ocrx_word' id='word_1_643' title='bbox 2217 4668 2234 4701; x_wconf 79' lang='grc'>¹</span> 
     </span>
    </p>
   </div>
   <div class='ocr_carea' id='block_1_157' title="bbox 255 4751 1766 4824">
    <p class='ocr_par' dir='ltr' id='par_1_157' title="bbox 255 4751 1766 4824">
     <span class='ocr_line' id='line_1_158' title="bbox 255 4751 1766 4824; baseline -0.001 -14"><span class='ocrx_word' id='word_1_644' title='bbox 255 4755 348 4810; x_wconf 78' lang='grc'><strong>41.</strong></span> <span class='ocrx_word' id='word_1_645' title='bbox 382 4752 623 4811; x_wconf 84' lang='lat' dir='ltr'><strong>Dormite</strong></span> <span class='ocrx_word' id='word_1_646' title='bbox 645 4754 868 4824; x_wconf 78' lang='lat' dir='ltr'><strong>jam._et</strong></span> <span class='ocrx_word' id='word_1_647' title='bbox 893 4751 1237 4823; x_wconf 86' lang='lat' dir='ltr'><strong>requiescite.</strong></span> <span class='ocrx_word' id='word_1_648' title='bbox 1269 4751 1440 4809; x_wconf 80' lang='lat' dir='ltr'><strong>Adest</strong></span> <span class='ocrx_word' id='word_1_649' title='bbox 1465 4752 1608 4809; x_wconf 90' lang='lat' dir='ltr'><strong>enim</strong></span> <span class='ocrx_word' id='word_1_650' title='bbox 1641 4766 1766 4808; x_wconf 90' lang='lat' dir='ltr'><strong>con-</strong></span> 
     </span>
    </p>
   </div>
   <div class='ocr_carea' id='block_1_158' title="bbox 191 4822 1449 4883">
    <p class='ocr_par' dir='ltr' id='par_1_158' title="bbox 191 4822 1449 4883">
     <span class='ocr_line' id='line_1_159' title="bbox 191 4822 1449 4883; baseline -0.008 0"><span class='ocrx_word' id='word_1_651' title='bbox 191 4825 482 4883; x_wconf 78' lang='lat' dir='ltr'><strong>summatio</strong></span> <span class='ocrx_word' id='word_1_652' title='bbox 504 4841 520 4878; x_wconf 91' lang='lat'><strong>:</strong></span> <span class='ocrx_word' id='word_1_653' title='bbox 548 4833 607 4880; x_wconf 86' lang='lat' dir='ltr'><strong>et</strong></span> <span class='ocrx_word' id='word_1_654' title='bbox 623 4822 776 4879; x_wconf 69' lang='lat' dir='ltr'><strong>venit</strong></span> <span class='ocrx_word' id='word_1_655' title='bbox 798 4822 953 4877; x_wconf 85' lang='lat' dir='ltr'><strong>hora.</strong></span> <span class='ocrx_word' id='word_1_656' title='bbox 973 4822 984 4823; x_wconf 50' lang='grc'><strong>“</strong></span> <span class='ocrx_word' id='word_1_657' title='bbox 1435 4829 1449 4841; x_wconf 92' lang='grc'><strong>·</strong></span> 
     </span>
    </p>
   </div>
   <div class='ocr_carea' id='block_1_159' title="bbox 254 4893 1278 4963">
    <p class='ocr_par' dir='ltr' id='par_1_159' title="bbox 254 4893 1278 4963">
     <span class='ocr_line' id='line_1_160' title="bbox 254 4893 1278 4963; baseline 0 -15"><span class='ocrx_word' id='word_1_658' title='bbox 254 4895 352 4948; x_wconf 74' lang='grc'><strong>42.</strong></span> <span class='ocrx_word' id='word_1_659' title='bbox 386 4909 520 4950; x_wconf 86' lang='lat' dir='ltr'><strong>ecce</strong></span> <span class='ocrx_word' id='word_1_660' title='bbox 549 4893 819 4963; x_wconf 80' lang='lat' dir='ltr'><strong>proximat</strong></span> <span class='ocrx_word' id='word_1_661' title='bbox 843 4893 1076 4963; x_wconf 79' lang='lat' dir='ltr'><strong>traditor</strong></span> <span class='ocrx_word' id='word_1_662' title='bbox 1105 4908 1278 4948; x_wconf 88' lang='lat' dir='ltr'><strong>meus.</strong></span> 
     </span>
    </p>
   </div>
   <div class='ocr_carea' id='block_1_160' title="bbox 256 4961 1761 5048">
    <p class='ocr_par' dir='ltr' id='par_1_160' title="bbox 256 4961 1761 5048">
     <span class='ocr_line' id='line_1_161' title="bbox 256 4961 1761 5048; baseline 0 -28"><span class='ocrx_word' id='word_1_663' title='bbox 256 4965 349 5048; x_wconf 76' lang='grc'><strong>43.</strong></span> <span class='ocrx_word' id='word_1_664' title='bbox 377 4979 502 5046; x_wconf 77' lang='lat' dir='ltr'><strong>cum</strong></span> <span class='ocrx_word' id='word_1_665' title='bbox 540 4961 735 5048; x_wconf 69' lang='lat' dir='ltr'><strong>gladiis</strong></span> <span class='ocrx_word' id='word_1_666' title='bbox 759 4971 818 5018; x_wconf 90' lang='lat' dir='ltr'><strong>et</strong></span> <span class='ocrx_word' id='word_1_667' title='bbox 841 4961 1093 5028; x_wconf 80' lang='lat' dir='ltr'><strong>fustibus,</strong></span> <span class='ocrx_word' id='word_1_668' title='bbox 1123 4977 1154 5016; x_wconf 86' lang='lat' dir='ltr'><strong>a</strong></span> <span class='ocrx_word' id='word_1_669' title='bbox 1206 4961 1549 5031; x_wconf 83' lang='lat' dir='ltr'><strong>Principibus</strong></span> <span class='ocrx_word' id='word_1_670' title='bbox 1575 4961 1761 5020; x_wconf 84' lang='lat' dir='ltr'><strong>Sacer-</strong></span> 
     </span>
    </p>
   </div>
   <div class='ocr_carea' id='block_1_161' title="bbox 191 5035 587 5092">
    <p class='ocr_par' dir='ltr' id='par_1_161' title="bbox 191 5035 587 5092">
     <span class='ocr_line' id='line_1_162' title="bbox 191 5035 587 5092; baseline -0.008 0"><span class='ocrx_word' id='word_1_671' title='bbox 191 5035 380 5092; x_wconf 85' lang='lat' dir='ltr'><strong>dotum</strong></span> <span class='ocrx_word' id='word_1_672' title='bbox 410 5035 587 5090; x_wconf 82' lang='lat' dir='ltr'><strong>missi.</strong></span> 
     </span>
    </p>
   </div>
   <div class='ocr_carea' id='block_1_162' title="bbox 256 5101 1337 5170">
    <p class='ocr_par' dir='ltr' id='par_1_162' title="bbox 256 5101 1337 5170">
     <span class='ocr_line' id='line_1_163' title="bbox 256 5101 1337 5170; baseline -0.004 -12"><span class='ocrx_word' id='word_1_673' title='bbox 256 5104 353 5158; x_wconf 86' lang='grc'><strong>44.</strong></span> <span class='ocrx_word' id='word_1_674' title='bbox 378 5114 560 5160; x_wconf 80' lang='lat' dir='ltr'><strong>tenete</strong></span> <span class='ocrx_word' id='word_1_675' title='bbox 579 5118 726 5166; x_wconf 86' lang='lat' dir='ltr'><strong>eum,</strong></span> <span class='ocrx_word' id='word_1_676' title='bbox 747 5111 804 5156; x_wconf 82' lang='lat' dir='ltr'><strong>et</strong></span> <span class='ocrx_word' id='word_1_677' title='bbox 829 5101 1008 5156; x_wconf 85' lang='lat' dir='ltr'><strong>ducite</strong></span> <span class='ocrx_word' id='word_1_678' title='bbox 1035 5101 1337 5170; x_wconf 84' lang='lat' dir='ltr'><strong>diligenter.</strong></span> 
     </span>
    </p>
   </div>
   <div class='ocr_carea' id='block_1_163' title="bbox 256 5171 1488 5233">
    <p class='ocr_par' dir='ltr' id='par_1_163' title="bbox 256 5171 1488 5233">
     <span class='ocr_line' id='line_1_164' title="bbox 256 5171 1488 5233; baseline -0.004 -4"><span class='ocrx_word' id='word_1_679' title='bbox 256 5173 354 5229; x_wconf 86' lang='grc'><strong>45.</strong></span> <span class='ocrx_word' id='word_1_680' title='bbox 376 5175 454 5226; x_wconf 90' lang='lat' dir='ltr'><strong>ait</strong></span> <span class='ocrx_word' id='word_1_681' title='bbox 478 5173 558 5226; x_wconf 93' lang='lat' dir='ltr'><strong>illi</strong></span> <span class='ocrx_word' id='word_1_682' title='bbox 580 5188 598 5224; x_wconf 85' lang='lat'><strong>:</strong></span> <span class='ocrx_word' id='word_1_683' title='bbox 632 5171 820 5233; x_wconf 79' lang='lat' dir='ltr'><strong>Babbi,</strong></span> <span class='ocrx_word' id='word_1_684' title='bbox 848 5179 906 5225; x_wconf 91' lang='lat' dir='ltr'><strong>et</strong></span> <span class='ocrx_word' id='word_1_685' title='bbox 931 5172 1201 5225; x_wconf 86' lang='lat' dir='ltr'><strong>osculatus</strong></span> <span class='ocrx_word' id='word_1_686' title='bbox 1232 5180 1313 5225; x_wconf 87' lang='lat' dir='ltr'><strong>est</strong></span> <span class='ocrx_word' id='word_1_687' title='bbox 1344 5185 1488 5226; x_wconf 91' lang='lat' dir='ltr'><strong>eum.</strong></span> 
     </span>
    </p>
   </div>
   <div class='ocr_carea' id='block_1_164' title="bbox 257 5240 1753 5313">
    <p class='ocr_par' dir='ltr' id='par_1_164' title="bbox 257 5240 1753 5313">
     <span class='ocr_line' id='line_1_165' title="bbox 257 5240 1753 5313; baseline 0.003 -19"><span class='ocrx_word' id='word_1_688' title='bbox 257 5241 350 5295; x_wconf 86' lang='grc'><strong>47.</strong></span> <span class='ocrx_word' id='word_1_689' title='bbox 374 5241 449 5313; x_wconf 75' lang='lat' dir='ltr'><strong>Et</strong></span> <span class='ocrx_word' id='word_1_690' title='bbox 482 5255 624 5295; x_wconf 83' lang='lat' dir='ltr'><strong>unus</strong></span> <span class='ocrx_word' id='word_1_691' title='bbox 647 5240 718 5295; x_wconf 85' lang='lat' dir='ltr'><strong>de</strong></span> <span class='ocrx_word' id='word_1_692' title='bbox 753 5240 1224 5297; x_wconf 87' lang='lat' dir='ltr'><strong>circumstantibus</strong></span> <span class='ocrx_word' id='word_1_693' title='bbox 1251 5252 1502 5312; x_wconf 89' lang='lat' dir='ltr'><strong>exempto</strong></span> <span class='ocrx_word' id='word_1_694' title='bbox 1549 5241 1753 5313; x_wconf 87' lang='lat' dir='ltr'><strong>gladio,</strong></span> 
     </span>
    </p>
   </div>
   <div class='ocr_carea' id='block_1_165' title="bbox 191 5310 724 5383">
    <p class='ocr_par' dir='ltr' id='par_1_165' title="bbox 191 5310 724 5383">
     <span class='ocr_line' id='line_1_166' title="bbox 191 5310 724 5383; baseline -0.002 -15"><span class='ocrx_word' id='word_1_695' title='bbox 191 5310 460 5383; x_wconf 64' lang='lat' dir='ltr'><strong>percussit</strong></span> <span class='ocrx_word' id='word_1_696' title='bbox 481 5323 724 5367; x_wconf 79' lang='lat' dir='ltr'><strong>servum.</strong></span> 
     </span>
    </p>
   </div>
   <div class='ocr_carea' id='block_1_166' title="bbox 1935 4755 2788 4824">
    <p class='ocr_par' dir='ltr' id='par_1_166' title="bbox 1935 4755 2788 4824">
     <span class='ocr_line' id='line_1_167' title="bbox 1935 4755 2788 4824; baseline 0 -16"><span class='ocrx_word' id='word_1_697' title='bbox 1935 4756 2025 4809; x_wconf 79' lang='grc'><strong>48.</strong></span> <span class='ocrx_word' id='word_1_698' title='bbox 2055 4770 2176 4810; x_wconf 91' lang='lat' dir='ltr'><strong>cum</strong></span> <span class='ocrx_word' id='word_1_699' title='bbox 2200 4755 2415 4824; x_wconf 85' lang='lat' dir='ltr'><strong>gladiis,</strong></span> <span class='ocrx_word' id='word_1_700' title='bbox 2445 4764 2501 4812; x_wconf 90' lang='lat' dir='ltr'><strong>et</strong></span> <span class='ocrx_word' id='word_1_701' title='bbox 2534 4755 2788 4813; x_wconf 82' lang='lat' dir='ltr'><strong>fustibus.</strong></span> 
     </span>
    </p>
   </div>
   <div class='ocr_carea' id='block_1_167' title="bbox 1933 4825 3204 4896">
    <p class='ocr_par' dir='ltr' id='par_1_167' title="bbox 1933 4825 3204 4896">
     <span class='ocr_line' id='line_1_168' title="bbox 1933 4825 3204 4896; baseline 0.003 -16"><span class='ocrx_word' id='word_1_702' title='bbox 1933 4827 2023 4896; x_wconf 67' lang='grc'><strong>51.</strong></span> <span class='ocrx_word' id='word_1_703' title='bbox 2054 4826 2283 4880; x_wconf 88' lang='lat' dir='ltr'><strong>amictus</strong></span> <span class='ocrx_word' id='word_1_704' title='bbox 2311 4825 2538 4881; x_wconf 91' lang='lat' dir='ltr'><strong>sindone</strong></span> <span class='ocrx_word' id='word_1_705' title='bbox 2565 4841 2727 4895; x_wconf 85' lang='lat' dir='ltr'><strong>supra</strong></span> <span class='ocrx_word' id='word_1_706' title='bbox 2758 4825 2958 4881; x_wconf 90' lang='lat' dir='ltr'><strong>nudum</strong></span> <span class='ocrx_word' id='word_1_707' title='bbox 2988 4842 3204 4896; x_wconf 87' lang='lat' dir='ltr'><strong>corpus.</strong></span> 
     </span>
    </p>
   </div>
   <div class='ocr_carea' id='block_1_168' title="bbox 1932 4894 3190 4954">
    <p class='ocr_par' dir='ltr' id='par_1_168' title="bbox 1932 4894 3190 4954">
     <span class='ocr_line' id='line_1_169' title="bbox 1932 4894 3190 4954; baseline 0.004 -6"><span class='ocrx_word' id='word_1_708' title='bbox 1932 4894 2024 4948; x_wconf 85' lang='lat'><strong>56.</strong></span> <span class='ocrx_word' id='word_1_709' title='bbox 2057 4904 2112 4949; x_wconf 90' lang='lat' dir='ltr'><strong>et</strong></span> <span class='ocrx_word' id='word_1_710' title='bbox 2138 4910 2244 4948; x_wconf 93' lang='lat' dir='ltr'><strong>non</strong></span> <span class='ocrx_word' id='word_1_711' title='bbox 2271 4905 2428 4949; x_wconf 88' lang='lat' dir='ltr'><strong>erant</strong></span> <span class='ocrx_word' id='word_1_712' title='bbox 2456 4894 2831 4952; x_wconf 82' lang='lat' dir='ltr'><strong>convenientia</strong></span> <span class='ocrx_word' id='word_1_713' title='bbox 2863 4894 3190 4954; x_wconf 84' lang='lat' dir='ltr'><strong>testimonia.</strong></span> 
     </span>
    </p>
   </div>
   <div class='ocr_carea' id='block_1_169' title="bbox 1932 4963 2609 5034">
    <p class='ocr_par' dir='ltr' id='par_1_169' title="bbox 1932 4963 2609 5034">
     <span class='ocr_line' id='line_1_170' title="bbox 1932 4963 2609 5034; baseline 0.001 -17"><span class='ocrx_word' id='word_1_714' title='bbox 1932 4964 2022 5018; x_wconf 88' lang='lat'><strong>57.</strong></span> <span class='ocrx_word' id='word_1_715' title='bbox 2052 4965 2121 5034; x_wconf 81' lang='lat' dir='ltr'><strong>Et</strong></span> <span class='ocrx_word' id='word_1_716' title='bbox 2146 4963 2242 5018; x_wconf 91' lang='lat' dir='ltr'><strong>alii</strong></span> <span class='ocrx_word' id='word_1_717' title='bbox 2264 4973 2609 5034; x_wconf 87' lang='lat' dir='ltr'><strong>exurgentes.</strong></span> 
     </span>
    </p>
   </div>
   <div class='ocr_carea' id='block_1_170' title="bbox 1931 5033 3441 5108">
    <p class='ocr_par' dir='ltr' id='par_1_170' title="bbox 1931 5033 3441 5108">
     <span class='ocr_line' id='line_1_171' title="bbox 1931 5033 3441 5108; baseline 0.006 -20"><span class='ocrx_word' id='word_1_718' title='bbox 1931 5035 2022 5088; x_wconf 86' lang='grc'><strong>58.</strong></span> <span class='ocrx_word' id='word_1_719' title='bbox 2062 5033 2176 5108; x_wconf 87' lang='lat' dir='ltr'><strong>_E_go</strong></span> <span class='ocrx_word' id='word_1_720' title='bbox 2202 5033 2474 5108; x_wconf 74' lang='lat' dir='ltr'><strong>destruam</strong></span> <span class='ocrx_word' id='word_1_721' title='bbox 2505 5035 2762 5108; x_wconf 80' lang='lat' dir='ltr'><strong>templum</strong></span> <span class='ocrx_word' id='word_1_722' title='bbox 2804 5035 2899 5092; x_wconf 92' lang='lat' dir='ltr'><strong>Dei</strong></span> <span class='ocrx_word' id='word_1_723' title='bbox 2940 5037 3302 5094; x_wconf 80' lang='lat' dir='ltr'><strong>manufactum</strong></span> <span class='ocrx_word' id='word_1_724' title='bbox 3328 5082 3345 5108; x_wconf 91' lang='lat'><strong>,</strong></span> <span class='ocrx_word' id='word_1_725' title='bbox 3385 5051 3441 5098; x_wconf 92' lang='lat' dir='ltr'><strong>et</strong></span> 
     </span>
    </p>
   </div>
   <div class='ocr_carea' id='block_1_171' title="bbox 1862 5102 3264 5172">
    <p class='ocr_par' dir='ltr' id='par_1_171' title="bbox 1862 5102 3264 5172">
     <span class='ocr_line' id='line_1_172' title="bbox 1862 5102 3264 5172; baseline 0.006 -16"><span class='ocrx_word' id='word_1_726' title='bbox 1862 5111 1982 5172; x_wconf 82' lang='lat' dir='ltr'><strong>post</strong></span> <span class='ocrx_word' id='word_1_727' title='bbox 2011 5102 2243 5172; x_wconf 69' lang='lat' dir='ltr'><strong>triduum</strong></span> <span class='ocrx_word' id='word_1_728' title='bbox 2273 5103 2415 5157; x_wconf 87' lang='lat' dir='ltr'><strong>aliud</strong></span> <span class='ocrx_word' id='word_1_729' title='bbox 2443 5102 2718 5161; x_wconf 75' lang='lat' dir='ltr'><strong>suscitabo</strong></span> <span class='ocrx_word' id='word_1_730' title='bbox 2748 5121 2854 5160; x_wconf 92' lang='lat' dir='ltr'><strong>non</strong></span> <span class='ocrx_word' id='word_1_731' title='bbox 2883 5109 3264 5164; x_wconf 84' lang='lat' dir='ltr'><strong>manul‘actum.</strong></span> 
     </span>
    </p>
   </div>
   <div class='ocr_carea' id='block_1_172' title="bbox 1928 5170 3292 5243">
    <p class='ocr_par' dir='ltr' id='par_1_172' title="bbox 1928 5170 3292 5243">
     <span class='ocr_line' id='line_1_173' title="bbox 1928 5170 3292 5243; baseline 0.007 -19"><span class='ocrx_word' id='word_1_732' title='bbox 1928 5171 2018 5243; x_wconf 76' lang='grc'><strong>59.</strong></span> <span class='ocrx_word' id='word_1_733' title='bbox 2048 5170 2114 5243; x_wconf 61' lang='grc' dir='ltr'><strong>ξς</strong></span> <span class='ocrx_word' id='word_1_734' title='bbox 2141 5186 2248 5226; x_wconf 92' lang='lat' dir='ltr'><strong>non</strong></span> <span class='ocrx_word' id='word_1_735' title='bbox 2273 5180 2432 5227; x_wconf 85' lang='lat' dir='ltr'><strong>erant</strong></span> <span class='ocrx_word' id='word_1_736' title='bbox 2456 5175 2697 5243; x_wconf 87' lang='lat' dir='ltr'><strong>aequalia</strong></span> <span class='ocrx_word' id='word_1_737' title='bbox 2723 5177 3030 5231; x_wconf 86' lang='lat' dir='ltr'><strong>testimonia</strong></span> <span class='ocrx_word' id='word_1_738' title='bbox 3057 5179 3292 5234; x_wconf 88' lang='lat' dir='ltr'><strong>illorum.</strong></span> 
     </span>
    </p>
   </div>
   <div class='ocr_carea' id='block_1_173' title="bbox 1928 5239 3439 5329">
    <p class='ocr_par' dir='ltr' id='par_1_173' title="bbox 1928 5239 3439 5329">
     <span class='ocr_line' id='line_1_174' title="bbox 1928 5239 3439 5329; baseline 0.002 0"><span class='ocrx_word' id='word_1_739' title='bbox 1928 5239 2603 5329; x_wconf 55' lang='grc' dir='ltr'><strong>⁶¹.;.,ἓ¹ιθ,ξ·ει,εςιει,.ιεσιεξὶε</strong></span> <span class='ocrx_word' id='word_1_740' title='bbox 2644 5245 2867 5329; x_wconf 53' lang='lat' dir='ltr'><strong>ean!!!&quot;</strong></span> <span class='ocrx_word' id='word_1_741' title='bbox 2906 5247 3202 5329; x_wconf 63' lang='grc' dir='ltr'><strong>τθξροξιξιίιο</strong></span> <span class='ocrx_word' id='word_1_742' title='bbox 3244 5250 3439 5308; x_wconf 72' lang='lat' dir='ltr'><strong>&quot;mw</strong></span> 
     </span>
    </p>
   </div>
   <div class='ocr_carea' id='block_1_174' title="bbox 1858 5309 3125 5378">
    <p class='ocr_par' dir='ltr' id='par_1_174' title="bbox 1858 5309 3125 5378">
     <span class='ocr_line' id='line_1_175' title="bbox 1858 5309 3125 5378; baseline 0.005 -12"><span class='ocrx_word' id='word_1_743' title='bbox 1858 5311 1967 5366; x_wconf 82' lang='lat' dir='ltr'><strong>ait:</strong></span> <span class='ocrx_word' id='word_1_744' title='bbox 1996 5309 2078 5366; x_wconf 84' lang='lat' dir='ltr'><strong>Tu</strong></span> <span class='ocrx_word' id='word_1_745' title='bbox 2095 5350 2114 5378; x_wconf 85' lang='lat'><strong>,</strong></span> <span class='ocrx_word' id='word_1_746' title='bbox 2141 5327 2202 5367; x_wconf 82' lang='lat' dir='ltr'><strong>es</strong></span> <span class='ocrx_word' id='word_1_747' title='bbox 2225 5312 2476 5370; x_wconf 83' lang='lat' dir='ltr'><strong>Christus</strong></span> <span class='ocrx_word' id='word_1_748' title='bbox 2501 5309 2674 5372; x_wconf 81' lang='lat' dir='ltr'><strong>Filius</strong></span> <span class='ocrx_word' id='word_1_749' title='bbox 2698 5316 2792 5372; x_wconf 85' lang='lat' dir='ltr'><strong>Dei</strong></span> <span class='ocrx_word' id='word_1_750' title='bbox 2817 5309 3125 5373; x_wconf 76' lang='lat' dir='ltr'><strong>benedicti?</strong></span> 
     </span>
    </p>
   </div>
   <div class='ocr_carea' id='block_1_175' title="bbox 1390 5421 2222 5482">
    <p class='ocr_par' dir='ltr' id='par_1_175' title="bbox 1390 5421 2222 5482">
     <span class='ocr_line' id='line_1_176' title="bbox 1390 5421 2222 5482; baseline -0.001 -3"><span class='ocrx_word' id='word_1_751' title='bbox 1390 5422 1784 5482; x_wconf 78' lang='lat' dir='ltr'><strong>VARIANTES</strong></span> <span class='ocrx_word' id='word_1_752' title='bbox 1822 5421 2222 5480; x_wconf 81' lang='lat' dir='ltr'><strong>LECTIONES.</strong></span> 
     </span>
    </p>
   </div>
   <div class='ocr_carea' id='block_1_176' title="bbox 253 5508 3428 5604">
    <p class='ocr_par' dir='ltr' id='par_1_176' title="bbox 253 5508 3428 5604">
     <span class='ocr_line' id='line_1_177' title="bbox 253 5508 3428 5604; baseline 0.004 -16"><span class='ocrx_word' id='word_1_753' title='bbox 253 5533 418 5604; x_wconf 70' lang='grc' dir='ltr'><strong>ιεσςι</strong></span> <span class='ocrx_word' id='word_1_754' title='bbox 433 5523 722 5585; x_wconf 74' lang='lat' dir='ltr'><strong>Scarioth...</strong></span> <span class='ocrx_word' id='word_1_755' title='bbox 743 5533 876 5584; x_wconf 70' lang='lat' dir='ltr'><strong>Iussi</strong></span> <span class='ocrx_word' id='word_1_756' title='bbox 899 5532 1174 5585; x_wconf 83' lang='lat' dir='ltr'><strong>aSummls.</strong></span> <span class='ocrx_word' id='word_1_757' title='bbox 1217 5533 1364 5599; x_wconf 72' lang='lat' dir='ltr'><strong>Vulg.</strong></span> <span class='ocrx_word' id='word_1_758' title='bbox 1392 5508 1710 5589; x_wconf 82' lang='lat' dir='ltr'><strong>Iscarlotes...</strong></span> <span class='ocrx_word' id='word_1_759' title='bbox 1736 5552 1765 5588; x_wconf 87' lang='lat' dir='ltr'><strong>a</strong></span> <span class='ocrx_word' id='word_1_760' title='bbox 1869 5534 2019 5604; x_wconf 63' lang='grc' dir='ltr'><strong>γαίῃ.</strong></span> <span class='ocrx_word' id='word_1_761' title='bbox 2058 5547 2214 5599; x_wconf 86' lang='lat' dir='ltr'><strong>usque</strong></span> <span class='ocrx_word' id='word_1_762' title='bbox 2253 5538 2384 5590; x_wconf 86' lang='lat' dir='ltr'><strong>intro</strong></span> <span class='ocrx_word' id='word_1_763' title='bbox 2420 5541 2470 5592; x_wconf 91' lang='lat' dir='ltr'><strong>in</strong></span> <span class='ocrx_word' id='word_1_764' title='bbox 2507 5543 2743 5594; x_wconf 88' lang='lat' dir='ltr'><strong>atrium...</strong></span> <span class='ocrx_word' id='word_1_765' title='bbox 2783 5541 2841 5592; x_wconf 84' lang='lat' dir='ltr'><strong>ad</strong></span> <span class='ocrx_word' id='word_1_766' title='bbox 2875 5544 3057 5604; x_wconf 79' lang='lat' dir='ltr'><strong>ignem,</strong></span> <span class='ocrx_word' id='word_1_767' title='bbox 3093 5549 3146 5595; x_wconf 91' lang='lat' dir='ltr'><strong>et</strong></span> <span class='ocrx_word' id='word_1_768' title='bbox 3181 5546 3428 5601; x_wconf 72' lang='lat' dir='ltr'><strong>calefacia-</strong></span> 
     </span>
    </p>
   </div>
   <div class='ocr_carea' id='block_1_177' title="bbox 254 5635 1006 5718">
    <p class='ocr_par' dir='ltr' id='par_1_177' title="bbox 254 5635 1006 5718">
     <span class='ocr_line' id='line_1_178' title="bbox 254 5635 1006 5718; baseline -0.003 -12"><span class='ocrx_word' id='word_1_769' title='bbox 254 5635 423 5706; x_wconf 72' lang='grc' dir='ltr'><strong>ῖῖὶῖ</strong></span> <span class='ocrx_word' id='word_1_770' title='bbox 439 5655 624 5718; x_wconf 58' lang='grc' dir='ltr'><strong>«μω.</strong></span> <span class='ocrx_word' id='word_1_771' title='bbox 655 5651 1006 5718; x_wconf 54' lang='grc' dir='ltr'><strong>μειρακίω.</strong></span> 
     </span>
    </p>
   </div>
   <div class='ocr_carea' id='block_1_178' title="bbox 254 5715 1616 5782">
    <p class='ocr_par' dir='ltr' id='par_1_178' title="bbox 254 5715 1616 5782">
     <span class='ocr_line' id='line_1_179' title="bbox 254 5715 1616 5782; baseline 0.001 -16"><span class='ocrx_word' id='word_1_772' title='bbox 254 5719 278 5782; x_wconf 65' lang='grc' dir='ltr'><strong>ξ</strong></span> <span class='ocrx_word' id='word_1_773' title='bbox 307 5718 419 5782; x_wconf 69' lang='lat' dir='ltr'><strong>qu.</strong></span> <span class='ocrx_word' id='word_1_774' title='bbox 440 5716 637 5782; x_wconf 68' lang='lat' dir='ltr'><strong>Sun-Ii</strong></span> <span class='ocrx_word' id='word_1_775' title='bbox 653 5715 914 5782; x_wconf 57' lang='lat' dir='ltr'><strong>Pontiani.</strong></span> <span class='ocrx_word' id='word_1_776' title='bbox 940 5715 1088 5782; x_wconf 70' lang='lat' dir='ltr'><strong>Vulg.</strong></span> <span class='ocrx_word' id='word_1_777' title='bbox 1111 5717 1616 5782; x_wconf 75' lang='lat' dir='ltr'><strong>SummtSacerdotis.</strong></span> 
     </span>
    </p>
   </div>
   <div class='ocr_carea' id='block_1_179' title="bbox 255 5777 1757 5844">
    <p class='ocr_par' dir='ltr' id='par_1_179' title="bbox 255 5777 1757 5844">
     <span class='ocr_line' id='line_1_180' title="bbox 255 5777 1757 5844; baseline 0.001 -13"><span class='ocrx_word' id='word_1_778' title='bbox 255 5778 281 5812; x_wconf 71' lang='grc' dir='ltr'>δ</span> <span class='ocrx_word' id='word_1_779' title='bbox 311 5781 421 5831; x_wconf 63' lang='grc' dir='ltr'><strong>σε.</strong></span> <span class='ocrx_word' id='word_1_780' title='bbox 439 5790 602 5842; x_wconf 80' lang='lat' dir='ltr'><strong>usque</strong></span> <span class='ocrx_word' id='word_1_781' title='bbox 619 5779 676 5829; x_wconf 76' lang='lat' dir='ltr'><strong>in</strong></span> <span class='ocrx_word' id='word_1_782' title='bbox 974 5777 1382 5831; x_wconf 70' lang='lat' dir='ltr'><strong>et&#39;calet&#39;aciebat</strong></span> <span class='ocrx_word' id='word_1_783' title='bbox 1415 5793 1472 5830; x_wconf 83' lang='lat' dir='ltr'><strong>se</strong></span> <span class='ocrx_word' id='word_1_784' title='bbox 1493 5780 1552 5830; x_wconf 80' lang='lat' dir='ltr'><strong>ad</strong></span> <span class='ocrx_word' id='word_1_785' title='bbox 1574 5783 1757 5844; x_wconf 85' lang='lat' dir='ltr'><strong>ignem.</strong></span> 
     </span>
    </p>
   </div>
   <div class='ocr_carea' id='block_1_180' title="bbox 1869 5600 2066 5648">
    <p class='ocr_par' dir='ltr' id='par_1_180' title="bbox 1869 5600 2066 5648">
     <span class='ocr_line' id='line_1_181' title="bbox 1869 5600 2066 5648; baseline -0.015 0"><span class='ocrx_word' id='word_1_786' title='bbox 1869 5600 1954 5648; x_wconf 83' lang='lat' dir='ltr'><strong>bat</strong></span> <span class='ocrx_word' id='word_1_787' title='bbox 1993 5610 2066 5646; x_wconf 89' lang='lat' dir='ltr'><strong>se.</strong></span> 
     </span>
    </p>
   </div>
   <div class='ocr_carea' id='block_1_181' title="bbox 1925 5659 3053 5772">
    <p class='ocr_par' dir='ltr' id='par_1_181' title="bbox 1925 5659 3053 5772">
     <span class='ocr_line' id='line_1_182' title="bbox 1925 5659 3053 5772; baseline 0.004 -5"><span class='ocrx_word' id='word_1_788' title='bbox 1925 5659 2086 5768; x_wconf 68' lang='lat'><strong>22::-</strong></span> <span class='ocrx_word' id='word_1_789' title='bbox 2109 5661 2486 5772; x_wconf 61' lang='lat' dir='ltr'><strong>mm;</strong></span> <span class='ocrx_word' id='word_1_790' title='bbox 3040 5726 3053 5772; x_wconf 68' lang='grc' dir='ltr'><strong>ε</strong></span> 
     </span>
    </p>
   </div>
   <div class='ocr_carea' id='block_1_182' title="bbox 1868 5721 3434 5844">
    <p class='ocr_par' dir='ltr' id='par_1_182' title="bbox 1868 5721 3434 5844">
     <span class='ocr_line' id='line_1_183' title="bbox 1868 5721 3434 5844; baseline 0.019 -85"><span class='ocrx_word' id='word_1_791' title='bbox 1868 5721 2530 5844; x_wconf 47' lang='grc' dir='ltr'><strong>(ψὶὲἔῶ</strong></span> <span class='ocrx_word' id='word_1_792' title='bbox 2566 5721 2841 5789; x_wconf 69' lang='lat' dir='ltr'><strong>quicquam.</strong></span> <span class='ocrx_word' id='word_1_793' title='bbox 2873 5722 3017 5790; x_wconf 76' lang='lat' dir='ltr'><strong>Vulg.</strong></span> <span class='ocrx_word' id='word_1_794' title='bbox 3040 5726 3434 5794; x_wconf 64' lang='lat' dir='ltr'><strong>interrogavit...</strong></span> 
     </span>
    </p>
   </div>
  </div>
