3912 6446
495 575 600 631 855
1024 569 1292 628 EUSEBII
1334 568 1666 627 VERCELL.
1708 557 2147 627 EVANGELIUM
2187 567 2324 627 CUM
2363 565 2594 625 VABIIS
2629 564 2781 625 COD.
2818 556 3209 624 COLLATUM.
3641 549 3749 621 836

2572 675 2799 735 CODEX
2837 672 3370 737 VERCELLENSIS.

2657 786 2869 831 DBFICIT
2908 783 3243 825 VERONENSB.

883 681 1113 738 CODEX
1149 679 1690 737 VERCELLENSIS.

1319 771 1411 826 68.
1438 772 1521 827 Ad
1545 772 1638 826 ille
1666 771 1896 841 negavit,

1320 846 1505 900 dicens
1525 863 1538 897 :
1569 845 1704 899 Nes-

1320 915 1407 970 cio
1438 934 1451 967 :
1485 915 1578 970 sed
1622 928 1719 969 nec

1324 985 1470 1049 novi,
1493 999 1648 1054 quem

1322 1054 1491 1107 dicas.
1528 1057 1590 1108 Et
1614 1056 1719 1109 exi-

1323 1123 1359 1177 it
1396 1122 1525 1177 foris
1545 1134 1668 1179 ante

1323 1194 1538 1256 atrium,
1558 1203 1615 1247 et

1323 1263 1497 1330 gallus
1527 1277 1653 1316 can-

1326 1333 1414 1387 69.
1448 1333 1594 1385 tavit.
1632 1332 1717 1399 Et,
1743 1345 1860 1385 cum

1325 1417 1447 1456 eum
1471 1402 1634 1456 vidis-

1326 1480 1409 1526 set
1435 1472 1627 1526 iterum

1329 1541 1526 1607 puella,
1556 1540 1733 1606 coepit

498 776 763 846 pendens,
792 774 874 829 di-

499 845 577 901 iit
600 847 647 900 ei
680 864 694 898 :
726 845 836 914 Ego
870 859 986 899 sum

502 925 555 969 et
594 916 836 970 videbitis

469 1024 473 1027 -
503 984 692 1039 Filium
725 984 893 1038 itumi-

504 1056 587 1111 nis
611 1055 677 1107 ad
708 1055 950 1108 dextram

502 1124 713 1182 virtutis
741 1139 828 1178 se-

505 1193 741 1274 dentem,
764 1203 818 1247 et
844 1207 937 1261 ve-

506 1274 740 1318 mentem
770 1280 859 1316 rsu-

504 1346 603 1402 per
633 1333 800 1402 nubes
827 1346 952 1387 cae-

507 1401 597 1456 65.
631 1402 687 1455 li.
717 1401 867 1456 'i‘unc

506 1472 764 1540 Princeps
787 1471 877 1526 Sa-

506 1541 781 1595 cerdotum

506 1611 905 1679 conscidilpro-
1329 1610 1508 1664 dicere
1533 1611 1761 1666 circum-

507 1682 651 1734 tinus
672 1681 835 1735 vesti-
1328 1682 1594 1734 stantibus
1626 1703 1637 1733 ;

507 1761 689 1803 menta
719 1766 836 1813 sua,
1328 1749 1464 1816 Quia
1493 1759 1548 1804 et
1576 1750 1663 1804 hic

507 1820 692 1873 dicens
722 1836 735 1871 :
764 1817 903 1885 Quid
1328 1821 1415 1875 70.
1450 1836 1517 1874 ex
1540 1821 1642 1874 illis
1665 1828 1767 1875 est.
1801 1816 1867 1870 Et

510 1888 683 1940 adhuc
703 1887 851 1942 (ἰυεὶ-
1328 1905 1542 1943 rursum
1568 1904 1657 1945 ne-

509 1958 760 2012 deramus
794 1969 903 2023 tes,-
1327 1959 1493 2023 gavit.

510 2027 600 2081 64.
628 2027 895 2084 timonia?
925 2028 1037 2083 Au-
1330 2027 1393 2081 Et
1436 2037 1557 2097 post
1587 2028 1862 2097 pusillum,

506 2097 660 2151 distis
691 2099 708 2128 ¹
735 2098 988 2168 blasphe—
1330 2099 1545 2161 iterum,
1561 2099 1653 2168 qui

508 2167 671 2221 miam
696 2168 712 2221 i
736 2166 864 2235 quid
1328 2166 1643 2223 circumsta-

509 2237 662 2290 vobis
684 2236 937 2292 videtur?
1324 2238 1475 2302 bant,
1509 2238 1656 2291 dice-

509 2305 580 2360 Et
621 2321 810 2369 omnes
839 2322 963 2361 con-
1329 2308 1457 2361 bant
1488 2307 1590 2361 :Et
1613 2318 1666 2361 tu
1690 2322 1757 2361 ex

507 2375 897 2432 demnaverunt
1327 2377 1415 2429 7t.
1447 2378 1556 2431 illis
1585 2392 1663 2432 es.
1690 2378 1756 2430 Et
1781 2390 1908 2431 coe-
1972 2424 1987 2437 .

508 2460 632 2500 eum
670 2460 792 2500 esse
816 2462 905 2500 re-
1330 2448 1409 2514 pit
1429 2447 1688 2500 devotare
1839 2453 1844 2459 '

508 2530 599 2567 nm
630 2516 839 2570 mortis.
1328 2528 1409 2578 se,
1439 2516 1624 2569 dicens
1652 2534 1666 2570 :
1707 2514 1842 2581 Quia

506 2583 607 2640 65:
622 2586 693 2655 Et
714 2593 1010 2655 coeperunt
1330 2598 1434 2639 non
1457 2586 1579 2639 novi
1606 2586 1702 2639 ho-

507 2654 722 2724 quidam
750 2654 837 2709 in;

1329 2655 1526 2709 minem
1558 2655 1723 2721 hunc,

509 2739 708 2790 sonere
734 2725 785 2779 in
816 2724 891 2778 fa-

1329 2741 1486 2792 quem
1518 2726 1713 2779 dicitis.

510 2795 649 2847 ciem
675 2795 791 2861 ejus
819 2810 834 2855 ;
863 2805 920 2848 et
1331 2794 1420 2847 72.
1446 2796 1509 2848 Et
1538 2797 1777 2862 protinus

512 2864 533 2895 ⁵
561 2863 975 2932 colapbizabant
1333 2864 1601 2917 secundus
1652 2883 1663 2889 ·

514 2946 656 2987 eum.
1332 2934 1504 3000 gallus
1532 2949 1658 2987 can-

513 3001 600 3056 66.
628 3003 693 3056 Et
717 3017 840 3057 cum
871 3011 1019 3058 esset
1336 3002 1485 3056 tavit.
1519 3003 1586 3055 Et
1610 3017 1785 3057 reme—

513 3071 707 3127 Petrus
734 3074 787 3127 in
816 3088 875 3128 a-
1336 3083 1573 3126 moratus
1597 3082 1681 3127 est

510 3143 638 3205 trio,
664 3143 809 3197 venit
1336 3142 1525 3196 Petrus
1554 3143 1574 3173 ³
1603 3157 1725 3197 ver-

515 3212 581 3266 ad
606 3213 752 3265 illum
772 3227 875 3267 una
1336 3212 1484 3277 bum,
1518 3214 1661 3281 quod

517 3297 585 3335 ex
607 3281 817 3335 ancillis
1336 3281 1545 3336 dixerat
1570 3283 1651 3336 illi

518 3350 786 3422 Principis
815 3351 913 3407 Sa—
1336 3350 1515 3422 lesus,
1546 3361 1600 3406 et
1627 3352 1808 3422 coepit

518 3420 796 3474 cerdotum
822 3437 835 3473 :
1338 3420 1493 3475 ﬂere.
1734 3420 1743 3422 ἡ
1792 3432 1797 3437 '

519 3490 607 3544 67.
640 3502 712 3554 et,
754 3506 873 3545 cum
903 3490 1068 3544 vidis-
1513 3489 1736 3544 CAPUT
1779 3489 1891 3543 XV.

1344 3561 1391 3612 1.
1427 3560 1492 3613 Ει
1522 3561 1690 3627 prima
1721 3560 1801 3614 lu-

519 3570 604 3614 set
631 3560 847 3615 Petrum

517 3630 875 3684 calﬁcientem
1334 3644 1396 3683 ce
1424 3629 1708 3684 consilium

1336 3698 1582 3753 fecerunt

520 3713 581 3753 se
607 3699 674 3753 ad
714 3699 911 3768 ignem,

521 3769 734 3823 intuens
760 3783 904 3835 eum,
1337 3769 1613 3838 Principes
1641 3769 1738 3825 Sa—

521 3838 655 3893 dixit
685 3857 699 3893 :
728 3838 798 3893 Et
823 3847 879 3893 tu
898 3852 1019 3895 cum
1336 3840 1639 3905 cerdotum,

1337 3924 1459 3963 cum
1494 3910 1686 3965 Senio-

515 3907 643 3964 Jesu
668 3907 897 3964 Nazare-

519 3993 591 4033 no
619 3994 761 4034 eras.
1336 3980 1515 4046 ribus,
1547 3987 1605 4034 et
1629 3978 1770 4034 Scri-

2170 844 2279 910 bis,
2312 853 2366 899 et
2400 842 2519 913 (sic)
2549 851 2717 897 totum

2170 913 2461 968 concilium
2485 929 2498 965 :

2174 992 2229 1037 et
2254 985 2488 1038 vinctum

2170 1052 2355 1108 Jesum
2386 1051 2607 1120 perdu-‘

2177 1134 2375 1178 xerunt
2404 1126 2456 1179 in

2173 1195 2336 1257 atrio,
2362 1206 2415 1248 et
2442 1202 2553 1247 tra-

2175 1263 2432 1318 didcrunt

2178 1333 2370 1387 Pilato.

2176 1402 2232 1455 2.
2278 1405 2339 1455 Et
2368 1406 2665 1473 interrOga-

2180 1474 2255 1525 vit
2286 1474 2433 1526 illum
2457 1472 2547 1527 Pi-

2180 1540 2319 1595 latus
2344 1562 2355 1595 :
2397 1542 2499 1607 Tu,
2529 1557 2589 1596 es

2180 1610 2294 1666 Rex
2321 1612 2553 1666 Judaeo-

2178 1683 2331 1734 rum?
2362 1683 2424 1735 Et
2453 1695 2567 1735 res-

2178 1752 2367 1818 pondit
2393 1752 2439 1804 ei
2467 1769 2479 1803 :
2514 1750 2591 1804 Tu

2179 1820 2233 1873 ὅ.
2278 1822 2429 1874 dicis.
2468 1823 2529 1875 Et
2558 1833 2716 1873 accu-

2179 1891 2369 1944 sabant
2397 1905 2519 1944 cum

2178 1958 2469 2013 Pontiﬁces

2181 2030 2368 2083 multa.
2396 2030 2514 2099 ipse

2179 2108 2357 2153 autem
2385 2101 2519 2153 nihil

2180 2169 2474 2236 responde—

2179 2238 2233 2290 4.
2278 2240 2385 2291 bat.
2426 2238 2623 2293 lterum

2179 2316 2360 2361 autem
2394 2307 2533 2362 Pila-

2182 2387 2267 2430 tus
2299 2379 2525 2432 interro-

2179 2447 2339 2516 gabat
2372 2465 2494 2502 eum
2522 2466 2533 2501 :

2182 2516 2203 2547 "
2224 2517 2339 2573 Non
2367 2533 2588 2585 respon-

2180 2588 2279 2643 des
2306 2588 2473 2641 niltil?
2496 2604 2587 2643 ec-

2179 2672 2243 2712 ce
2279 2669 2475 2725 qnanta
2506 2669 2577 2726 te_

2184 2727 2237 2781 5.
2278 2738 2553 2783 accusant.
2569 2725 2739 2782 ’Jesus

2182 2808 2357 2852 autem
2388 2800 2579 2868 ampli-

2184 2881 2246 2919 us
2275 2868 2408 2921 nihil
2450 2884 2565 2923 res-

2186 2937 2403 3003 pondit;
2432 2938 2501 2991 ita
2529 2948 2588 2992 ut

2186 3010 2470 3062 miraretur

2184 3075 2387 3131 Pilatus
2421 3117 2434 3130 .
2467 3114 2482 3127 .
2513 3116 2527 3131 .
2562 3117 2576 3130 .

2184 3145 2811 3202 6....diem.....

2185 3214 2382 3269 festum
2423 3232 2511 3271 so-

2186 3286 2803 3340 lebat........u-

2186 3370 2312 3409 nunt
2340 3371 2404 3409 ex
2434 3357 2580 3410 vinc-

2189 3424 2277 3488 tis,
2305 3439 2613 3493 quemcum-

2187 3508 2585 3561 quepe...-

2190 3564 2239 3615 7.
2281 3572 2423 3617 sent.
2450 3564 2471 3594 ⁸
2500 3562 2629 3617 Erat
2658 3576 2750 3616 au-

2189 3640 2324 3697 tem,
2360 3634 2642 3702 qui....
2678 3673 2691 3688 .
2728 3657 2796 3684 .-

2188 3703 2397 3757 labatur
2423 3704 2524 3757 Ba—

2187 3772 2382 3827 rabbas
2412 3810 2427 3827 .
2463 3812 2475 3827 .
2516 3814 2528 3826 .

2187 3842 2256 3897 iis
2273 3884 2288 3909 ,
2318 3842 2409 3913 qui
2440 3843 2664 3899 seditio—

2187 3926 2596 3970 nem......

2189 3992 2402 4035 rant..

1832 4066 2059 4122 CODEX
2098 4066 2487 4127 BRIXIANUS.

2200 4159 2367 4213 disset
2406 4162 2616 4217 Petrum
2655 4162 3051 4218 calefacientem
3088 4176 3149 4215 se
3186 4158 3454 4229 aspiciens
3478 4157 3642 4221 illum
3670 4158 3760 4229 ait.

524 4163 638 4231 Ego
676 4175 815 4215 sum.
858 4169 911 4231 et
950 4158 1199 4231 videbitis
1236 4156 1430 4231 Filium
1463 4158 1693 4211 hominis
1729 4157 2003 4231 sedentem
2035 4157 2100 4231 ad

524 4228 801 4289 dexteram
827 4230 1059 4284 virtutis.
1089 4239 1141 4282 et
1169 4229 1493 4282 venientem.
1520 4243 1640 4283 cum
1680 4228 1910 4281 nubibus
1942 4229 2099 4282 caeli.

593 4303 851 4370 Princeps
887 4308 1064 4354 autem
1099 4299 1447 4353 Sacerdotum
1491 4297 1739 4370 scindens
1780 4300 2099 4370 vestimenta

523 4389 616 4428 sua
658 4374 750 4426 ait.
785 4368 922 4439 Quid
960 4370 1134 4423 adhuc
1168 4384 1388 4439 egemus
1427 4369 1669 4423 testibus.
1698 4368 1933 4422 Audistis
1960 4370 2099 4423 blas-

525 4443 811 4511 phemiam.
841 4440 965 4511 quid
990 4440 1141 4494 vobis
1169 4440 1397 4511 videtur.
1443 4440 1508 4511 Et
1544 4454 1753 4493 omnes
1773 4439 2098 4511 cendemna-

530 4510 718 4568 verunt
743 4510 865 4566 cum
891 4526 1009 4565 esse
1035 4525 1185 4564 reum
1214 4510 1422 4564 mortis.
1467 4510 1541 4579 Et
1558 4519 1852 4577 coeperunt
1878 4510 2093 4579 quidam

526 4598 825 4647 conspuere
854 4584 906 4633 in
934 4580 1067 4633 facie
1088 4581 1229 4647 ejus.
1260 4590 1312 4634 et
1336 4578 1579 4649 colaphis
1620 4595 1743 4634 eum
1768 4578 2013 4633 caedere.
2044 4590 2097 4634 ct

529 4655 708 4706 dicere
734 4652 803 4704 ei.
829 4648 1143 4713 Prophetiza
1168 4650 1340 4711 nobis,
1364 4648 1431 4701 Et
1461 4648 1708 4703 ministri.
1734 4651 1965 4704 libenter
1988 4651 2097 4704 ala-

531 4724 762 4793 pis_eum
787 4718 1100 4793 caedebant.

599 4789 670 4846 Et
705 4805 825 4845 cum
864 4794 1010 4843 esset
1044 4784 1239 4839 Petrus
1276 4784 1329 4837 in
1366 4786 1503 4838 atrio
1541 4785 1791 4839 deorsum
1836 4788 1984 4840 venit
2029 4787 2096 4840 ad

528 4875 784 4919 eum'una
814 4874 877 4914 ex
916 4856 1126 4911 ancillis
1156 4854 1362 4911 Summi
1401 4853 1730 4910 Sacerdotis.
1767 4863 1823 4907 et
1858 4870 1980 4909 cum
2020 4857 2098 4909 vi-

2988 847 3093 911 tus,
3124 842 3214 908 qui
3243 841 3297 894 in

2988 910 3143 967 sediti
3174 953 3187 966 .
3221 953 3235 966 .
3268 952 3282 966 .
3320 951 3332 962 .
3367 941 3390 953 -

2991 998 3058 1037 ne
3089 984 3319 1037 homici-

2990 1052 3135 1107 dium
3168 1052 3314 1107 fece-

2991 1123 3045 1177 8.
3085 1130 3188 1176 rat.
3221 1123 3308 1185 Et,
3339 1134 3534 1176 accen-

2989 1206 3047 1246 sa
3081 1202 3193 1245 tota
3221 1190 3394 1253 turba,

2992 1262 3171 1331 coepit
3200 1269 3384 1329 postu-

2993 1330 3127 1395 lare,
3160 1331 3302 1384 sicut
3326 1344 3469 1383 sem-

2997 1415 3093 1470 per
3135 1401 3366 1456 laciebat
3400 1398 3421 1430 °

2934 1576 2935 1579 η
2996 1542 3049 1595 9.
3092 1579 3107 1594 .
3150 1538 3488 1611 respondens

2999 1650 3012 1665 .
3060 1651 3073 1664 .
3118 1650 3131 1662 .
3179 1650 3192 1663 .
3236 1608 3539 1677 is,dixit:

2996 1679 3175 1734 Vultis
3204 1679 3286 1732 di-

2998 1750 3206 1803 mittam
3238 1764 3373 1804 vo...

3001 1819 3219 1873 Reaem'

2995 1887 3324 1943 Judaeorum
3347 1887 3371 1927 ν

2999 1959 3086 2013 lt).
3124 2000 3136 2011 .
3183 1999 3196 2012 .
3244 2000 3256 2011 .
3300 1997 3314 2011 .
3356 1966 3411 2011 at
3432 1956 3602 2020 enim,

3004 2070 3014 2081 .
3061 2066 3074 2080 .
3121 2068 3133 2080 .
3179 2070 3194 2084 .
3241 2066 3253 2081 .
3297 2036 3519 2097 propter

2997 2098 3252 2151 invidiam

3000 2166 3339 2221 tradiderunt

3003 2277 3015 2291 .
3059 2275 3073 2289 .
3119 2276 3132 2289 .
3175 2252 3265 2291 um
3295 2234 3451 2290 Priu—

2995 2308 3147 2380 ci‘pes
3164 2307 3361 2361 Sacer-
3734 2370 3746 2380 .

2998 2377 3085 2431 11.
3115 2377 3329 2431 dotum.
3358 2415 3371 2431 .
3399 2415 3411 2428 .
3439 2411 3454 2428 .
3482 2412 3497 2431 .
3528 2414 3544 2429 .
3579 2387 3634 2428 tu
3660 2377 3751 2442 qui

3119 2488 3134 2502 ο
3183 2485 3196 2498 .
3240 2462 3292 2500 m
3322 2456 3433 2500 tur-

3123 2555 3136 2569 .
3182 2556 3196 2569 .
3238 2529 3427 2569 suase-

3003 2595 3443 2641 ....utma-

2997 2658 3079 2726 gis
3105 2658 3125 2687 ⁷
3160 2654 3435 2710 Barabban

3002 2727 3304 2781 dimitteret

3003 2793 3130 2851 illis.

3006 2867 3091 2920 12.
3125 2862 3479 2931 BeSpondens

3002 2944 3181 2990 autem
3210 2934 3356 2989 Pila-

3004 3013 3089 3060 tus
3118 3008 3314 3059 iterum
3331 3046 3348 3069 ,

3001 3076 3077 3128 ait
3103 3075 3207 3129 illis
3231 3092 3245 3128 :
3267 3072 3407 3139 Quid

3001 3160 3133 3215 ergo
3163 3146 3185 3176 ⁸
3213 3146 3407 3215 vultis_'

3004 3212 3191 3268 faciam
3221 3213 3340 3283 (sic)
3370 3212 3477 3266 Re-

3002 3298 3124 3354 gem
3150 3284 3384 3354 Judaeo-

3008 3347 3093 3408 ἱῖ).
3136 3351 3293 3405 rum?
3321 3349 3401 3405 Ad
3432 3347 3509 3403 illi

3006 3422 3347 3477 exclamave-

3006 3498 3151 3555 runt,
3178 3494 3199 3523 ⁹
3223 3490 3415 3543 dicen:-

3010 3571 3087 3616 tes
3112 3578 3127 3614 :
3157 3557 3383 3614 Cruciti-

3010 3630 3098 3686 11.
3136 3644 3203 3699 ge
3231 3642 3375 3683 eum.
3410 3624 3548 3681 Pila-

3011 3710 3094 3755 tus
3121 3706 3299 3754 autcm
3383 3733 3390 3739 -

3010 3770 3144 3826 dixit
3166 3769 3275 3824 illis
3297 3785 3312 3822 :
3339 3765 3477 3835 Quid

3012 3842 3155 3896 enim
3179 3839 3323 3894 male

3014 3909 3159 3978 egit?
3185 3908 3267 3962 Ad
3298 3907 3377 3986 illi

3014 3987 3165 4033 tanto
3194 3991 3365 4045 magis

2169 4297 2173 4302 ’
2204 4230 2265 4283 Et
2308 4241 2359 4284 tu
2399 4248 2518 4286 cum
2557 4232 2685 4288 Jesu
2722 4234 2994 4287 Nazareno
3031 4246 3171 4286 eras.
3308 4229 3398 4283 ille
3437 4230 3653 4297 negavit
3688 4226 3765 4279 di-

2200 4315 2347 4374 cens.
2373 4304 2553 4372 Neque
2578 4305 2709 4359 scio.
2737 4302 3059 4374 nequernovi
3086 4299 3270 4374 quid__d
3295 4338 3308 4351 .
3338 4336 3353 4351 .
3381 4337 3395 4350 .
3424 4334 3437 4347 .
3469 4338 3482 4351 .
3513 4334 3566 4374 ._.

2274 4373 2336 4426 Et
2374 4365 2504 4428 exiit
2530 4374 2659 4428 foris
2685 4365 3026 4445 ante'atriun)
3057 4365 3115 4423 et
3135 4369 3307 4445 gallus
3332 4368 3587 4445 cantavit.
3606 4365 3763 4445 "Itur-

2200 4457 2290 4496 sus
2328 4456 2502 4498 autem
2544 4460 2662 4499 cum
2705 4445 2923 4514 vidisset
2958 4434 3334 4514 illunrancilla
3374 4435 3552 4514 coepit
3576 4434 3763 4514 dicere

2198 4516 2663 4570 circumstantibus
2699 4516 2829 4583 Quia
2868 4513 2955 4568 hic
2991 4526 3056 4566 ex
3094 4509 3200 4565 illis
3228 4516 3331 4562 est.
3362 4504 3547 4559 Atille
3576 4504 3760 4557 iterum

2200 4587 2434 4658 negavit.
2472 4586 2540 4658 Et
2571 4596 2690 4653 post
2719 4600 2815 4656 pus
2839 4624 2852 4637 .
2880 4625 2893 4637 .
2927 4626 2940 4639 .
2968 4620 2983 4636 .
3013 4620 3041 4658 ._
3372 4647 3385 4658 _
3540 4644 3551 4655 ,

2269 4643 2473 4710 Cretera:
2498 4643 2615 4710 duis
2641 4643 2815 4720 lineis,
2841 4670 2953 4724 qua:
2974 4653 3239 4705 adversam
3255 4647 3506 4724 paginam
3534 4643 3760 4724 implent,

2202 4727 2617 4795 intpcrceptibiles
2662 4713 2813 4795 sunt;
2846 4713 3084 4794 quodque
3130 4713 3294 4792 magis
3334 4713 3759 4778 desiderantium,

2200 4794 2396 4859 reliqua
2420 4794 2595 4847 omnia
2620 4794 2829 4864 periere.

1792 4943 2024 5000 CODEX
2061 4944 2522 5002 CORBEIENSIS.

601 5046 691 5102 65.
710 5046 777 5100 Et
797 5044 1024 5101 ministri
1040 5060 1160 5101 cum
1179 5044 1451 5099 voluntate
1470 5042 1636 5112 alapis
1653 5056 1773 5097 eum
1786 5040 2099 5097 caedebant.

603 5118 693 5169 68.
722 5116 790 5169 Et
813 5119 943 5170 exiit
969 5116 1144 5181 foras,
1172 5126 1226 5171 et
1249 5116 1425 5186 gallus
1452 5114 1712 5170 cantavit.

605 5186 692 5239 71.
736 5186 830 5267 Ille
866 5194 1039 5239 autem
1077 5181 1576 5256 coepit'devotare,
1617 5193 1671 5239 et
1702 5184 1924 5255 iurare:
1966 5181 2100 5250 Quia

534 5269 883 5379 "Dialogus
908 5340 1064 5394 quam
1091 5324 1260 5394 gallus
1283 5333 1501 5393 cantet,
1536 5334 1621 5381 ter
1646 5341 1730 5381 me
1758 5324 1997 5394 negabis.

606 5396 731 5453 CAP.
768 5394 881 5450 XV.
912 5425 983 5435 —
1009 5396 1069 5448 1.
1096 5395 1363 5450 duxerunt
1400 5396 1450 5449 in
1479 5400 1675 5451 atrium
1698 5437 1713 5461 ,
1747 5405 1803 5451 et
1830 5396 2099 5449 duxerunt

600 5580 617 5611 ⁸
637 5580 741 5629 Gut.
764 5578 1111 5640 blasphemiam
1137 5576 1267 5637 ejus:
1289 5573 1923 5640 quid,Vulg.blasphem_iam
1942 5590 1957 5640 :_
1965 5575 2097 5640 quid.

600 5645 621 5673 ³
654 5644 759 5691 Gal.
802 5637 1013 5700 colaphis
1048 5651 1162 5688 eum
1202 5637 1411 5687 caedere
1443 5645 1494 5687 et
1514 5637 1757 5700 dicereet
1778 5637 2104 5700 :WProphetiza

539 5704 698 5764 nobis,
725 5698 923 5764 Christe
964 5700 1125 5764 :rquis
1149 5706 1243 5764 est,
1265 5699 1349 5764 qui
1377 5705 1439 5764 te
1469 5698 1746 5764 percussit?
1779 5699 1840 5748 Et
1875 5698 2102 5748 ministri.

640 5760 1501 5827 Vitlg....Prophetiza.Et_ministri;
1558 5821 1568 5827 _
1620 5822 1662 5827 _
1705 5820 1717 5827 _
1878 5822 1925 5827 η
2082 5770 2089 5776 .

606 5824 627 5856 ⁸
660 5818 764 5875 Gai.
797 5825 935 5874 verbi
968 5818 1109 5884 llesu,
1133 5822 1261 5885 quod
1294 5820 1489 5871 dixerat
1525 5821 1590 5871 ei.
1620 5820 1764 5885 Vulg.
1791 5822 1949 5885 verbi,
1978 5818 2105 5883 quod

541 5884 733 5934 dixerat
756 5888 802 5934 ei
826 5886 987 5934 Jesus.

598 5893 733 5935 xerat
756 5893 802 5934 ei
826 5893 849 5934 δ
858 5897 987 5938 98118.

606 5945 765 6008 ἔμεναι.
788 5946 895 5997 Non
911 5946 1185 6008 respondes
1219 5944 1512 6007 quicquam?
1548 5944 1691 6007 Vulg.
1716 5942 1821 5993 Non
1840 5944 2111 6007 respondes

615 6006 803 6065 “quam
817 6008 844 6056 ?

2208 5041 2400 5097 Pilato.

2278 5114 2330 5166 4.
2363 5111 2484 5167 vide
2511 5121 2704 5182 quanta
2737 5120 2786 5165 te
2814 5118 3086 5165 accusant.

2280 5183 2331 5235 7.
2365 5198 2486 5237 cum
2519 5182 2787 5238 seditiosis
2816 5182 3015 5236 clusus.

2280 5253 2366 5308 11.
2389 5253 2664 5323 Principes
2685 5263 2859 5306 autem
2884 5250 3228 5323 Sacerdotum
3255 5250 3636 5316 persuaserunt
3656 5249 3762 5295 tur-

2207 5322 2341 5397 liae:
2372 5333 2429 5397 ut
2458 5321 2949 5397 magisABarabbam
2979 5321 3242 5397 dicerent.
3337 5385 3370 5397 ﬂ
3476 5386 3488 5397 .

2277 5383 2363 5447 l5.
2393 5394 2464 5448 At
2495 5383 2573 5447 illi
2601 5395 2995 5458 clamaverunt,
3027 5392 3300 5445 dicentes:
3322 5383 3599 5454 Crucilige
3622 5395 3759 5438 eum.

1718 5487 2021 5541 VARIANT
2028 5485 2107 5540 ES
2146 5483 2542 5538 LECTIONES.

2264 5573 2283 5635 ξ
2320 5572 2423 5635 Gat.
2451 5572 2571 5635 Nam
2592 5575 2641 5622 in
2664 5585 2887 5635 carcere,
2906 5575 3005 5635 qui,
3038 5571 3180 5633 Vulg.
3200 5569 3320 5635 Erat
3341 5574 3526 5625 autem,
3552 5566 3655 5627 qui.
3695 5624 3705 5634 .

2266 5633 2287 5664 ⁸
2319 5634 2424 5682 Gaz.
2448 5634 2542 5683 illis
2566 5647 2651 5694 per
2673 5634 2801 5683 diem
2822 5631 3106 5694 solemnem,
3134 5631 3188 5680 ut
3208 5631 3479 5679 dimitteret
3502 5639 3648 5675 unum
3665 5631 3759 5673 vin-

2202 5703 2360 5760 ctum;
2380 5693 2583 5760 Pilatus.
2611 5694 2755 5760 Vulg.
2780 5694 2892 5745 illis.
2916 5693 3112 5760 Pilatus.
3245 5754 3254 5760 _
3332 5753 3375 5760 _
3417 5750 3428 5760 _
3499 5740 3560 5760 ὴ,

2267 5758 2286 5787 "
2324 5756 2427 5806 Gut.
2454 5757 2669 5807 Baraban
2691 5746 2916 5818 p'etereut
2935 5755 3185 5804 dimittere
3211 5754 3301 5802 eis.
3332 5750 3473 5812 Vulg.
3499 5746 3759 5797 Barabbam

2209 5819 2478 5868 dimitteret
2502 5820 2592 5867 eis.

2273 5879 2293 5909 ⁸
2330 5879 2431 5942 Gal.
2457 5878 2621 5942 vultis,
2643 5887 2697 5929 ut
2717 5873 3073 5942 faciam._Vulg.
3098 5872 3261 5942 vultis,
3288 5873 3476 5923 faciam.

2274 5942 2294 5969 ν
2329 5926 2433 5990 Gal.
2469 5926 2739 5990 dicentes:
2765 5926 3290 5998 Cruciﬁgefcruciﬁge
3318 5947 3447 5984 eum.
3501 5930 3642 5994 Vulg.
3674 5926 3760 5977 cl..-

2172 6042 2177 6067 l
2215 6007 2469 6051 maverunt
2495 6016 2504 6051 :
2530 6001 2765 6063 Crucitige
2790 6012 2919 6048 eum.
