3912 6398
582 290 687 348 839

1279 294 1372 351 AD
1405 287 1963 350 EVANGELIARIUM
2002 285 2268 344 EUSEBI]
2311 286 2604 345 VERCEL.
2645 288 3005 348 APPENDIX.

3713 284 3832 342 840

582 409 768 456 noster
788 400 1109 458 Benedictus
1140 402 1279 470 XIV,
1303 404 1461 458 Pont.
1488 402 1616 474 Opt.
1641 403 1807 470 Mam,
1840 404 1893 456 in
1920 399 2142 454 mirifica
2169 399 2216 458 A
2245 400 2499 472 quidquid
2525 401 2594 456 ad
2615 416 2735 458 eam
2762 403 3017 472 pertinet,
3040 401 3208 472 magis
3244 401 3518 472 magisque
3548 401 3603 457 in
3635 410 3829 471 poste-

580 490 671 545 illa
696 492 1021 547 allocutione
1041 508 1197 562 quam
1244 491 1430 547 habuit
1460 494 1514 548 in
1543 491 1869 548 consistorio
1894 498 2103 545 secreto
2127 528 2141 554 ,

550 584 871 653 ~plaudeute
904 586 1155 640 universo
1173 583 1730 641 eminentissimorum
1763 583 1820 637 S.
1845 581 1908 635 R.
1942 581 2004 636 E.
2025 595 2144 636 car—
2195 652 2197 654 η

579 671 835 727 dinalium
863 686 1017 728 sacro
1038 682 1248 740 senatu,
1295 673 1624 739 declaravit,
1665 687 1726 728 se
1754 680 1900 727 motu
1929 672 2144 740 proprio

580 761 871 815 contulisse
899 775 994 833 per
1015 761 1372 818 honoriﬁcum
1397 762 1606 817 titulum
1631 775 1942 817 FIDEUSSIII
1967 760 2145 816 Sacrae

577 851 837 921 Majestati
865 851 1090 910 Joannis
1114 852 1182 922 ν,
1209 853 1554 924 Portugalliae
1578 865 1633 910 et
1656 838 2042 924 Algarbiorum‘
2059 865 2146 906 re-

573 941 678 1013 gis,
721 942 946 1014 ejusque
968 945 1374 1000 successoribus
1417 944 1655 1014 regibus,
1685 944 1754 998 ob
1780 941 2037 1014 praeclara
2066 941 2145 1010 ip-

571 1032 688 1089 sius
707 1035 850 1104 regis
876 1042 932 1090 et
956 1035 1220 1105 majorum
1259 1050 1478 1092 suorum
1503 1049 1686 1106 regum
1729 1033 1798 1090 de
1827 1034 1931 1089 ﬁde
1963 1033 2145 1088 catho-

575 1125 698 1194 lica,
747 1134 804 1182 ct
828 1126 959 1183 sede
1005 1128 1304 1198 apostolica
1347 1127 1551 1197 optime
1597 1127 1904 1182 meritorum
1951 1131 2141 1196 gesta;

573 1215 734 1273 liceat
761 1216 892 1272 mihi
915 1257 930 1285 ,
960 1218 1386 1274 eminentissime
1410 1219 1679 1288 princeps,
1706 1217 1773 1272 ad
1799 1226 1850 1271 te
1889 1215 2144 1271 beneme-

552 1307 1248 1378 ‘rentissimum'regnorum
1280 1307 1618 1377 Portugalliae
1649 1313 2010 1376 protectorem
2045 1317 2144 1383 per

571 1397 712 1453 hanc
739 1398 1024 1467 epistolam
1051 1397 1416 1456 lmtabundum
1439 1397 1716 1453 accedere.
1761 1395 2009 1452 Ofﬁcium
2039 1392 2145 1448 hoc

523 1511 538 1514 ο
572 1488 703 1543 mihi
730 1488 924 1544 devoto
973 1488 1226 1555 Nomini,
1272 1488 1642 1558 Majestatique
1668 1486 1785 1556 ejus
1823 1483 2145 1555 praetermit-

569 1578 791 1634 tendum
835 1593 946 1633 non
971 1589 1116 1646 erat;
1138 1594 1259 1635 cum
1290 1592 1529 1649 praesens
1579 1576 1992 1649 Evimgeliarium
2014 1591 2144 1646 qua-

571 1667 793 1739 druplex
817 1669 1043 1739 antiquus
1071 1669 1246 1724 latinia
1280 1667 1527 1722 ocrsionis
1579 1665 1608 1720 1
1614 1667 1810 1733 taliae,
1863 1667 1972 1735 jam
2026 1664 2142 1720 fere

2248 507 2367 547 rum
2396 491 2715 548 auctoritate
2743 501 2797 548 et
2841 492 3138 562 patrocinio
3184 492 3322 549 tueri
3362 492 3528 558 velit;
3559 491 3826 568 quoniam

2246 597 2354 638 non
2381 583 2550 638 veteri
2581 592 2786 639 tantum
2816 584 2908 638 illo
2930 583 3093 653 Regis
3115 583 3272 639 titulo
3294 622 3308 650 ,
3350 581 3450 640 sed
3477 596 3620 637 novo
3650 580 3824 638 etiam

2245 672 2348 729 isto
2391 674 2717 729 Fmsussntt
2765 677 2909 728 nunc
2952 673 3237 744 gloriatur,
3270 682 3324 729 et
3368 673 3586 744 gaudet.
3638 673 3826 729 Audio

2245 762 2470 837 probari
2485 764 2580 819 abs
2617 763 2693 820 Te
2714 805 2730 830 ,
2756 774 2919 835 atque
2941 767 3102 820 etiam
3146 764 3393 834 laudari,
3430 772 3712 837 protector
3734 781 3825 822 re-

2243 835 2476 926 gnoruni
2517 856 2858 926 Portugalliae
2904 835 3474 924 benemerentissime.
3523 857 3821 916 consilium

2244 961 2422 1002 meum
2451 946 2519 1003 de
2539 947 2742 1002 edenda
2771 948 3028 1017 particula
3051 947 3195 1004 illius
3219 962 3400 1004 aurea:
3426 948 3781 1008 allocutionis
3799 991 3817 1017 ,

2243 1052 2401 1108 quam
2420 1037 2674 1093 Summus
2695 1037 2942 1094 Pontifex
2965 1037 3153 1093 habuit
3177 1039 3230 1093 in
3258 1038 3584 1096 consistorio
3610 1040 3683 1096 ad
3703 1054 3821 1097 cce-

2244 1137 2354 1183 tum
2401 1130 2950 1187 eminentissimorum
2990 1131 3216 1186 fratrum
3266 1139 3682 1202 purpuratorum
3728 1133 3820 1189 die

2240 1217 2306 1273 2!
2341 1218 2500 1288 hujus
2541 1221 2743 1275 mensis
2773 1221 2996 1291 Aprilis.
3030 1217 3161 1275 Eam
3187 1215 3318 1276 dum
3367 1222 3652 1290 exscribo,
3694 1224 3812 1293 qui-

2243 1309 2466 1367 busdam
2509 1314 2756 1382 ignicuns
2780 1315 3087 1371 christiana:
3132 1313 3501 1371 exsultationis
3525 1313 3810 1386 incendor,

2243 1411 2402 1472 atque
2433 1405 2724 1476 triumpho,
2755 1417 2811 1463 et
2835 1409 3081 1478 gaudeo;
3125 1410 3376 1480 quoniam
3424 1407 3690 1466 Joannem
3745 1410 3813 1477 ν,

2243 1507 2351 1547 non
2382 1497 2488 1548 tam
2516 1496 2629 1564 ipsa
2665 1497 2802 1564 laus,
2827 1513 2985 1568 quam
3015 1500 3232 1554 Summa
3253 1499 3546 1556 Laudamia
3570 1501 3814 1556 auctori-

2243 1589 2324 1635 tas
2349 1583 2532 1639 evehit
2551 1625 2569 1652 ,
2598 1599 2661 1639 ac
2689 1587 2781 1641 illo
2800 1586 2961 1643 donat
2992 1588 3146 1643 titulo
3166 1589 3513 1656 Ftnntssnn,
3540 1606 3648 1661 quo
3668 1605 3817 1646 sem-

2243 1685 2340 1738 per
2365 1673 2550 1739 stetit,
2597 1675 2864 1746 stabitque
2908 1676 3185 1733 Catholica
3221 1678 3460 1734 Romana
3485 1679 3700 1750 religio.
3732 1681 3814 1736 Eu

571 1767 743 1813 totum
785 1759 1107 1828 impressum
1147 1759 1479 1830 sumptibus,
1507 1766 1562 1814 et
1604 1757 1856 1828 auspiciis
1882 1755 2001 1824 ejus
2019 1794 2035 1820 ,
2065 1755 2137 1810 sit
2163 1755 2215 1817 B
2237 1777 2388 1833 ergo,
2419 1780 2540 1834 qua;
2569 1765 2678 1832 me,
2697 1768 2787 1836 qui
2809 1769 2863 1824 in
2893 1770 3049 1824 ιει-ιιίε
3071 1781 3153 1824 εει
3180 1771 3442 1827 maximo;
3463 1812 3480 1838 ,
3507 1786 3570 1829 ιο
3595 1773 3817 1843 “pica-

569 1849 961 1919 quamprimum
983 1851 1038 1906 in
1064 1851 1238 1907 lucem
1260 1850 1618 1921 proditurum.
1657 1848 1892 1914 Etenim,
1924 1853 2142 1916 protec-

569 1946 658 1995 tor
701 1940 1150 2008 eminentissime,
1197 1955 1321 1996 cum
1350 1939 1456 1995 isto
1497 1939 1678 2010 regiae
1723 1935 2143 2006 nuncupationis

572 2031 778 2085 honore
800 2030 892 2100 (de
919 2046 1026 2102 quo
1050 2031 1148 2087 tibi
1172 2033 1336 2086 etiam
1365 2031 1600 2086 maxime
1625 2028 1892 2100 gratulor)
1921 2040 2022 2097 ego
2043 2027 2144 2096 pri-

576 2133 696 2174 mus
721 2119 962 2174 omnium
990 2121 1136 2188 Opus
1161 2121 1456 2190 evulgabo,
1485 2121 1539 2174 in
1583 2133 1691 2190 quo
1710 2117 1887 2173 collati
1926 2117 2143 2172 honori-

573 2206 909 2263 ﬁcentissimi
937 2209 1078 2263 tituli
1108 2217 1279 2264 totum
1303 2217 1388 2264 est
1409 2207 1638 2278 pondus,
1661 2217 1715 2262 et
1742 2205 1930 2262 decus.
1956 2204 2142 2260 Nullus

570 2307 656 2354 est
700 2299 858 2367 liber,
891 2307 950 2354 ut
978 2300 1155 2368 nosti,
1196 2301 1286 2370 qui
1326 2299 1621 2369 sapientius
1661 2298 1877 2368 regibus
1911 2296 2141 2352 suadere

570 2388 742 2457 possit
768 2387 1116 2444 ﬁdelissimos
1155 2403 1365 2455 mores,
1395 2387 1722 2457 Evangelio:
1753 2395 1810 2441 et
1847 2399 2136 2455 numquam

568 2477 821 2532 labuntur
867 2493 1070 2549 regna,
1123 2494 1261 2549 quae
1301 2478 1475 2549 ipsum
1517 2479 1756 2533 audiunt.
1801 2477 1913 2532 Hoc
1940 2491 2140 2546 genere

569 2567 864 2639 magisterii
905 2569 1112 2626 nullum
1149 2580 1232 2627 est
1268 2572 1476 2641 majus,
1527 2571 1733 2626 nullum
1766 2569 1990 2639 publica:
2038 2567 2140 2623 Rei

568 2659 776 2728 utilius,
803 2660 1112 2732 nullumque
1131 2662 1394 2718 Divinius.
1423 2663 1522 2730 Qui
1545 2661 1663 2732 ejus
1691 2661 1893 2716 monita
1917 2658 2137 2713 auribus

565 2752 784 2807 attentis
805 2754 1115 2823 excipiunt,
1146 2767 1276 2809 vere
1296 2752 1483 2809 felices
1503 2793 1518 2820 ,
1550 2753 1745 2817 fausti,
1771 2750 2136 2819 fortunatique

566 2840 779 2897 dicendi
803 2854 965 2908 sunt.
1007 2853 1063 2898 et
1107 2845 1306 2900 habent
1330 2846 1489 2915 longe
1532 2845 1792 2914 optimum
1820 2843 1874 2897 in
1919 2840 2136 2912 populis

567 2933 820 3003 regendis
867 2934 1185 3004 adjutorem.
1246 2936 1423 3004 Magni
1476 2949 1665 3005 reges,
1711 2932 2136 2990 eminentissime

570 3025 850 3094 princeps,
885 3026 940 3079 in
969 3040 1180 3081 summo
1204 3041 1388 3080 rerum
1415 3025 1628 3095 fastigio
1649 3025 1926 3089 collocati,
1958 3021 2136 3092 publi-

2245 1853 2508 1919 tissimus,
2537 1855 2605 1910 de
2635 1865 2782 1911 tanto
2803 1872 2927 1928 rege
2951 1858 3089 1913 dixit
3111 1859 3176 1915 ad
3204 1859 3445 1930 ejusdem
3467 1863 3818 1919 commenda-

2244 1942 2478 2010 tionem,
2504 1953 2560 1999 et
2576 1946 2800 2014 gloriam
2839 1949 3242 2017 sempiternam.
3280 1967 3300 2004 ι
3336 1951 3682 2009 Venerabiles
3711 1955 3817 2010 fra-

2245 2040 2355 2088 tres
2378 2074 2395 2100 ,
2443 2046 2865 2092 consentaneum
2915 2039 3108 2107 plane,
3150 2041 3312 2099 immo
3351 2051 3407 2099 et
3446 2046 3814 2101 necessarium

2244 2123 2569 2180 arbitramur
2592 2125 2868 2184 declarare
2886 2130 3042 2185 vobis
3065 2171 3081 2198 ,
3108 2133 3555 2201 quemadmodum
3579 2137 3634 2191 in
3665 2153 3811 2207 prae-

2241 2215 2416 2269 sentia
2449 2216 2822 2285 declaramus,
2854 2221 3174 2278 cbarissimo
3203 2224 3256 2279 in
3282 2225 3497 2282 Christo
3531 2225 3642 2282 ﬁlio
3685 2242 3814 2284 nos-

2241 2315 2326 2362 tro
2349 2305 2546 2364 Joanni
2566 2309 2930 2383 Portugalliae
2957 2323 3011 2371 et
3029 2314 3408 2386 Algarbiorum
3425 2320 3561 2390 regi,
3579 2320 3811 2392 ejusque

2239 2399 2647 2456 successoribus
2667 2442 2683 2468 ,
2711 2404 2965 2460 collatum
2994 2421 3025 2461 a
3069 2407 3226 2462 nobis
3253 2408 3420 2466 fuisse
3448 2413 3810 2481 perhonorifi-

2237 2502 2358 2543 cum
2403 2490 2726 2549 FtnsLtssm
2767 2496 3016 2564 titulum,
3073 2497 3165 2568 qui
3195 2501 3387 2556 merito
3427 2501 3646 2572 Quidem
3704 2505 3807 2574 ipsi

2240 2582 2556 2640 tribuendus
2581 2585 2885 2643 videbatur.
2917 2589 3131 2645 Etenim
3175 2600 3291 2648 toto
3335 2592 3461 2650 vitae
3505 2610 3620 2650 suae
3641 2612 3810 2653 cursu

2238 2674 2646 2741 praeclarissima
2670 2679 2868 2747 gessit,
2895 2689 2954 2735 ut
2977 2681 3255 2739 catholicae
3292 2684 3571 2756 religionis
3590 2687 3764 2758 gloria
3787 2729 3802 2755 ,

2234 2770 2292 2817 et
2318 2763 2478 2834 hujus
2528 2775 2728 2823 sanctae
2757 2770 2902 2826 sedis
2945 2770 3178 2842 dignitas
3223 2775 3394 2847 magis
3443 2778 3802 2848 ampliﬁcare—

2237 2858 2346 2919 tur,
2375 2862 2480 2908 etc.

2313 2960 2331 2992 ι
2374 2943 2570 3010 Porro,
2600 2961 2757 3016 quam
2788 2951 3044 3020 praeclara
3070 2952 3181 3009 sint
3199 2953 3357 3027 hujus
3382 2959 3523 3028 regis
3550 2960 3605 3015 in
3629 2961 3805 3017 chris-

2237 3032 2436 3087 tianam
2466 3038 2853 3105 rempublicam
2894 3044 3106 3109 merita,
3134 3048 3265 3104 satis
3307 3062 3578 3119 superque
3602 3058 3804 3107 testan-

569 3115 651 3170 cis
677 3129 892 3185 semper
918 3115 1369 3172 sollicitudinibus
1401 3130 1460 3171 se
1484 3123 1746 3171 exercent
1777 3130 1791 3169 :
1818 3128 2019 3184 quare,
2069 3126 2137 3167 ne
2161 3109 2208 3171 C
2241 3129 2328 3176 tur
2353 3125 2664 3192 apostolicze
2698 3128 2889 3185 litterae
2914 3131 3205 3190 Clementis
3250 3137 3323 3195 XI
3341 3179 3357 3205 ,
3376 3109 3803 3210 praedecessoris

567 3206 752 3262 vivere
794 3206 1010 3277 quidem
1051 3216 1300 3277 possent,
1346 3208 1446 3263 nisi
1494 3205 1783 3263 identidem
1813 3205 2137 3262 sacrosancti

570 3297 849 3369 Evangelii
873 3299 1091 3354 lectioni
1133 3314 1194 3355 se
1218 3301 1579 3366 devoverent,
1611 3308 1770 3369 atque
1819 3298 1891 3353 ita
1930 3297 2138 3352 animos

570 3388 821 3444 diuturna
855 3390 1398 3459 rerum'publicarum
1424 3391 1712 3460 agitatione
1741 3389 1989 3459 fatigatos
2008 3429 2024 3456 ,
2056 3387 2138 3443 di-

572 3481 879 3551 vulsosque,
910 3482 1235 3551 reciperent.
1275 3485 1357 3538 Ad
1403 3483 1542 3539 hanc
1584 3482 1747 3537 animi
1795 3480 2135 3536 instauratio-

567 3586 714 3636 nem,
748 3571 962 3642 regibus
987 3581 1266 3643 tantopere
1284 3573 1666 3641 necessariam,
1692 3572 1869 3628 nullus
1897 3581 1981 3627 est
2001 3571 2139 3626 alius

566 3677 634 3720 ex
665 3667 811 3718 omni
838 3664 1124 3720 Librorum
1146 3682 1392 3733 numero,
1421 3681 1578 3735 quem
1607 3663 1895 3733 Evangelio
1925 3676 2137 3732 praepo-

568 3753 802 3810 nendum
823 3754 1062 3811 Joannes
1089 3758 1274 3825 putet?
1300 3756 1672 3826 Evangelium,
1705 3755 1903 3824 regalis
1926 3753 2142 3823 regimi-

561 3839 653 3900 nis
673 3859 830 3900 curas
851 3885 868 3912 ,
898 3853 954 3900 et
981 3844 1369 3901 sollicitudines
1398 3847 1569 3911 levat;
1605 3844 1976 3914 Evangelium,
2009 3843 2141 3913 legi-

569 3934 670 3989 bus
692 3934 1076 3989 dominationis
1097 3943 1274 4003 _totum
1314 3935 1548 4005 pondus,
1595 3938 1659 3990 'ac
1683 3935 1848 3990 robur
1872 3933 2134 4005 impertit;

572 4023 921 4096 Evangeliu‘m
947 4026 1178 4095 denique
1207 4027 1388 4081 throni
1436 4027 1765 4082 consortium
1802 4026 1995 4091 ambit;
2030 4042 2135 4080 non

571 4121 748 4174 tamen
777 4124 839 4169 ut
863 4117 1071 4186 regiam
1097 4120 1468 4174 auctoritatem
1493 4119 1731 4199 minuat,
1763 4118 1858 4174 sed
1871 4121 1954 4171 ‘ut
1991 4133 2138 4172 eam-

571 4201 694 4260 dem
724 4213 957 4274 tueatur,
984 4217 1230 4278 et.regat
1268 4210 1590 4267 fulcimentis
1614 4222 1871 4266 aeternum
1918 4209 2138 4301 duratu-

572 4293 668 4350 ris.
687 4295 866 4364 Itaque
886 4296 1076 4350 Joanni
1102 4297 1164 4361 ν,
1188 4315 1216 4352 a
1244 4301 1464 4368 pietate,
1491 4317 1522 4355 a
1545 4303 1803 4366 moribus,
1830 4317 1861 4355 a
1882 4293 2138 4374 religione

575 4384 892 4441 ﬁdelissimo
930 4395 1047 4441 erat
1081 4387 1185 4441 hoc
1229 4391 1657 4459 Evangeliarium
1695 4395 2133 4462 nuncupandum;

2240 3213 2440 3278 nostri,
2469 3228 2603 3292 quas
2634 3215 2742 3272 duo
2767 3220 3036 3279 volumina
3065 3223 3121 3280 in
3160 3225 3332 3283 lucem
3360 3228 3503 3284 edita
3531 3233 3802 3302 complec-

2240 3309 2443 3356 tuntur.

2313 3409 2335 3443 ι
2379 3392 2692 3464 Siquidem,
2726 3407 2784 3453 ut
2822 3400 3063 3472 ejusdem
3117 3407 3385 3477 pontificis
3438 3410 3702 3469 voluntati
3745 3424 3800 3470 et

2235 3483 2477 3540 consiliis
2502 3487 2892 3547 obsecundaret
2912 3533 2928 3559 ,
2955 3495 3212 3564 plurimas
3233 3499 3288 3554 in
3311 3499 3612 3558 subsidium
3629 3520 3798 3561 naves

2205 3617 2208 3621 .
2234 3576 2627 3664 suppeditavit,
2657 3596 2764 3650 quo
2789 3591 3035 3654 tempore
3051 3588 3343 3646 Turcarum
3366 3601 3626 3664 tyrannus
3652 3598 3799 3654 insu-
3883 3585 3885 3587 1

2237 3662 2304 3718 la:
2331 3662 2654 3736 Corcyrensi
2697 3686 2818 3726 cum
2848 3676 3177 3734 validissimo
3200 3662 3440 3739 exemita
3469 3685 3754 3744 imminens
3779 3729 3794 3753 ,

2236 3767 2346 3819 non
2371 3754 2544 3809 solum
2569 3757 2891 3816 Venetorum
2917 3766 3244 3837 reipublicae,
3269 3773 3364 3828 sed
3390 3777 3652 3833 universae
3669 3794 3798 3849 quo-

2238 3859 2343 3912 que
2367 3843 2553 3913 ltalim,
2584 3857 2639 3902 et
2671 3853 2795 3905 huic
2822 3855 2958 3919 urbi,
3002 3873 3122 3927 quae
3155 3862 3317 3916 tOtius
3363 3843 3794 3924 christianaa‘rc—

2237 3935 2452 4006 ligionis
2493 3951 2656 4010 caput
2683 3953 2794 4010 est,
2825 3949 3116 4015 perniciem
3152 3962 3217 4016 et
3239 3956 3600 4015 calamitatem
3627 3962 3796 4016 mina-

2235 4029 2416 4086 batur.

2313 4142 2333 4176 ι
2375 4123 2485 4181 Nos
2513 4127 2611 4196 ipsi
2650 4127 2792 4198 jure,
2840 4146 2901 4186 ac
2931 4134 3125 4189 merito
3167 4137 3352 4192 testari
3400 4151 3793 4207 possumus,et

2235 4229 2424 4271 revera
2473 4225 2768 4286 testamur,
2811 4225 3062 4279 eumdem
3115 4241 3294 4296 regem
3349 4242 3499 4284 suam
3529 4247 3792 4301 nunquam

2237 4319 2454 4374 operam
2477 4323 2506 4361 a
2532 4310 2686 4366 nobis
2717 4312 3016 4372 desiderari
3045 4331 3263 4386 passum
3285 4334 3438 4388 esse,
3471 4321 3560 4377 ubi
3589 4339 3675 4379 res
3698 4323 3793 4380 fuit

2237 4397 2325 4449 vel
2349 4397 2418 4452 de
2446 4399 2758 4469 retinenda,
2784 4409 3132 4478 augendaque
3154 4408 3436 4482 Religione
3455 4452 3472 4479 ,
3495 4414 3580 4469 vel
3603 4415 3670 4471 de
3696 4417 3791 4472 ltu-

570 4476 824 4548 quoniam
855 4477 971 4547 ipse
997 4476 1322 4533 Fidelissimi
1347 4479 1510 4548 Regis
1539 4480 1766 4548 palmam
1791 4481 2053 4547 obtinuit,
2082 4495 2136 4537 et
2159 4463 2214 4522 Ῑ)
2235 4483 2322 4552 jus
2367 4498 2568 4576 sanctae
2609 4463 2755 4548 sedis
2799 4463 3059 4566 dignitate
3101 4463 3792 4576 tuend:._-ins,trper—nob‘is

571 4570 641 4626 ad
660 4579 887 4628 caeteras
911 4587 1037 4627 suas
1065 4571 1249 4628 laudes
1264 4611 1280 4637 ,
1304 4571 1442 4626 hanc
1463 4570 1624 4626 etiam
1653 4570 1886 4638 addidit,
1915 4580 1973 4626 ut
1991 4587 2138 4627 com-

572 4663 721 4717 muni
742 4663 980 4719 omnium
1007 4663 1324 4734 populorum
1352 4675 1618 4718 consensu
1645 4661 2014 4718 Fidelissimus
2040 4678 2138 4717 no-

570 4753 825 4819 minetur,
855 4763 916 4810 et
941 4753 1036 4810 sit.
1063 4754 1301 4811 Decebat
1329 4753 1506 4824 magni
1531 4753 1752 4809 Joannis
1781 4767 1976 4808 nomen
2023 4752 2138 4823 pri-

571 4859 717 4900 mum
738 4859 861 4899 cum
885 4845 989 4900 isto
1011 4847 1166 4901 titulo
1191 4847 1246 4900 in
1271 4845 1444 4902 fronte
1471 4845 1879 4918 Evangeliorum
1902 4843 2138 4899 colloca-

569 4932 650 4999 ri;
677 4933 930 5003 quoniam
971 4948 1040 4990 eo
1067 4941 1338 5006 tamquam
1381 4935 1623 5005 speculo,
1661 4937 1714 4991 in
1753 4934 2136 4992 concordando

569 5040 736 5097 regno
760 5041 884 5082 cum
901 5027 1223 5095 sacerdotio,
1239 5042 1452 5097 semper
1477 5030 1551 5083 uti
1575 5027 1834 5099 gloriatus
1859 5034 1963 5084 est.
1987 5027 2138 5099 Ulyso

569 5115 816 5186 siponem
845 5131 973 5186 ergo
1002 5118 1158 5171 laetus
1179 5118 1370 5172 invisat
1397 5117 1548 5174 labor
1577 5118 1666 5176 hic
1714 5134 1898 5185 meus,
1928 5119 2136 5189 sibique

569 5207 838 5277 auspicem
869 5215 1076 5278 quazrat
1101 5217 1304 5262 tantum
1330 5223 1545 5278 regem,
1576 5211 1664 5280 qui
1705 5211 1984 5267 catholicae
2012 5212 2138 5265 reli-

569 5296 964 5366 gioniundique
987 5295 1294 5352 ﬁdelissime
1322 5298 1701 5366 patrocinatur.
1733 5301 1972 5356 Romana
1999 5299 2135 5356 ﬁdes

569 5402 785 5459 semper
808 5399 1117 5459 regnatura,
1141 5405 1283 5444 nunc
1311 5388 1540 5446 arctiore
1567 5392 1795 5460 quodam
1818 5393 2031 5448 vinculo
2055 5393 2137 5461 ip-

566 5491 684 5537 sum
715 5480 992 5551 complexa
1035 5489 1156 5545 est;
1199 5489 1362 5550 atque
1391 5481 1531 5535 inter
1565 5481 1738 5551 Reges
1762 5481 2133 5540 Fidelissimos

571 5565 743 5637 ipsum
787 5569 1076 5642 recipiens,
1121 5570 1295 5640 poscit
1326 5571 1578 5643 peculiari
1622 5572 1850 5642 quodam
1888 5572 2008 5644 jure
2033 5617 2045 5640 ,
2075 5583 2134 5629 ut

2237 4573 2606 4665 pontiﬁcatum
2633 4585 2967 4651 gerentibus,
2998 4590 3285 4647 nonnullos
3307 4573 3650 4665 episcopatus
3677 4600 3792 4655 fun-

2237 4663 2386 4723 davit
2407 4665 2460 4720 in
2499 4672 2877 4731 remotissimis
2904 4677 3124 4749 dominii
3152 4683 3234 4737 sui
3266 4663 3529 4753 partibus,
3571 4689 3661 4746 ubi
3703 4707 3791 4748 so-

2238 4755 2348 4810 lum
2380 4756 2628 4831 [nﬁdeles
2666 4769 3037 4837 versabantur,
3077 4773 3360 4844 videlicet,
3410 4787 3467 4833 ut
3507 4779 3787 4838 christiana

2239 4846 2374 4904 ﬁdes
2417 4850 2614 4907 ibidem
2640 4868 3046 4928 propagaretur.
3075 4863 3392 4922 Omittemus
3419 4867 3506 4924 hic
3531 4872 3693 4926 verba
3720 4874 3788 4927 fa-

2241 4951 2364 5032 cere
2393 4939 2459 5032 de
2485 4945 2735 5000 maximis
2755 4988 2770 5012 ,
2801 4963 2864 5004 ac
2889 4952 3049 5020 plane
3069 4954 3229 5026 regiis
3255 4959 3558 5028 sumptibus
3578 5001 3595 5029 ,
3617 4964 3704 5032 qui
3726 4963 3789 5019 ab

2243 5029 2359 5097 ipso
2385 5031 2554 5098 ﬁunt,
2582 5045 2645 5089 ut
2671 5038 2927 5096 ministris
2956 5044 3021 5098 ad
3063 5046 3336 5109 obeundas
3363 5063 3547 5106 sacras
3584 5029 3789 5109 missio-

2241 5135 2337 5176 nes
2357 5128 2658 5182 necessaria
2688 5133 3112 5201 suppeditentur.
3151 5137 3321 5197 Taciti
3348 5149 3526 5199 tamen
3557 5148 3787 5215 praeteri-

2236 5227 2294 5268 re
2332 5229 2440 5269 non
2482 5216 2740 5301 debemus
2786 5223 3057 5297 victorias,
3109 5245 3242 5301 quas
3283 5243 3529 5292 recenter
3572 5238 3624 5292 in
3666 5240 3783 5294 Asia

2231 5309 2592 5376 comparavit,
2625 5321 2681 5366 et
2724 5327 2922 5384 novas,
2949 5334 3081 5389 quas
3111 5326 3349 5394 suscepit
3390 5324 3779 5398 expeditiones;

2236 5408 2290 5452 et
2311 5398 2615 5469 huiusmodi
2639 5406 2880 5474 profecto
2919 5410 3062 5467 bella
3094 5413 3326 5473 libenter
3352 5434 3476 5476 cum
3505 5420 3612 5476 illis
3649 5437 3781 5476 com-

2235 5489 2556 5560 parabimus,
2611 5511 2732 5566 quas
2780 5499 3087 5560 Gennadius
3134 5509 3389 5575 patricius
3431 5521 3488 5567 et
3532 5515 3781 5569 exarchus

2233 5577 2426 5636 Africae
2457 5581 2684 5645 feliciter
2709 5591 2910 5660 gessit;
2943 5603 2997 5651 et
3038 5595 3228 5655 eadem
3259 5615 3479 5670 prorsus
3503 5604 3777 5661 afﬁrmabi-
