3912 6426
155 433 251 488 ειι

997 497 1006 508 _
1038 426 1423 486 LECTIONES
1462 423 1851 480 VARIANTES
1891 423 2530 481 EVANGELISTARUM.

3299 427 3403 483 8J2

155 558 294 612 mus,
323 558 444 614 qua:
493 543 560 599 de
590 543 696 598 illis
739 553 959 600 sanctus
1012 540 1305 613 Gregorius
1358 539 1723 610 prmdecessor
1751 539 1795 597 Α
1826 537 2130 592 sultationis
2157 537 2413 592 officium.
2457 539 2607 608 Quod
2638 539 2762 593 dum
2792 549 2992 609 prmsto
3018 581 3033 605 ,
3063 542 3165 610 ipsi
3195 556 3409 612 quoque

156 644 334 688 noster
364 633 432 689 ad
460 623 994 704 ips'umCennadium
1036 634 1254 702 scripsit
1280 674 1294 696 ,
1319 633 1404 686 his
1431 632 1611 685 verbis
1642 639 1668 666 ι
1707 647 1743 703 εγ

159 722 257 778 Ubi
284 724 421 777 enim
469 725 761 778 meritorum
789 733 1067 777 vestrorum
1115 723 1304 791 loquax
1339 738 1442 775 non
1482 719 1729 773 discurrit

159 813 373 882 opinio!
397 813 522 879 Quae
559 822 607 868 et
630 814 761 868 bella
781 829 868 868 vos
903 816 1190 884 frequenter
1218 821 1473 881 appetere,
1506 827 1606 864 non
1633 811 1723 863 de-

154 905 342 958 siderio
367 905 616 974 fundendi
639 906 922 977 sanguinis,
952 904 1041 958 sed
1065 904 1344 957 dilatando:
1372 918 1528 955 causa
1552 901 1726 968 reipu-

156 995 319 1058 blicre,
352 995 407 1047 in
426 1011 526 1064 qua
553 994 718 1054 Deum
760 995 861 1050 coli
887 995 1229 1061 conspicimus
1249 1033 1265 1058 ,
1314 992 1573 1062 loquitur:
1600 1007 1728 1056 qua-

150 1097 301 1140 tenus
331 1084 520 1141 Christi
561 1103 740 1141 nomen
769 1101 858 1152 per
901 1085 1129 1138 subditas
1157 1092 1327 1151 gentes
1359 1080 1508 1134 Fidei
1537 1081 1729 1152 pradi-

154 1181 355 1232 catione
379 1178 773 1246 circumquaque
791 1176 1061 1228 discurrat.
1109 1172 1360 1240 Ejusdem
1387 1172 1557 1224 sancti
1595 1185 1728 1238 pon—

158 1269 316 1325 [ilicis
361 1268 511 1324 verbi
559 1282 944 1337 prosequemur
993 1263 1275 1317 :Plurima
1328 1279 1420 1332 pro
1456 1261 1728 1333 pascendis

156 1362 334 1414 ovibus
365 1359 504 1414 beati
529 1358 677 1412 Petri
725 1357 1082 1426 Apostolorum
1127 1354 1374 1422 principis
1423 1351 1730 1404 utilitatibus

156 1449 527 1506 Excellentiam
566 1448 794 1504 vestram
835 1447 1133 1517 praestitisse
1173 1446 1464 1497 didicimus.
1509 1443 1726 1496 Oratio-

158 1559 280 1599 nem
335 1542 550 1597 tandem
599 1549 834 1594 nostram
866 1539 1206 1592 absolvemus
1230 1577 1244 1601 ,
1273 1519 1726 1603 quemadmodum

157 1646 212 1691 et
242 1645 460 1690 sanctus
485 1632 776 1702 Gregorius
807 1631 1088 1702 epistolam
1111 1627 1341 1683 absolvit
1372 1641 1524 1680 suam
1558 1644 1572 1680 :
1599 1624 1741 1679 Per-‘

159 1729 411 1782 solventes
437 1735 661 1796 paterna:
681 1724 944 1778 charitatis
973 1721 1269 1791 alloquium,
1303 1720 1518 1787 petimus
1550 1714 1734 1769 Domi-

159 1837 315 1883 num,
351 1819 770 1886 Saluatoremque
816 1826 1078 1878 nostrum,
1127 1815 1214 1880 qui
1255 1809 1736 1864 Eminentiam‘Ve-

1829 644 1891 682 ex
1923 631 2101 682 animo
2138 629 2415 697 gratulor;
2445 632 2529 686 cui
2577 631 2677 686 etsi
2721 645 2914 700 magna
2955 641 3036 684 cst
3066 631 3414 700 gravissimo-

1830 736 1945 774 rum
1979 722 2314 790 negotiorum
2369 723 2619 791 imposita
2669 724 2872 788 moles,
2906 739 3028 778 eam
3058 734 3236 777 tamen
3294 725 3412 792 ipse

1829 829 2033 867 summa
2067 829 2186 867 cum
2215 814 2374 870 laude
2414 825 2572 885 atque
2618 815 2864 889 omnium}
2892 813 3248 868 admiratione
3294 829 3416 870 sus-

1830 906 1993 959 tinet:
2017 922 2081 960 ex
2106 922 2212 975 quo
2234 908 2608 976 consequitur,
2655 914 2713 960 ut
2750 921 2854 960 non
2882 907 3041 960 modo
3067 906 3229 975 Regis
3252 906 3418 962 Fide-

1831 999 2018 1052 lissimi
2051 1000 2310 1054 voluntati
2334 999 2553 1060 serviat,
2587 998 2728 1066 quod
2752 1012 2962 1052 summa
2987 998 3142 1051 laude
3166 997 3415 1065 dignum,

1831 1093 1920 1145 sed
1941 1094 2101 1145 etiam
2131 1101 2187 1146 ut
2212 1095 2462 1154 consulat
2491 1090 2788 1161 Majestati,
2811 1107 2916 1161 quo
2947 1089 3266 1144 laudabilius
3296 1103 3420 1143 esse

1833 1183 1962 1236 nihil
1993 1193 2188 1252 potest.
2216 1183 2375 1238 Vivat
2403 1185 2567 1253 igitur
2594 1184 2644 1236 in
2674 1198 2844 1235 annos
2878 1182 3163 1250 plurimos,
3183 1190 3341 1250 atque
3367 1181 3420 1233 in

1832 1284 2090 1328 aatcruum
2120 1275 2263 1328 vivat
2291 1290 2413 1329 cum
2440 1275 2679 1336 Christo,
2702 1275 2854 1342 cujus
2875 1272 3062 1328 Ordini
3107 1272 3425 1338 Militimque

1835 1381 2026 1418 nomen
2057 1365 2226 1418 dedit.
2253 1365 2351 1419 Hic
2379 1376 2463 1419 est
2486 1373 2732 1419 votorum
2764 1380 3009 1418 meorum
3041 1366 3272 1429 scopus;
3309 1363 3426 1416 ha'c

1836 1455 2189 1527 Evangeliarii
2236 1457 2621 1526 quadruplicis,
2655 1456 2794 1524 quod
2827 1470 2955 1525 gero
2983 1455 3034 1506 in
3068 1464 3312 1522 pectore,
3343 1451 3427 1505 di-

1836 1546 2092 1614 sciplina;
2123 1547 2224 1599 hoc
2250 1547 2639 1614 magisterium.
2667 1546 2819 1600 Nunc
2844 1561 2995 1609 vero,
3023 1544 3316 1598 eardinalis
3339 1558 3423 1597 εει

1838 1636 2176 1704 piet'ttissime
2196 1677 2210 1702 ,
2236 1646 2443 1690 tantum
2473 1635 2654 1700 abest,
2691 1649 2746 1691 ut
2768 1654 2866 1708 ego
2889 1656 2915 1688 a
2949 1637 3248 1705 majoribus
3267 1635 3378 1690 tuis
3407 1677 3422 1700 ,

1837 1727 1982 1780 omni
2014 1726 2209 1781 decore
2235 1727 2604 1796 afﬂuentibus,
2633 1730 2696 1783 ad
2724 1738 2773 1784 te
2802 1714 3102 1783 ornandum
3129 1731 3422 1798 quidquam

1838 1818 2079 1872 hauriam
2107 1859 2123 1885 ,
2155 1819 2396 1874 utetiam
2420 1821 2473 1874 in
2499 1832 2549 1876 te
2579 1822 2685 1885 sit,
2718 1822 2861 1891 quod
2893 1820 2958 1875 ad
2983 1820 3106 1874 illos
3131 1818 3428 1874 redundet.

156 1925 316 1968 stram
337 1929 430 1984 pro
452 1913 636 1966 solatio
661 1921 851 1965 sancta:
874 1907 1170 1977 reipublica:
1199 1903 1594 1958 misericorditer
1617 1919 1736 1971 pro-

1847 1909 1897 1965 Si
1929 1919 2106 1964 tamen
2133 1909 2263 1963 mihi
2285 1911 2352 1964 de
2383 1919 2436 1966 te
2457 1911 2675 1965 aliunde
2702 1911 2930 1980 petenda
2956 1922 3104 1966 esset
3121 1911 3262 1973 laus,
3287 1909 3434 1965 unde

165 2008 335 2077 tegat,
389 2016 438 2059 et
467 2005 536 2058 ad
583 2004 905 2058 dilatandam
933 2019 1023 2073 per
1071 2000 1316 2063 ﬁnitimas
1353 2007 1524 2072 gentes
1554 2011 1736 2049 nomen

160 2101 272 2170 ejus
302 2098 468 2166 magis
498 2095 760 2166 magisque
783 2093 978 2148 brachii
1004 2093 1079 2145 sui
1111 2090 1354 2161 ﬁrmitate
1381 2092 1646 2157 confortet.

241 2189 354 2243 Huc
382 2203 554 2257 usque
595 2187 1020 2256 sapientissimus
1069 2183 1388 2237 Benedictus
1418 2195 1552 2251 papa
1600 2179 1736 2245 XIV,

166 2279 260 2351 qui
290 2280 559 2350 pmclaris
602 2293 820 2333 suorum
870 2277 1324 2347 praedecessorum
1370 2273 1631 2343 exemplis
1661 2273 1743 2326 in-

167 2373 389 2438 sistens,
413 2370 603 2426 Joanni
631 2370 700 2434 V,
724 2369 790 2424 de
818 2368 1083 2424 catholica
1114 2368 1239 2431 lide,
1262 2381 1326 2421 ac
1354 2366 1421 2420 de
1449 2365 1741 2435 apostolica

168 2464 302 2520 sede
326 2463 888 2523 benetuerentissimo,
917 2461 1127 2514 titulum
1158 2473 1220 2512 ac
1243 2468 1558 2511 ornamenta
1585 2456 1744 2510 Fine-

167 2570 360 2611 Ltssnn
407 2554 632 2623 largitus
673 2559 775 2607 est.
821 2548 1204 2605 Sauctissimus
1235 2547 1358 2600 Pius
1405 2544 1448 2599 V
1476 2546 1743 2612 (quantus

169 2645 495 2714 Pontifex!)
544 2645 723 2698 Sacra:
751 2641 1014 2711 Majestati
1041 2638 1344 2695 Sebastiani
1395 2637 1742 2705 Portugalliae

171 2747 227 2794 et
260 2737 640 2806 Algarbiorum
686 2736 866 2803 regis,
893 2733 1079 2801 ipsius
1103 2730 1329 2786 Joannis
1357 2729 1398 2784 ν
1430 2728 1616 2798 optimi
1646 2727 1743 2782 de-

172 2828 441 2892 cessoris,
474 2830 572 2895 pro
619 2823 897 2879 immensis
937 2821 1248 2886 laboribus,
1279 2829 1442 2887 atque
1469 2819 1742 2888 operibus,
1773 2813 1782 2823 ’

169 2920 233 2974 ad
264 2918 542 2974 catholicae
587 2917 707 2972 fidei
757 2915 1191 2986 protragationem
1224 2910 1611 2982 procurandum
1653 2926 1748 2964 ex-

172 3010 399 3074 haustis,
429 3008 794 3064 honbrabilem
826 3008 1058 3077 aliquem
1094 3006 1333 3069 titulum,
1365 3015 1632 3073 tamquam
1661 3017 1747 3056 re-

155 3111 289 3156 ‘rum
339 3101 595 3171 prmclare
644 3108 914 3169 gestarum
968 3097 1147 3168 jugem
1195 3096 1460 3160 indicem,
1500 3090 1750 3170 conferre
1779 3116 1789 3130 ‹-

172 3187 423 3266 οῂιὶιῖιτιις
459 3203 517 3248 ιιι
545 3193 684 3248 idem
714 3191 1037 3247 Benedictus
1060 3203 1192 3258 papa
1212 3185 1354 3250 XIV,
1381 3185 1469 3240 die
1494 3183 1566 3237 ‘23
1597 3198 1748 3237 men-

1841 2002 1993 2068 plura
2020 2011 2370 2072 suppeterent
2401 2011 2742 2068 ornamenta,
2766 2019 2926 2071 quam
2951 2018 2979 2055 a
3007 2003 3289 2057 Clemente
3312 2000 3426 2065 XII,

1843 2103 2033 2162 patruo
2060 2102 2173 2159 tuo,
2223 2094 2290 2147 ad
2317 2095 2610 2148 multorum
2654 2094 2932 2160 invidiam,
2972 2093 3038 2146 ad
3069 2091 3315 2147 omnium
3337 2093 3435 2146 ad.

1844 2187 2184 2240 mirationem
2229 2185 2484 2254 pontifice
2509 2201 2636 2239 vere
2663 2199 2880 2253 magno,
2927 2184 3017 2238 cui
3045 2184 3094 2237 in
3137 2184 3301 2238 terris
3341 2198 3432 2237 su-

1844 2292 2082 2346 premam
2115 2278 2452 2348 dignitatem,
2478 2277 2536 2331 S.
2561 2277 2627 2330 R.
2659 2277 2720 2331 E.
2753 2275 3110 2330 cardinalium
3142 2275 3433 2342 collegium

1845 2385 1948 2423 non
1968 2369 2123 2439 quasi
2148 2379 2386 2437 optatam
2406 2370 2724 2430 contulisse.
2746 2352 2840 2423 sed
2865 2369 3020 2438 quasi
3046 2368 3282 2422 debitam
3306 2381 3430 2436 pero

1844 2463 2070 2514 solvisse
2100 2460 2326 2529 quisque
2354 2461 2673 2514 testabatur.
2703 2461 2778 2513 De
2809 2460 2914 2512 tuis
2942 2469 3123 2511 autem
3153 2456 3431 2523 laudibus.

1845 2559 2041 2621 quanta
2085 2551 2372 2605 scribenda
2420 2550 2638 2605 forent!
2672 2552 2777 2606 Sed
2806 2553 2933 2619 quia
2967 2561 3140 2604 tecum
3169 2549 3320 2618 quasi
3349 2549 3432 2604 lo-

1845 2659 2000 2712 quor,
2036 2657 2105 2697 ne
2129 2643 2334 2696 servire
2366 2643 2470 2696 tuis
2498 2641 2721 2696 auribus
2765 2643 2975 2707 videar,
3009 2643 3137 2695 nolo
3160 2640 3248 2696 hic
3276 2641 3434 2710 plura

1846 2733 2107 2787 scribere.
2141 2733 2345 2802 Itaque,
2377 2732 2667 2786 cardiualis
2697 2730 3100 2806 sapientissime
3127 2730 3254 2802 (cui
3284 2745 3435 2785 sum-

1850 2839 1988 2877 mam
2011 2823 2234 2892 juvandi
2265 2824 2476 2877 litteras
2508 2823 2837 2876 voluntatem
2870 2822 3015 2876 Deus
3039 2821 3271 2892 tribuit),
3297 2835 3437 2890 quo-

1849 2913 1993 2967 niam
2037 2913 2103 2967 ad
2141 2913 2394 2968 eximium
2443 2913 2611 2966 decus
2656 2913 2922 2981 ingenitae
2962 2913 3274 2967 clementia:
3324 2915 3431 2967 tua:

1849 3019 1985 3059 nova
2016 3020 2157 3058 nunc
2189 3014 2242 3059 te
2290 3011 2447 3059 vocat
2474 3005 2978 3072 occasio,'suscipc,
3014 3020 3218 3074 qumso,
3273 3004 3436 3072 hujus

1813 3090 2028 3164 “aperis
2052 3095 2442 3165 prosecutionis
2472 3095 2611 3165 apud
2649 3098 2849 3165 ttegem
2896 3095 3297 3151 Fidelissimum
3333 3112 3432 3166 pa-

1855 3187 2160 3242 trocinium.
2191 3187 2434 3241 Restitne
2466 3187 2576 3252 illi,
2608 3201 2727 3256 quae
2751 3198 3050 3257 temporum
3079 3190 3433 3257 perversitas,

175 3287 248 3340 sis
281 3285 594 3342 Decembris
622 3283 784 3349 {7&8,
830 3280 1103 3336 mandavit
1129 3279 1340 3339 litteris,
1373 3278 1426 3331 in
1454 3290 1624 3330 azvum
1653 3289 1748 3344 pe-
1775 3268 1821 3332 C
1851 3281 1968 3345 vel,
2008 3293 2065 3335 ut
2114 3281 2222 3334 alio
2265 3279 2447 3356 verius
2506 3295 2666 3334 causa
2730 3281 3032 3346 derivetur,
3087 3291 3434 3351 peccaturum

175 3377 502 3435 rennaturis.
539 3374 645 3432 Sed
690 3373 882 3430 Joanni
933 3373 995 3436 V,
1045 3371 1197 3438 cujus
1229 3369 1465 3446 pietatis
1515 3381 1580 3420 ac
1625 3363 1747 3419 ﬁdei

176 3476 521 3524 monumenta
549 3482 656 3521 non
685 3474 949 3528 vetustas,
980 3477 1084 3516 non
1115 3460 1316 3514 oblivio
1355 3456 1558 3512 delebit
1601 3456 1706 3508 ulla
1731 3495 1746 3519 ,

179 3568 354 3613 tantus
378 3557 553 3611 honos
579 3555 974 3610 reservabatur.
1011 3551 1112 3619 Ipsi
1139 3549 1282 3604 enim
1313 3548 1549 3615 primum
1580 3544 1749 3597 Fine-

178 3663 362 3703 Ltssnn
386 3660 540 3702 sacis
569 3644 755 3699 titulus
776 3642 1006 3696 collatus
1043 3648 1157 3704 est,
1209 3652 1368 3707 quem
1399 3651 1517 3690 cum
1548 3634 1746 3703 posteri

180 3734 653 3806 lmreditariojure
675 3724 1059 3801 adipiscentur,
1083 3714 1305 3783 Joannis
1334 3727 1370 3780 V
1419 3725 1600 3790 fidem,
1632 3739 1750 3792 quae

179 3827 416 3883 omnium
458 3827 710 3881 virtutum
743 3832 826 3879 est
852 3822 1024 3887 radix,
1066 3836 1131 3876 eo
1174 3818 1523 3891 praedicante,
1552 3831 1750 3887 cogno-

180 3929 362 3986 scent;
394 3930 470 3986 et,
499 3934 620 3975 cum
649 3919 1024 3989 cognoverint,
1053 3914 1155 3985 ipsi
1181 3912 1394 3985 quoque
1412 3914 1603 3967 amula
1633 3912 1752 3966 imi-

182 4013 378 4068 tatione
426 4012 814 4082 praedicabunt.
847 4010 1066 4075 Tuone,
1097 4009 1247 4064 card.
1293 4005 1748 4072 eminentissime,

181 4120 244 4160 an
275 4121 398 4161 meo
423 4104 596 4159 dicam
641 4103 782 4158 felici
813 4103 1102 4172 contigisse
1129 4101 1257 4166 fato,
1284 4110 1344 4154 ut
1369 4115 1545 4156 moras
1573 4110 1753 4152 necte-

181 4206 261 4253 ret
286 4197 466 4252 dirina
517 4194 804 4251 clementia
829 4194 1035 4264 jamdiu
1061 4199 1284 4246 maturae
1313 4189 1470 4257 hujus
1518 4187 1752 4255 Evange-

183 4292 318 4345 liarii
340 4289 697 4360 quadruplicis
726 4284 984 4342 editioni?
1004 4283 1082 4336 Tu
1110 4280 1358 4349 quidem,
1392 4279 1436 4331 si
1462 4286 1608 4331 tuum
1626 4291 1751 4330 sen-

182 4398 294 4439 sum
321 4385 626 4454 explorem,
672 4381 753 4434 vis
798 4392 883 4432 me
910 4376 1014 4430 hoc
1043 4374 1280 4427 tribuere
1306 4370 1536 4425 fortuna:
1565 4384 1699 4423 meae
1733 4388 1747 4423 :

185 4490 413 4546 namque
463 4474 536 4526 ita
582 4470 871 4532 eveniens,
918 4465 987 4520 ad
1033 4478 1213 4533 regem
1255 4461 1517 4517 Joannem
1544 4460 1585 4514 ν
1629 4460 1752 4514 huic

181 4566 339 4634 Operi
395 4560 678 4632 gloriosior
724 4557 900 4611 aditus
949 4563 1113 4624 patet.
1148 4553 1210 4607 Ei
1261 4568 1494 4622 namque
1541 4551 1752 4607 sistitur

1853 3374 2095 3425 meorum
2127 3371 2208 3424 vis
2237 3371 2453 3438 eripuit.
2486 3369 2614 3424 llaec
2656 3381 2737 3424 est
2787 3372 2928 3426 actio
2958 3371 3115 3440 digna
3143 3371 3424 3435 cardinali.

1851 3460 2007 3530 digna
2041 3461 2313 3528 principe;
2348 3459 2509 3512 Nerio
2532 3474 2663 3515 vero
2685 3469 2747 3520 et
2776 3461 3039 3514 cardinali
3066 3503 3082 3527 ,
3115 3472 3169 3516 et
3190 3461 3433 3531 principe

1850 3553 2185 3622 dignissima.
2221 3552 2364 3606 Vidit
2384 3553 2525 3606 alma
2555 3553 2749 3615 Roma,
2772 3553 2901 3606 dum
2940 3567 3165 3622 magnus
3193 3563 3316 3607 tuus
3338 3569 3434 3623 pa-

1851 3652 2007 3703 truus
2039 3644 2261 3709 viveret,
2320 3653 2462 3696 tuam
2492 3644 2818 3712 praeteritam
2873 3643 3035 3694 vitam
3071 3660 3085 3694 :
3117 3643 3185 3695 ab
3212 3658 3274 3698 ea
3298 3643 3433 3696 nihil

1851 3750 2102 3805 ttmquam
2126 3733 2353 3799 humile,
2379 3733 2512 3786 nihil
2535 3733 2848 3797 obscurum,
2878 3732 3009 3785 nihil
3032 3733 3282 3801 vulgare;
3310 3749 3429 3787 am-

1853 3826 1939 3895 pla
1961 3828 2162 3888 omnia,
2188 3826 2468 3895 praeclara.
2498 3824 2736 3878 inusitati
2761 3823 3015 3896 exempli.
3042 3824 3172 3889 Qua:
3199 3833 3277 3892 tu,
3300 3840 3432 3895 quo-

1853 3920 2000 3976 niam
2029 3934 2056 3971 a
2101 3927 2152 3971 te
2191 3917 2311 3986 ipso
2349 3916 2638 3971 dissentire
2681 3931 2785 3970 non
2824 3924 3002 3984 potes,
3033 3932 3175 3971 nunc
3216 3928 3433 3989 queque
3475 3945 3479 3949 τ

1855 4019 2078 4078 praestas
2109 4010 2394 4073 universis,
2422 4023 2746 4077 semperque
2759 3998 3071 4076 praestabis.
3095 4010 3430 4080 Quicumque

1853 4099 2015 4152 futuri
2056 4105 2182 4152 sunt
2211 4114 2282 4153 ex.
2318 4098 2417 4151 bac
2450 4098 2687 4152 editione
2711 4099 2985 4165 prolectus
3018 4094 3103 4168 (in
3131 4099 3430 4156 reStituett-

1851 4188 1933 4242 dis
1962 4189 2259 4257 praesertim
2300 4187 2622 4240 lectionibus
2650 4195 2960 4240 sanctorum
2995 4175 3214 4244 Patrum
3242 4191 3431 4260 primi-

1851 4274 2108 4342 tivorum,
2136 4278 2227 4346 qui
2257 4287 2489 4345 quatuor
2538 4286 2725 4332 sancta
2755 4277 2883 4332 Jesu
2911 4277 3112 4334 Christi
3140 4281 3431 4353 Evangelia

1851 4369 1935 4423 vel
1962 4367 2211 4433 recitaut,
2240 4369 2326 4424 vel
2346 4370 2748 4424 commentariis
2766 4369 3082 4443 illustrant),
3111 4372 3211 4430 hos
3241 4391 3432 4432 omnes

1852 4460 2110 4530 singulari
2147 4477 2361 4530 prorsus
2392 4471 2446 4518 et
2477 4463 2882 4532 incomparabili
2945 4463 3169 4520 Joannis
3220 4467 3260 4521 ν
3309 4485 3429 4524 mu-

1852 4551 2142 4620 nificentia:
2184 4552 2405 4620 deberi,
2437 4568 2537 4623 ego
2561 4563 2668 4607 tam
2690 4555 2922 4619 sincero,
2952 4572 3112 4622 quam
3140 4569 3293 4626 grato
3313 4560 3433 4614 ani-

181 4629 374 4724 gerens
402 4629 477 4708 Vin
527 4652 703 4706 fronte
751 4649 963 4704 titulum
998 4646 1322 4702 Frnsussnu
1341 4686 1356 4711 ,
1389 4646 1442 4698 in
1482 4661 1589 4714 quo
1638 4645 1755 4714 ipse
1779 4633 1831 4692 D
1858 4659 1944 4697 mo
1962 4644 2137 4715 palam
2163 4653 2459 4716 aperteque
2477 4629 2751 4714 protiteo'r,
2768 4659 3088 4715 semperque
3110 4650 3431 4716 praedicabo.
3464 4632 3467 4635 ’

181 4747 291 4810 Rex
315 4747 417 4802 sibi
437 4747 559 4816 jure
578 4745 784 4814 optimo
801 4743 953 4797 valde
969 4739 1310 4813 gloriabitur.
1336 4738 1404 4793 At
1424 4737 1553 4793 illud
1576 4752 1752 4793 meum

184 4849 266 4894 est
291 4840 456 4894 etiam
487 4836 792 4898 ostendere,
825 4848 921 4888 cur
971 4846 1070 4901 ego
1117 4830 1173 4886 in
1219 4846 1285 4886 eo
1338 4841 1441 4885 tua:
1482 4829 1757 4885 felicitatis

188 4929 357 4999 majus
385 4942 597 5002 quoque
646 4925 856 4994 pondus
883 4938 1189 4994 agnoscam.
1222 4922 1355 4978 Nam
1378 4965 1393 4991 ,
1422 4923 1466 4977 si
1496 4930 1551 4976 tu
1580 4922 1653 4976 ita
1691 4921 1760 4975 de

188 5036 272 5076 me
299 5020 474 5076 sentis
495 5060 508 5083 ,
532 5033 746 5088 :equum
793 5025 878 5072 est
898 5017 1026 5072 mihi
1056 5033 1085 5072 a
1119 5026 1171 5073 te
1203 5011 1470 5080 .Concedi,
1503 5023 1556 5070 ut
1581 5030 1682 5085 ego
1706 5014 1756 5069 id

186 5113 254 5169 de
275 5122 326 5168 te
356 5111 558 5180 magis;
586 5110 839 5180 quoniam
865 5121 921 5165 tu
939 5099 1227 5181 regnorum
1257 5105 1600 5176 Portngalliaa
1638 5119 1760 5174 pro-

191 5213 359 5261 tector
389 5203 964 5270 benemerentissimus
1005 5218 1083 5256 es.
1133 5198 1629 5257 Excellentissimus
1680 5197 1764 5250 vir

191 5297 252 5351 D.
287 5296 601 5353 Emmanuel
640 5295 873 5368 Pereyra
925 5294 990 5349 de
1039 5293 1317 5362 Sampajo,
1354 5287 1763 5344 commcndator

190 5389 387 5445 Μίιὶιιιυ
418 5389 627 5442 Domini
658 5386 838 5442 Nostri
865 5387 994 5444 Jesu
1023 5382 1258 5447 Christi,
1291 5391 1347 5436 et
1370 5379 1609 5449 Negotiis
1655 5379 1766 5433 bla-

187 5483 398 5552 jestalis
443 5482 567 5534 Sate
604 5480 742 5549 apud
801 5479 994 5536 Sedens
1040 5473 1391 5543 apostolicam
1448 5470 1765 5540 praepositus

153 5574 159 5580 ’
194 5573 724 5644 plenipoteutiarius,
756 5580 859 5623 tua:
889 5567 1011 5622 lidci
1032 5607 1045 5630 ,
1079 5563 1465 5632 sapientiaeque
1485 5575 1761 5614 commen-

194 5666 339 5740 davit
389 5666 513 5726 hoc,
543 5661 685 5732 quod
717 5675 858 5715 nunc
885 5675 914 5713 a
965 5672 1052 5713 me
1077 5657 1302 5727 geritur,
1333 5654 1644 5709 christiana!
1672 5673 1767 5711 ex-

166 5855 171 5859 -
267 5830 291 5860 ι
323 5818 448 5874 Lib.
495 5831 514 5871 t
559 5811 752 5869 ludict.
781 5811 836 5873 9,
869 5806 1144 5879 cpist.’75,
1185 5813 1316 5861 tom.
1355 5803 1399 5860 ιι
1442 5818 1594 5877 oper.
1627 5805 1762 5862 edit.
1788 5804 1958 5863 Paris.
1994 5799 2152 5864 {705,
2178 5815 2231 5870 p.
2255 5801 2382 5857 360.

586 5939 593 5947 -
642 5908 910 5968 Panos.
956 5899 1099 5964 XII.

1857 4737 1928 4792 Et
1973 4737 2173 4792 utinam
2211 4739 2341 4792 mihi
2389 4737 2492 4793 sub
2534 4736 2720 4791 iisdem
2771 4736 3064 4803 auspiciis,
3109 4752 3435 4811 sumptoque

1858 4827 2008 4897 regio
2038 4828 2195 4882 liceat
2224 4840 2435 4896 quoque
2461 4825 2513 4878 in
2546 4827 2717 4878 lucem
2750 4826 2997 4880 emittere
3020 4826 3125 4880 duo
3151 4828 3269 4883 alia
3297 4846 3438 4900 pra:-

1861 4921 2053 4974 stantia
2086 4919 2352 4973 volumina
2403 4917 2761 4987 Hexaplorum
2793 4917 3265 4990 Origenianorum,
3315 4941 3436 4995 qua:

1860 5028 2012 5078 auro,
2041 5020 2370 5079 argentoque
2398 5011 2632 5075 cariora,
2667 5010 2864 5064 mirum
2896 5011 2949 5064 in
2975 5012 3189 5068 modum
3220 5030 3436 5072 causam

1865 5102 1986 5156 fidei
2027 5100 2306 5156 catholicae
2351 5109 2566 5169 tuentur
2607 5109 2661 5154 et
2701 5100 2924 5168 juvant!
2974 5103 3086 5159 Hoc
3132 5110 3438 5175 argumenti

1862 5209 2064 5265 genus,
2122 5202 2396 5260 protector
2451 5190 2924 5262 eminentissime,
2973 5196 3083 5251 fere
3120 5197 3442 5254 intentatum

1865 5285 2158 5347 hactenus,
2191 5282 2397 5352 regium
2437 5282 2791 5338 Meccenatem
2848 5296 3089 5355 exoptat.
3139 5286 3243 5341 Sed
3284 5289 3352 5343 de
3379 5306 3445 5345 eo

1864 5392 1968 5432 una
2003 5385 2177 5429 tecum
2209 5374 2366 5428 alias.
2414 5373 2572 5430 Nunc
2597 5390 2731 5431 vero
2772 5377 3035 5445 quosdam
3077 5379 3307 5432 omissos
3345 5381 3445 5436 SS.

1869 5472 2086 5526 Patrum
2118 5467 2272 5522 locos
2301 5467 2395 5521 tibi
2426 5469 2610 5533 mitto,
2641 5469 2904 5538 sistoque,
2936 5480 3145 5538 tuaeque
3167 5471 3450 5543 sapientia:

1872 5559 2097 5631 subjicio
2126 5559 2527 5625 discutiendus;
2577 5571 2630 5614 ut
2658 5576 2722 5614 ex
2769 5561 2900 5629 ipsis
2939 5560 3182 5627 definias,
3215 5579 3282 5616 an
3326 5566 3451 5635 jure

1868 5652 2119 5715 dixerim,
2154 5651 2374 5707 codices
2397 5663 2616 5706 nostros
2640 5653 2866 5716 Aureus,
2898 5651 3219 5720 Argenteos,
3244 5653 3457 5728 Purpu-

2945 5859 2950 5865 ’
2983 5898 3061 5969 27
