  <div class='ocr_page' id='page_1' title='image "/cluster/home/n/w/nwhite01/storage/ocr_20150623/12-13/uc1.31175013632818/440.png"; bbox 0 0 3936 6482; ppageno 0'>
   <div class='ocr_carea' id='block_1_1' title="bbox 364 429 471 487">
    <p class='ocr_par' dir='ltr' id='par_1_1' title="bbox 364 429 471 487">
     <span class='ocr_line' id='line_1_1' title="bbox 364 429 471 487; baseline -0.009 0"><span class='ocrx_word' id='word_1_1' title='bbox 364 429 471 487; x_wconf 78' lang='lat'><strong>865</strong></span> 
     </span>
    </p>
   </div>
   <div class='ocr_carea' id='block_1_2' title="bbox 1022 383 2987 487">
    <p class='ocr_par' dir='ltr' id='par_1_2' title="bbox 1022 383 2987 487">
     <span class='ocr_line' id='line_1_2' title="bbox 1022 383 2987 487; baseline 0 -1"><span class='ocrx_word' id='word_1_2' title='bbox 1022 383 1426 487; x_wconf 68' lang='lat' dir='ltr'><strong>pascuum</strong></span> <span class='ocrx_word' id='word_1_3' title='bbox 1458 398 1613 486; x_wconf 80' lang='lat' dir='ltr'><strong>ceu.</strong></span> <span class='ocrx_word' id='word_1_4' title='bbox 1654 430 1767 487; x_wconf 80' lang='lat' dir='ltr'><strong>us.</strong></span> <span class='ocrx_word' id='word_1_5' title='bbox 1804 404 2320 486; x_wconf 67' lang='lat' dir='ltr'><strong>GB/ECO-LA&#39;IIN!</strong></span> <span class='ocrx_word' id='word_1_6' title='bbox 2357 426 2917 486; x_wconf 63' lang='lat' dir='ltr'><strong>svsucmonuu.</strong></span> <span class='ocrx_word' id='word_1_7' title='bbox 2981 447 2987 452; x_wconf 90' lang='lat'><strong>-</strong></span> 
     </span>
    </p>
   </div>
   <div class='ocr_carea' id='block_1_3' title="bbox 3471 428 3606 486">
    <p class='ocr_par' dir='ltr' id='par_1_3' title="bbox 3471 428 3606 486">
     <span class='ocr_line' id='line_1_3' title="bbox 3471 428 3606 486; baseline 0 -1"><span class='ocrx_word' id='word_1_8' title='bbox 3471 466 3475 469; x_wconf 69' lang='grc' dir='ltr'><em>ι</em></span> <span class='ocrx_word' id='word_1_9' title='bbox 3502 428 3606 486; x_wconf 75' lang='lat'><strong>866</strong></span> 
     </span>
    </p>
   </div>
   <div class='ocr_carea' id='block_1_4' title="bbox 1077 610 2883 764">
    <p class='ocr_par' dir='ltr' id='par_1_4' title="bbox 1077 610 2883 764">
     <span class='ocr_line' id='line_1_4' title="bbox 1077 610 2883 764; baseline -0.006 0"><span class='ocrx_word' id='word_1_10' title='bbox 1077 629 1625 764; x_wconf 75' lang='lat' dir='ltr'><strong>EPISTULA</strong></span> <span class='ocrx_word' id='word_1_11' title='bbox 1687 653 2327 756; x_wconf 24' lang='lat' dir='ltr'><strong>.BLANCHINI</strong></span> <span class='ocrx_word' id='word_1_12' title='bbox 2403 610 2883 758; x_wconf 67' lang='lat' dir='ltr'><strong>ALTERA.</strong></span> 
     </span>
    </p>
   </div>
   <div class='ocr_carea' id='block_1_5' title="bbox 364 841 1930 896">
    <p class='ocr_par' dir='ltr' id='par_1_5' title="bbox 364 841 1918 889">
     <span class='ocr_line' id='line_1_5' title="bbox 364 841 1918 889; baseline -0.002 -2"><span class='ocrx_word' id='word_1_13' title='bbox 364 845 707 889; x_wconf 71' lang='lat' dir='ltr'><strong>DESCRIBI&#39;I&#39;UR</strong></span> <span class='ocrx_word' id='word_1_14' title='bbox 731 846 900 889; x_wconf 70' lang='lat' dir='ltr'><strong><em>CODEX</em></strong></span> <span class='ocrx_word' id='word_1_15' title='bbox 927 845 1012 887; x_wconf 75' lang='lat' dir='ltr'><strong>IS.</strong></span> <span class='ocrx_word' id='word_1_16' title='bbox 1040 844 1475 888; x_wconf 61' lang='lat' dir='ltr'><strong>GBECO—LATINUS</strong></span> <span class='ocrx_word' id='word_1_17' title='bbox 1504 841 1918 885; x_wconf 65' lang='lat' dir='ltr'><strong>EVANGILIOBUI</strong></span> 
     </span>
    </p>
   </div>
   <div class='ocr_carea' id='block_1_6' title="bbox 2034 841 3606 896">
    <p class='ocr_par' dir='ltr' id='par_1_6' title="bbox 2048 843 3606 896">
     <span class='ocr_line' id='line_1_6' title="bbox 2048 843 3606 896; baseline 0.007 -14"><span class='ocrx_word' id='word_1_18' title='bbox 2048 843 2315 896; x_wconf 73' lang='grc' dir='ltr'><strong>Αοτοιιωι,</strong></span> <span class='ocrx_word' id='word_1_19' title='bbox 2345 845 2398 884; x_wconf 73' lang='lat' dir='ltr'><strong>IN</strong></span> <span class='ocrx_word' id='word_1_20' title='bbox 2421 845 2765 890; x_wconf 74' lang='lat' dir='ltr'><strong>BIBLIOTIECA</strong></span> <span class='ocrx_word' id='word_1_21' title='bbox 2793 847 3223 892; x_wconf 66' lang='lat' dir='ltr'><strong>CANTABIIGIENSI</strong></span> <span class='ocrx_word' id='word_1_22' title='bbox 3252 848 3606 895; x_wconf 67' lang='lat' dir='ltr'><strong>LBSBIWATUS.</strong></span> 
     </span>
    </p>
   </div>
   <div class='ocr_carea' id='block_1_7' title="bbox 1593 949 2134 1005">
    <p class='ocr_par' dir='ltr' id='par_1_7' title="bbox 1593 949 2134 1005">
     <span class='ocr_line' id='line_1_7' title="bbox 1593 949 2134 1005; baseline 0 0"><span class='ocrx_word' id='word_1_23' title='bbox 1593 949 2134 1005; x_wconf 59' lang='grc' dir='ltr'><strong>-έ--εοςωμ</strong></span> 
     </span>
    </p>
   </div>
   <div class='ocr_carea' id='block_1_8' title="bbox 358 1067 3611 1151">
    <p class='ocr_par' dir='ltr' id='par_1_8' title="bbox 358 1067 3611 1151">
     <span class='ocr_line' id='line_1_8' title="bbox 358 1067 3611 1151; baseline 0.001 -17"><span class='ocrx_word' id='word_1_24' title='bbox 358 1076 445 1134; x_wconf 83' lang='lat' dir='ltr'><strong>Cl.</strong></span> <span class='ocrx_word' id='word_1_25' title='bbox 471 1091 536 1133; x_wconf 92' lang='lat' dir='ltr'><strong>ac</strong></span> <span class='ocrx_word' id='word_1_26' title='bbox 559 1076 882 1134; x_wconf 74' lang='lat' dir='ltr'><strong>doctissimo</strong></span> <span class='ocrx_word' id='word_1_27' title='bbox 901 1075 1021 1132; x_wconf 84' lang='lat' dir='ltr'><strong>viro</strong></span> <span class='ocrx_word' id='word_1_28' title='bbox 1047 1073 1295 1145; x_wconf 84' lang='lat' dir='ltr'><strong>Philippo</strong></span> <span class='ocrx_word' id='word_1_29' title='bbox 1320 1067 1502 1128; x_wconf 90' lang='lat' dir='ltr'><strong>abbati</strong></span> <span class='ocrx_word' id='word_1_30' title='bbox 1541 1069 1816 1128; x_wconf 82' lang='lat' dir='ltr'><strong>Garbellio</strong></span> <span class='ocrx_word' id='word_1_31' title='bbox 1843 1084 1936 1140; x_wconf 85' lang='lat' dir='ltr'><strong>pa-</strong></span> <span class='ocrx_word' id='word_1_32' title='bbox 1960 1073 2008 1132; x_wconf 81' lang='grc' dir='ltr'>Α</span> <span class='ocrx_word' id='word_1_33' title='bbox 2037 1086 2193 1142; x_wconf 89' lang='lat' dir='ltr'><strong>quam</strong></span> <span class='ocrx_word' id='word_1_34' title='bbox 2222 1073 2420 1139; x_wconf 84' lang='lat' dir='ltr'><strong>adhuc,</strong></span> <span class='ocrx_word' id='word_1_35' title='bbox 2444 1074 2588 1145; x_wconf 91' lang='lat' dir='ltr'><strong>quod</strong></span> <span class='ocrx_word' id='word_1_36' title='bbox 2610 1075 2797 1143; x_wconf 81' lang='lat' dir='ltr'><strong>sciam,</strong></span> <span class='ocrx_word' id='word_1_37' title='bbox 2821 1078 2864 1132; x_wconf 92' lang='lat' dir='ltr'><strong>si</strong></span> <span class='ocrx_word' id='word_1_38' title='bbox 2887 1077 3361 1147; x_wconf 72' lang='lat' dir='ltr'><strong>Moutlauconium,</strong></span> <span class='ocrx_word' id='word_1_39' title='bbox 3384 1095 3611 1151; x_wconf 87' lang='lat' dir='ltr'><strong>paucos-</strong></span> 
     </span>
    </p>
   </div>
   <div class='ocr_carea' id='block_1_9' title="bbox 434 1159 1930 1238">
    <p class='ocr_par' dir='ltr' id='par_1_9' title="bbox 434 1159 1930 1238">
     <span class='ocr_line' id='line_1_9' title="bbox 434 1159 1930 1238; baseline -0.008 -14"><span class='ocrx_word' id='word_1_40' title='bbox 434 1169 868 1224; x_wconf 73' lang='lat' dir='ltr'><strong>triciuBrisiano</strong></span> <span class='ocrx_word' id='word_1_41' title='bbox 909 1166 1109 1238; x_wconf 80' lang='lat' dir='ltr'><strong>.loseph</strong></span> <span class='ocrx_word' id='word_1_42' title='bbox 1151 1162 1477 1220; x_wconf 87' lang='lat' dir='ltr'><strong>Blancbinus</strong></span> <span class='ocrx_word' id='word_1_43' title='bbox 1518 1160 1846 1217; x_wconf 81' lang='lat' dir='ltr'><strong>Veronensis</strong></span> <span class='ocrx_word' id='word_1_44' title='bbox 1872 1159 1930 1215; x_wconf 92' lang='lat' dir='ltr'><strong>S.</strong></span> 
     </span>
    </p>
   </div>
   <div class='ocr_carea' id='block_1_10' title="bbox 434 1259 585 1317">
    <p class='ocr_par' dir='ltr' id='par_1_10' title="bbox 434 1259 585 1317">
     <span class='ocr_line' id='line_1_10' title="bbox 434 1259 585 1317; baseline -0.007 0"><span class='ocrx_word' id='word_1_45' title='bbox 434 1259 496 1317; x_wconf 85' lang='lat' dir='ltr'><strong>P.</strong></span> <span class='ocrx_word' id='word_1_46' title='bbox 523 1261 585 1316; x_wconf 83' lang='grc' dir='ltr'><strong>Ι).</strong></span> 
     </span>
    </p>
   </div>
   <div class='ocr_carea' id='block_1_11' title="bbox 432 1338 1936 1420">
    <p class='ocr_par' dir='ltr' id='par_1_11' title="bbox 432 1338 1936 1420">
     <span class='ocr_line' id='line_1_11' title="bbox 432 1338 1936 1420; baseline -0.007 -11"><span class='ocrx_word' id='word_1_47' title='bbox 432 1352 548 1410; x_wconf 87' lang='lat' dir='ltr'><strong>Non</strong></span> <span class='ocrx_word' id='word_1_48' title='bbox 577 1369 641 1410; x_wconf 90' lang='lat' dir='ltr'><strong>es</strong></span> <span class='ocrx_word' id='word_1_49' title='bbox 671 1354 906 1420; x_wconf 89' lang='lat' dir='ltr'><strong>nescius,</strong></span> <span class='ocrx_word' id='word_1_50' title='bbox 935 1349 1170 1408; x_wconf 88' lang='lat' dir='ltr'><strong>Garbelli</strong></span> <span class='ocrx_word' id='word_1_51' title='bbox 1193 1338 1524 1414; x_wconf 74' lang='lat' dir='ltr'><strong>doctissime,</strong></span> <span class='ocrx_word' id='word_1_52' title='bbox 1551 1355 1809 1416; x_wconf 79' lang='lat' dir='ltr'><strong>quantam</strong></span> <span class='ocrx_word' id='word_1_53' title='bbox 1834 1343 1936 1400; x_wconf 83' lang='lat' dir='ltr'><strong>Sa-</strong></span> 
     </span>
    </p>
   </div>
   <div class='ocr_carea' id='block_1_12' title="bbox 357 1436 1930 1512">
    <p class='ocr_par' dir='ltr' id='par_1_12' title="bbox 357 1436 1930 1512">
     <span class='ocr_line' id='line_1_12' title="bbox 357 1436 1930 1512; baseline -0.007 -12"><span class='ocrx_word' id='word_1_54' title='bbox 357 1459 573 1500; x_wconf 84' lang='lat' dir='ltr'><strong>crarum</strong></span> <span class='ocrx_word' id='word_1_55' title='bbox 631 1439 932 1501; x_wconf 81' lang='lat' dir='ltr'><strong>litterarum</strong></span> <span class='ocrx_word' id='word_1_56' title='bbox 988 1443 1227 1498; x_wconf 86' lang='lat' dir='ltr'><strong>cultores</strong></span> <span class='ocrx_word' id='word_1_57' title='bbox 1255 1441 1596 1512; x_wconf 83' lang='lat' dir='ltr'><strong>perceperint</strong></span> <span class='ocrx_word' id='word_1_58' title='bbox 1646 1436 1930 1492; x_wconf 86' lang='lat' dir='ltr'><strong>utilitatem</strong></span> 
     </span>
    </p>
   </div>
   <div class='ocr_carea' id='block_1_13' title="bbox 360 1527 1934 1612">
    <p class='ocr_par' dir='ltr' id='par_1_13' title="bbox 360 1527 1934 1612">
     <span class='ocr_line' id='line_1_13' title="bbox 360 1527 1934 1612; baseline -0.008 -19"><span class='ocrx_word' id='word_1_59' title='bbox 360 1554 425 1593; x_wconf 76' lang='lat' dir='ltr'><strong>ex</strong></span> <span class='ocrx_word' id='word_1_60' title='bbox 456 1537 652 1612; x_wconf 78' lang='lat' dir='ltr'><strong>insigni</strong></span> <span class='ocrx_word' id='word_1_61' title='bbox 691 1537 779 1590; x_wconf 88' lang='lat' dir='ltr'><strong>illa</strong></span> <span class='ocrx_word' id='word_1_62' title='bbox 807 1535 1044 1594; x_wconf 85' lang='lat' dir='ltr'><strong>editione</strong></span> <span class='ocrx_word' id='word_1_63' title='bbox 1100 1532 1334 1603; x_wconf 67' lang='lat' dir='ltr'><strong>Vulgata</strong></span> <span class='ocrx_word' id='word_1_64' title='bbox 1379 1530 1614 1600; x_wconf 75' lang='lat' dir='ltr'><strong>Antiqua:</strong></span> <span class='ocrx_word' id='word_1_65' title='bbox 1659 1527 1860 1582; x_wconf 78' lang='lat' dir='ltr'><strong>Latian</strong></span> <span class='ocrx_word' id='word_1_66' title='bbox 1883 1535 1934 1582; x_wconf 88' lang='lat' dir='ltr'><strong>et</strong></span> 
     </span>
    </p>
   </div>
   <div class='ocr_carea' id='block_1_14' title="bbox 361 1619 1944 1706">
    <p class='ocr_par' dir='ltr' id='par_1_14' title="bbox 361 1619 1944 1706">
     <span class='ocr_line' id='line_1_14' title="bbox 361 1619 1944 1706; baseline -0.008 -22"><span class='ocrx_word' id='word_1_67' title='bbox 361 1629 515 1684; x_wconf 67' lang='lat' dir='ltr'><strong>Itala!</strong></span> <span class='ocrx_word' id='word_1_68' title='bbox 540 1627 801 1682; x_wconf 81' lang='lat' dir='ltr'><strong>Versionis</strong></span> <span class='ocrx_word' id='word_1_69' title='bbox 830 1625 1096 1697; x_wconf 80' lang='lat' dir='ltr'><strong>Evangelii</strong></span> <span class='ocrx_word' id='word_1_70' title='bbox 1124 1624 1402 1679; x_wconf 84' lang='lat' dir='ltr'><strong>secundum</strong></span> <span class='ocrx_word' id='word_1_71' title='bbox 1429 1619 1756 1684; x_wconf 75' lang='lat' dir='ltr'><strong>Matt/iamut,</strong></span> <span class='ocrx_word' id='word_1_72' title='bbox 1798 1634 1826 1672; x_wconf 91' lang='lat' dir='ltr'><strong>e</strong></span> <span class='ocrx_word' id='word_1_73' title='bbox 1849 1634 1944 1706; x_wconf 3' lang='lat' dir='ltr'><strong>ve-g</strong></span> 
     </span>
    </p>
   </div>
   <div class='ocr_carea' id='block_1_15' title="bbox 361 1713 1928 1785">
    <p class='ocr_par' dir='ltr' id='par_1_15' title="bbox 361 1713 1928 1785">
     <span class='ocr_line' id='line_1_15' title="bbox 361 1713 1928 1785; baseline -0.006 -7"><span class='ocrx_word' id='word_1_74' title='bbox 361 1723 656 1778; x_wconf 79' lang='lat' dir='ltr'><strong>tustissimis</strong></span> <span class='ocrx_word' id='word_1_75' title='bbox 697 1732 853 1776; x_wconf 75' lang='lat' dir='ltr'><strong>eruta:</strong></span> <span class='ocrx_word' id='word_1_76' title='bbox 905 1719 1284 1785; x_wconf 78' lang='lat' dir='ltr'><strong>Monumentis,</strong></span> <span class='ocrx_word' id='word_1_77' title='bbox 1331 1718 1500 1771; x_wconf 89' lang='lat' dir='ltr'><strong>studio</strong></span> <span class='ocrx_word' id='word_1_78' title='bbox 1541 1725 1588 1769; x_wconf 86' lang='lat' dir='ltr'><strong>et</strong></span> <span class='ocrx_word' id='word_1_79' title='bbox 1633 1716 1807 1770; x_wconf 85' lang='lat' dir='ltr'><strong>labore</strong></span> <span class='ocrx_word' id='word_1_80' title='bbox 1858 1713 1928 1768; x_wconf 90' lang='lat' dir='ltr'><strong>D.</strong></span> 
     </span>
    </p>
   </div>
   <div class='ocr_carea' id='block_1_16' title="bbox 357 1807 1932 1886">
    <p class='ocr_par' dir='ltr' id='par_1_16' title="bbox 357 1807 1932 1886">
     <span class='ocr_line' id='line_1_16' title="bbox 357 1807 1932 1886; baseline -0.006 -15"><span class='ocrx_word' id='word_1_81' title='bbox 357 1815 577 1871; x_wconf 73' lang='lat' dir='ltr'><strong>Joannis</strong></span> <span class='ocrx_word' id='word_1_82' title='bbox 608 1815 929 1886; x_wconf 82' lang='lat' dir='ltr'><strong>Martianay.</strong></span> <span class='ocrx_word' id='word_1_83' title='bbox 980 1813 1268 1885; x_wconf 69' lang='lat' dir='ltr'><strong>Presbyteri</strong></span> <span class='ocrx_word' id='word_1_84' title='bbox 1296 1809 1669 1866; x_wconf 80' lang='lat' dir='ltr'><strong>Beuedictinie</strong></span> <span class='ocrx_word' id='word_1_85' title='bbox 1708 1807 1932 1877; x_wconf 87' lang='lat' dir='ltr'><strong>Congre-</strong></span> 
     </span>
    </p>
   </div>
   <div class='ocr_carea' id='block_1_17' title="bbox 357 1901 1932 1985">
    <p class='ocr_par' dir='ltr' id='par_1_17' title="bbox 357 1901 1932 1985">
     <span class='ocr_line' id='line_1_17' title="bbox 357 1901 1932 1985; baseline -0.008 -19"><span class='ocrx_word' id='word_1_86' title='bbox 357 1911 562 1985; x_wconf 88' lang='lat' dir='ltr'><strong>gatione</strong></span> <span class='ocrx_word' id='word_1_87' title='bbox 593 1909 654 1966; x_wconf 92' lang='lat' dir='ltr'><strong>S.</strong></span> <span class='ocrx_word' id='word_1_88' title='bbox 684 1909 885 1975; x_wconf 77' lang='lat' dir='ltr'><strong>Mauri,</strong></span> <span class='ocrx_word' id='word_1_89' title='bbox 927 1922 1085 1980; x_wconf 87' lang='lat' dir='ltr'><strong>quam</strong></span> <span class='ocrx_word' id='word_1_90' title='bbox 1116 1908 1229 1977; x_wconf 90' lang='lat' dir='ltr'><strong>ipse</strong></span> <span class='ocrx_word' id='word_1_91' title='bbox 1259 1905 1487 1976; x_wconf 90' lang='lat' dir='ltr'><strong>primum</strong></span> <span class='ocrx_word' id='word_1_92' title='bbox 1519 1901 1740 1956; x_wconf 79' lang='lat' dir='ltr'><strong>Parisiis</strong></span> <span class='ocrx_word' id='word_1_93' title='bbox 1788 1913 1932 1954; x_wconf 91' lang='lat' dir='ltr'><strong>anno</strong></span> 
     </span>
    </p>
   </div>
   <div class='ocr_carea' id='block_1_18' title="bbox 363 1991 1928 2063">
    <p class='ocr_par' dir='ltr' id='par_1_18' title="bbox 363 1991 1928 2063">
     <span class='ocr_line' id='line_1_18' title="bbox 363 1991 1928 2063; baseline -0.008 -7"><span class='ocrx_word' id='word_1_94' title='bbox 363 2001 506 2058; x_wconf 74' lang='lat'><strong>1695</strong></span> <span class='ocrx_word' id='word_1_95' title='bbox 537 2000 802 2057; x_wconf 86' lang='lat' dir='ltr'><strong>litterario</strong></span> <span class='ocrx_word' id='word_1_96' title='bbox 840 2000 956 2056; x_wconf 85' lang='lat' dir='ltr'><strong>orbi</strong></span> <span class='ocrx_word' id='word_1_97' title='bbox 1007 1997 1249 2054; x_wconf 90' lang='lat' dir='ltr'><strong>tradidit.</strong></span> <span class='ocrx_word' id='word_1_98' title='bbox 1277 1994 1431 2063; x_wconf 85' lang='lat' dir='ltr'><strong>Quod</strong></span> <span class='ocrx_word' id='word_1_99' title='bbox 1485 1991 1702 2063; x_wconf 82' lang='lat' dir='ltr'><strong>quidem</strong></span> <span class='ocrx_word' id='word_1_100' title='bbox 1735 1991 1819 2046; x_wconf 82' lang='lat' dir='ltr'><strong>vel</strong></span> <span class='ocrx_word' id='word_1_101' title='bbox 1858 2004 1928 2045; x_wconf 80' lang='lat' dir='ltr'><strong>ex</strong></span> 
     </span>
    </p>
   </div>
   <div class='ocr_carea' id='block_1_19' title="bbox 357 2080 1930 2164">
    <p class='ocr_par' dir='ltr' id='par_1_19' title="bbox 357 2080 1930 2164">
     <span class='ocr_line' id='line_1_19' title="bbox 357 2080 1930 2164; baseline -0.008 -15"><span class='ocrx_word' id='word_1_102' title='bbox 357 2108 426 2150; x_wconf 89' lang='lat' dir='ltr'><strong>eo</strong></span> <span class='ocrx_word' id='word_1_103' title='bbox 440 2080 634 2162; x_wconf 84' lang='lat' dir='ltr'><strong>aperte</strong></span> <span class='ocrx_word' id='word_1_104' title='bbox 653 2092 910 2164; x_wconf 72' lang='lat' dir='ltr'><strong>cognosci</strong></span> <span class='ocrx_word' id='word_1_105' title='bbox 940 2098 1142 2163; x_wconf 87' lang='lat' dir='ltr'><strong>potest,</strong></span> <span class='ocrx_word' id='word_1_106' title='bbox 1162 2087 1304 2160; x_wconf 88' lang='lat' dir='ltr'><strong>quod</strong></span> <span class='ocrx_word' id='word_1_107' title='bbox 1329 2086 1528 2155; x_wconf 90' lang='lat' dir='ltr'><strong>ubique</strong></span> <span class='ocrx_word' id='word_1_108' title='bbox 1555 2085 1717 2140; x_wconf 86' lang='lat' dir='ltr'><strong>Liber</strong></span> <span class='ocrx_word' id='word_1_109' title='bbox 1742 2084 1833 2138; x_wconf 91' lang='lat' dir='ltr'><strong>ille</strong></span> <span class='ocrx_word' id='word_1_110' title='bbox 1859 2083 1930 2137; x_wconf 89' lang='lat' dir='ltr'><strong>ita</strong></span> 
     </span>
    </p>
   </div>
   <div class='ocr_carea' id='block_1_20' title="bbox 358 2175 1932 2260">
    <p class='ocr_par' dir='ltr' id='par_1_20' title="bbox 358 2175 1932 2260">
     <span class='ocr_line' id='line_1_20' title="bbox 358 2175 1932 2260; baseline -0.008 -18"><span class='ocrx_word' id='word_1_111' title='bbox 358 2185 592 2242; x_wconf 80' lang='lat' dir='ltr'><strong>feliciter</strong></span> <span class='ocrx_word' id='word_1_112' title='bbox 611 2193 869 2255; x_wconf 80' lang='lat' dir='ltr'><strong>exceptus</strong></span> <span class='ocrx_word' id='word_1_113' title='bbox 892 2191 997 2251; x_wconf 84' lang='lat' dir='ltr'><strong>est,</strong></span> <span class='ocrx_word' id='word_1_114' title='bbox 1022 2192 1086 2237; x_wconf 89' lang='lat' dir='ltr'><strong>ut</strong></span> <span class='ocrx_word' id='word_1_115' title='bbox 1109 2181 1314 2238; x_wconf 89' lang='lat' dir='ltr'><strong>venalis</strong></span> <span class='ocrx_word' id='word_1_116' title='bbox 1366 2179 1628 2260; x_wconf 84' lang='lat' dir='ltr'><strong>hodierna</strong></span> <span class='ocrx_word' id='word_1_117' title='bbox 1665 2177 1752 2232; x_wconf 87' lang='lat' dir='ltr'><strong>die</strong></span> <span class='ocrx_word' id='word_1_118' title='bbox 1791 2175 1932 2246; x_wconf 91' lang='lat' dir='ltr'><strong>apud</strong></span> 
     </span>
    </p>
   </div>
   <div class='ocr_carea' id='block_1_21' title="bbox 358 2271 1934 2348">
    <p class='ocr_par' dir='ltr' id='par_1_21' title="bbox 358 2271 1934 2348">
     <span class='ocr_line' id='line_1_21' title="bbox 358 2271 1934 2348; baseline -0.007 -14"><span class='ocrx_word' id='word_1_119' title='bbox 358 2288 577 2334; x_wconf 87' lang='lat' dir='ltr'><strong>nostros</strong></span> <span class='ocrx_word' id='word_1_120' title='bbox 597 2277 760 2340; x_wconf 86' lang='lat' dir='ltr'><strong>Italos</strong></span> <span class='ocrx_word' id='word_1_121' title='bbox 791 2277 1110 2348; x_wconf 88' lang='lat' dir='ltr'><strong>bibliopolas</strong></span> <span class='ocrx_word' id='word_1_122' title='bbox 1141 2275 1360 2330; x_wconf 88' lang='lat' dir='ltr'><strong>minime</strong></span> <span class='ocrx_word' id='word_1_123' title='bbox 1388 2271 1720 2344; x_wconf 86' lang='lat' dir='ltr'><strong>reperiatur;</strong></span> <span class='ocrx_word' id='word_1_124' title='bbox 1745 2285 1934 2342; x_wconf 86' lang='lat' dir='ltr'><strong>quam-</strong></span> 
     </span>
    </p>
   </div>
   <div class='ocr_carea' id='block_1_22' title="bbox 356 2363 1932 2435">
    <p class='ocr_par' dir='ltr' id='par_1_22' title="bbox 356 2363 1932 2435">
     <span class='ocr_line' id='line_1_22' title="bbox 356 2363 1932 2435; baseline -0.003 -11"><span class='ocrx_word' id='word_1_125' title='bbox 356 2372 442 2426; x_wconf 78' lang='lat' dir='ltr'><strong>vis</strong></span> <span class='ocrx_word' id='word_1_126' title='bbox 472 2371 652 2428; x_wconf 85' lang='lat' dir='ltr'><strong>nullus</strong></span> <span class='ocrx_word' id='word_1_127' title='bbox 694 2371 923 2426; x_wconf 81' lang='lat' dir='ltr'><strong>exsistat</strong></span> <span class='ocrx_word' id='word_1_128' title='bbox 966 2369 1273 2425; x_wconf 83' lang='lat' dir='ltr'><strong>Divinarum</strong></span> <span class='ocrx_word' id='word_1_129' title='bbox 1319 2367 1721 2435; x_wconf 88' lang='lat' dir='ltr'><strong>Seripturarum</strong></span> <span class='ocrx_word' id='word_1_130' title='bbox 1751 2363 1932 2419; x_wconf 88' lang='lat' dir='ltr'><strong>studio</strong></span> 
     </span>
    </p>
   </div>
   <div class='ocr_carea' id='block_1_23' title="bbox 2036 1166 3615 1243">
    <p class='ocr_par' dir='ltr' id='par_1_23' title="bbox 2036 1166 3615 1243">
     <span class='ocr_line' id='line_1_23' title="bbox 2036 1166 3615 1243; baseline 0.006 -24"><span class='ocrx_word' id='word_1_131' title='bbox 2036 1181 2140 1236; x_wconf 93' lang='lat' dir='ltr'><strong>que</strong></span> <span class='ocrx_word' id='word_1_132' title='bbox 2162 1166 2298 1221; x_wconf 87' lang='lat' dir='ltr'><strong>alios</strong></span> <span class='ocrx_word' id='word_1_133' title='bbox 2326 1167 2590 1236; x_wconf 80' lang='lat' dir='ltr'><strong>excipias,</strong></span> <span class='ocrx_word' id='word_1_134' title='bbox 2617 1169 2773 1238; x_wconf 88' lang='lat' dir='ltr'><strong>cujus</strong></span> <span class='ocrx_word' id='word_1_135' title='bbox 2799 1169 2905 1223; x_wconf 85' lang='lat' dir='ltr'><strong>sint</strong></span> <span class='ocrx_word' id='word_1_136' title='bbox 2931 1171 3458 1241; x_wconf 67' lang='lat' dir='ltr'><strong>aetatisJormzeque,</strong></span> <span class='ocrx_word' id='word_1_137' title='bbox 3487 1189 3615 1243; x_wconf 89' lang='lat' dir='ltr'><strong>pro-</strong></span> 
     </span>
    </p>
   </div>
   <div class='ocr_carea' id='block_1_24' title="bbox 2035 1261 3614 1338">
    <p class='ocr_par' dir='ltr' id='par_1_24' title="bbox 2035 1261 3614 1338">
     <span class='ocr_line' id='line_1_24' title="bbox 2035 1261 3614 1338; baseline 0.006 -22"><span class='ocrx_word' id='word_1_138' title='bbox 2035 1261 2264 1328; x_wconf 90' lang='lat' dir='ltr'><strong>diderit;</strong></span> <span class='ocrx_word' id='word_1_139' title='bbox 2291 1278 2398 1317; x_wconf 91' lang='lat' dir='ltr'><strong>non</strong></span> <span class='ocrx_word' id='word_1_140' title='bbox 2421 1265 2657 1319; x_wconf 90' lang='lat' dir='ltr'><strong>alienum</strong></span> <span class='ocrx_word' id='word_1_141' title='bbox 2682 1264 2865 1333; x_wconf 81' lang='lat' dir='ltr'><strong>putavi</strong></span> <span class='ocrx_word' id='word_1_142' title='bbox 2891 1268 3074 1320; x_wconf 87' lang='lat' dir='ltr'><strong>testari</strong></span> <span class='ocrx_word' id='word_1_143' title='bbox 3110 1267 3226 1331; x_wconf 86' lang='lat' dir='ltr'><strong>tibi,</strong></span> <span class='ocrx_word' id='word_1_144' title='bbox 3258 1269 3383 1338; x_wconf 89' lang='lat' dir='ltr'><strong>quid</strong></span> <span class='ocrx_word' id='word_1_145' title='bbox 3408 1271 3475 1324; x_wconf 93' lang='lat' dir='ltr'><strong>de</strong></span> <span class='ocrx_word' id='word_1_146' title='bbox 3504 1269 3614 1326; x_wconf 83' lang='lat' dir='ltr'><strong>illis</strong></span> 
     </span>
    </p>
   </div>
   <div class='ocr_carea' id='block_1_25' title="bbox 2034 1355 3612 1431">
    <p class='ocr_par' dir='ltr' id='par_1_25' title="bbox 2034 1355 3612 1431">
     <span class='ocr_line' id='line_1_25' title="bbox 2034 1355 3612 1431; baseline 0.006 -23"><span class='ocrx_word' id='word_1_147' title='bbox 2034 1356 2246 1424; x_wconf 86' lang='lat' dir='ltr'><strong>opiner.</strong></span> <span class='ocrx_word' id='word_1_148' title='bbox 2319 1355 2579 1412; x_wconf 90' lang='lat' dir='ltr'><strong>Codicem</strong></span> <span class='ocrx_word' id='word_1_149' title='bbox 2642 1357 3054 1427; x_wconf 76' lang='lat' dir='ltr'><strong>Evangeliorum</strong></span> <span class='ocrx_word' id='word_1_150' title='bbox 3114 1359 3612 1431; x_wconf 76' lang='lat' dir='ltr'><strong>Cantabrigiensem</strong></span> 
     </span>
    </p>
   </div>
   <div class='ocr_carea' id='block_1_26' title="bbox 2035 1446 3614 1509">
    <p class='ocr_par' dir='ltr' id='par_1_26' title="bbox 2035 1446 3614 1509">
     <span class='ocr_line' id='line_1_26' title="bbox 2035 1446 3614 1509; baseline 0.004 -7"><span class='ocrx_word' id='word_1_151' title='bbox 2035 1446 2506 1503; x_wconf 70' lang='lat' dir='ltr'><strong>Gnaeo-Latinum</strong></span> <span class='ocrx_word' id='word_1_152' title='bbox 2568 1459 2728 1506; x_wconf 88' lang='lat' dir='ltr'><strong>antea</strong></span> <span class='ocrx_word' id='word_1_153' title='bbox 2781 1450 3081 1506; x_wconf 82' lang='lat' dir='ltr'><strong>describam</strong></span> <span class='ocrx_word' id='word_1_154' title='bbox 3134 1466 3201 1507; x_wconf 77' lang='lat' dir='ltr'><strong>ex</strong></span> <span class='ocrx_word' id='word_1_155' title='bbox 3257 1451 3448 1508; x_wconf 89' lang='lat' dir='ltr'><strong>eodem</strong></span> <span class='ocrx_word' id='word_1_156' title='bbox 3493 1454 3614 1509; x_wconf 81' lang='lat' dir='ltr'><strong>Mil-</strong></span> 
     </span>
    </p>
   </div>
   <div class='ocr_carea' id='block_1_27' title="bbox 2035 1538 3612 1612">
    <p class='ocr_par' dir='ltr' id='par_1_27' title="bbox 2035 1538 3612 1612">
     <span class='ocr_line' id='line_1_27' title="bbox 2035 1538 3612 1612; baseline 0.005 -19"><span class='ocrx_word' id='word_1_157' title='bbox 2035 1538 2129 1594; x_wconf 90' lang='lat' dir='ltr'><strong>lio.</strong></span> <span class='ocrx_word' id='word_1_158' title='bbox 2174 1539 2241 1592; x_wconf 84' lang='lat' dir='ltr'><strong>Et</strong></span> <span class='ocrx_word' id='word_1_159' title='bbox 2285 1541 2533 1609; x_wconf 87' lang='lat' dir='ltr'><strong>quamvis</strong></span> <span class='ocrx_word' id='word_1_160' title='bbox 2584 1541 2694 1595; x_wconf 90' lang='lat' dir='ltr'><strong>sint</strong></span> <span class='ocrx_word' id='word_1_161' title='bbox 2744 1542 2850 1597; x_wconf 70' lang='lat' dir='ltr'><strong>illae</strong></span> <span class='ocrx_word' id='word_1_162' title='bbox 2897 1543 3222 1597; x_wconf 76' lang='lat' dir='ltr'><strong>membrana:</strong></span> <span class='ocrx_word' id='word_1_163' title='bbox 3272 1559 3367 1612; x_wconf 88' lang='lat' dir='ltr'><strong>per</strong></span> <span class='ocrx_word' id='word_1_164' title='bbox 3399 1544 3612 1612; x_wconf 87' lang='lat' dir='ltr'><strong>aliquos</strong></span> 
     </span>
    </p>
   </div>
   <div class='ocr_carea' id='block_1_28' title="bbox 2034 1627 3608 1704">
    <p class='ocr_par' dir='ltr' id='par_1_28' title="bbox 2034 1627 3608 1704">
     <span class='ocr_line' id='line_1_28' title="bbox 2034 1627 3608 1704; baseline 0.005 -21"><span class='ocrx_word' id='word_1_165' title='bbox 2034 1630 2119 1684; x_wconf 79' lang='lat' dir='ltr'><strong>vel</strong></span> <span class='ocrx_word' id='word_1_166' title='bbox 2147 1627 2383 1701; x_wconf 79' lang='lat' dir='ltr'><strong>Ogygiae,</strong></span> <span class='ocrx_word' id='word_1_167' title='bbox 2415 1647 2706 1702; x_wconf 89' lang='lat' dir='ltr'><strong>numquam</strong></span> <span class='ocrx_word' id='word_1_168' title='bbox 2759 1641 2934 1688; x_wconf 89' lang='lat' dir='ltr'><strong>tamen</strong></span> <span class='ocrx_word' id='word_1_169' title='bbox 2967 1644 3188 1702; x_wconf 87' lang='lat' dir='ltr'><strong>propter</strong></span> <span class='ocrx_word' id='word_1_170' title='bbox 3214 1648 3306 1690; x_wconf 88' lang='lat' dir='ltr'><strong>eas</strong></span> <span class='ocrx_word' id='word_1_171' title='bbox 3353 1634 3608 1704; x_wconf 87' lang='lat' dir='ltr'><strong>adducar,</strong></span> 
     </span>
    </p>
   </div>
   <div class='ocr_carea' id='block_1_29' title="bbox 2031 1722 3614 1797">
    <p class='ocr_par' dir='ltr' id='par_1_29' title="bbox 2031 1722 3614 1797">
     <span class='ocr_line' id='line_1_29' title="bbox 2031 1722 3614 1797; baseline 0.005 -23"><span class='ocrx_word' id='word_1_172' title='bbox 2031 1727 2089 1774; x_wconf 85' lang='lat' dir='ltr'><strong>ut</strong></span> <span class='ocrx_word' id='word_1_173' title='bbox 2113 1722 2343 1788; x_wconf 77' lang='lat' dir='ltr'><strong>aliquem</strong></span> <span class='ocrx_word' id='word_1_174' title='bbox 2396 1737 2614 1776; x_wconf 90' lang='lat' dir='ltr'><strong>versum</strong></span> <span class='ocrx_word' id='word_1_175' title='bbox 2658 1723 2766 1778; x_wconf 93' lang='lat' dir='ltr'><strong>mei</strong></span> <span class='ocrx_word' id='word_1_176' title='bbox 2815 1724 3192 1794; x_wconf 87' lang='lat' dir='ltr'><strong>Quadruplicis</strong></span> <span class='ocrx_word' id='word_1_177' title='bbox 3242 1725 3614 1797; x_wconf 75' lang='lat' dir='ltr'><strong>Evangeliarii</strong></span> 
     </span>
    </p>
   </div>
   <div class='ocr_carea' id='block_1_30' title="bbox 2033 1813 3616 1886">
    <p class='ocr_par' dir='ltr' id='par_1_30' title="bbox 2033 1813 3616 1886">
     <span class='ocr_line' id='line_1_30' title="bbox 2033 1813 3616 1886; baseline 0.004 -20"><span class='ocrx_word' id='word_1_178' title='bbox 2033 1817 2309 1880; x_wconf 80' lang='lat' dir='ltr'><strong>castigem;</strong></span> <span class='ocrx_word' id='word_1_179' title='bbox 2341 1813 2618 1881; x_wconf 86' lang='lat' dir='ltr'><strong>quoniam,</strong></span> <span class='ocrx_word' id='word_1_180' title='bbox 2662 1816 2708 1868; x_wconf 89' lang='lat' dir='ltr'><strong>si</strong></span> <span class='ocrx_word' id='word_1_181' title='bbox 2738 1830 2832 1868; x_wconf 88' lang='lat' dir='ltr'><strong>eas</strong></span> <span class='ocrx_word' id='word_1_182' title='bbox 2859 1815 3182 1886; x_wconf 90' lang='lat' dir='ltr'><strong>quandoque</strong></span> <span class='ocrx_word' id='word_1_183' title='bbox 3221 1831 3469 1885; x_wconf 83' lang='lat' dir='ltr'><strong>sequare,</strong></span> <span class='ocrx_word' id='word_1_184' title='bbox 3515 1816 3616 1872; x_wconf 87' lang='lat' dir='ltr'><strong>ial-</strong></span> 
     </span>
    </p>
   </div>
   <div class='ocr_carea' id='block_1_31' title="bbox 2031 1902 3614 1979">
    <p class='ocr_par' dir='ltr' id='par_1_31' title="bbox 2031 1902 3614 1979">
     <span class='ocr_line' id='line_1_31' title="bbox 2031 1902 3614 1979; baseline 0.007 -23"><span class='ocrx_word' id='word_1_185' title='bbox 2031 1902 2182 1968; x_wconf 90' lang='lat' dir='ltr'><strong>leris,</strong></span> <span class='ocrx_word' id='word_1_186' title='bbox 2215 1913 2306 1958; x_wconf 88' lang='lat' dir='ltr'><strong>aut</strong></span> <span class='ocrx_word' id='word_1_187' title='bbox 2329 1905 2502 1959; x_wconf 81' lang='lat' dir='ltr'><strong>falles.</strong></span> <span class='ocrx_word' id='word_1_188' title='bbox 2541 1905 2636 1960; x_wconf 88' lang='lat' dir='ltr'><strong>Est</strong></span> <span class='ocrx_word' id='word_1_189' title='bbox 2664 1908 2915 1976; x_wconf 86' lang='lat' dir='ltr'><strong>equidem</strong></span> <span class='ocrx_word' id='word_1_190' title='bbox 2957 1909 3135 1964; x_wconf 72' lang='lat' dir='ltr'><strong>Codex</strong></span> <span class='ocrx_word' id='word_1_191' title='bbox 3164 1909 3256 1964; x_wconf 92' lang='lat' dir='ltr'><strong>ille</strong></span> <span class='ocrx_word' id='word_1_192' title='bbox 3304 1909 3614 1979; x_wconf 87' lang='lat' dir='ltr'><strong>antiquissi-</strong></span> 
     </span>
    </p>
   </div>
   <div class='ocr_carea' id='block_1_32' title="bbox 2031 1993 3612 2081">
    <p class='ocr_par' dir='ltr' id='par_1_32' title="bbox 2031 1993 3612 2081">
     <span class='ocr_line' id='line_1_32' title="bbox 2031 1993 3612 2081; baseline 0.006 -35"><span class='ocrx_word' id='word_1_193' title='bbox 2031 2007 2169 2058; x_wconf 88' lang='lat' dir='ltr'><strong>mus,</strong></span> <span class='ocrx_word' id='word_1_194' title='bbox 2197 1993 2290 2049; x_wconf 91' lang='lat' dir='ltr'><strong>sed</strong></span> <span class='ocrx_word' id='word_1_195' title='bbox 2326 1994 2652 2061; x_wconf 89' lang='lat' dir='ltr'><strong>mendosus,</strong></span> <span class='ocrx_word' id='word_1_196' title='bbox 2701 2005 2760 2051; x_wconf 90' lang='lat' dir='ltr'><strong>ut</strong></span> <span class='ocrx_word' id='word_1_197' title='bbox 2797 1999 3004 2053; x_wconf 88' lang='lat' dir='ltr'><strong>caeteri.</strong></span> <span class='ocrx_word' id='word_1_198' title='bbox 3042 1997 3272 2081; x_wconf 43' lang='lat' dir='ltr'><strong>‘Retinet</strong></span> <span class='ocrx_word' id='word_1_199' title='bbox 3313 1999 3430 2070; x_wconf 88' lang='lat' dir='ltr'><strong>ipse</strong></span> <span class='ocrx_word' id='word_1_200' title='bbox 3468 2001 3612 2056; x_wconf 83' lang='lat' dir='ltr'><strong>anti-</strong></span> 
     </span>
    </p>
   </div>
   <div class='ocr_carea' id='block_1_33' title="bbox 2032 2085 3613 2159">
    <p class='ocr_par' dir='ltr' id='par_1_33' title="bbox 2032 2085 3613 2159">
     <span class='ocr_line' id='line_1_33' title="bbox 2032 2085 3613 2159; baseline 0.006 -20"><span class='ocrx_word' id='word_1_201' title='bbox 2032 2101 2192 2153; x_wconf 86' lang='lat' dir='ltr'><strong>quam</strong></span> <span class='ocrx_word' id='word_1_202' title='bbox 2217 2085 2421 2154; x_wconf 88' lang='lat' dir='ltr'><strong>italam,</strong></span> <span class='ocrx_word' id='word_1_203' title='bbox 2448 2102 2568 2159; x_wconf 71' lang='lat' dir='ltr'><strong>quae</strong></span> <span class='ocrx_word' id='word_1_204' title='bbox 2599 2098 2776 2144; x_wconf 88' lang='lat' dir='ltr'><strong>tamen</strong></span> <span class='ocrx_word' id='word_1_205' title='bbox 2819 2089 3059 2146; x_wconf 82' lang='lat' dir='ltr'><strong>cariosas</strong></span> <span class='ocrx_word' id='word_1_206' title='bbox 3088 2100 3142 2146; x_wconf 90' lang='lat' dir='ltr'><strong>et</strong></span> <span class='ocrx_word' id='word_1_207' title='bbox 3188 2091 3475 2147; x_wconf 77' lang='lat' dir='ltr'><strong>edentulae</strong></span> <span class='ocrx_word' id='word_1_208' title='bbox 3500 2092 3613 2148; x_wconf 84' lang='lat' dir='ltr'><strong>lec-</strong></span> 
     </span>
    </p>
   </div>
   <div class='ocr_carea' id='block_1_34' title="bbox 2032 2177 3115 2239">
    <p class='ocr_par' dir='ltr' id='par_1_34' title="bbox 2032 2177 3115 2239">
     <span class='ocr_line' id='line_1_34' title="bbox 2032 2177 3115 2239; baseline 0.007 -8"><span class='ocrx_word' id='word_1_209' title='bbox 2032 2177 2208 2232; x_wconf 90' lang='lat' dir='ltr'><strong>tiones</strong></span> <span class='ocrx_word' id='word_1_210' title='bbox 2231 2177 2409 2235; x_wconf 85' lang='lat' dir='ltr'><strong>habet.</strong></span> <span class='ocrx_word' id='word_1_211' title='bbox 2439 2180 2445 2187; x_wconf 86' lang='grc'><strong>”</strong></span> <span class='ocrx_word' id='word_1_212' title='bbox 3109 2236 3115 2239; x_wconf 87' lang='grc'>.</span> 
     </span>
    </p>
   </div>
   <div class='ocr_carea' id='block_1_35' title="bbox 2104 2268 3616 2345">
    <p class='ocr_par' dir='ltr' id='par_1_35' title="bbox 2104 2268 3616 2345">
     <span class='ocr_line' id='line_1_35' title="bbox 2104 2268 3616 2345; baseline 0.005 -21"><span class='ocrx_word' id='word_1_213' title='bbox 2104 2268 2276 2324; x_wconf 68' lang='lat' dir='ltr'><strong>Graeci</strong></span> <span class='ocrx_word' id='word_1_214' title='bbox 2319 2271 2550 2326; x_wconf 86' lang='lat' dir='ltr'><strong>adeundi</strong></span> <span class='ocrx_word' id='word_1_215' title='bbox 2581 2280 2707 2327; x_wconf 87' lang='lat' dir='ltr'><strong>sunt</strong></span> <span class='ocrx_word' id='word_1_216' title='bbox 2735 2272 2980 2338; x_wconf 88' lang='lat' dir='ltr'><strong>codices,</strong></span> <span class='ocrx_word' id='word_1_217' title='bbox 3011 2273 3106 2329; x_wconf 87' lang='lat' dir='ltr'><strong>sed</strong></span> <span class='ocrx_word' id='word_1_218' title='bbox 3143 2273 3470 2345; x_wconf 90' lang='lat' dir='ltr'><strong>incorrupti,</strong></span> <span class='ocrx_word' id='word_1_219' title='bbox 3497 2275 3616 2332; x_wconf 88' lang='lat' dir='ltr'><strong>sine</strong></span> 
     </span>
    </p>
   </div>
   <div class='ocr_carea' id='block_1_36' title="bbox 2031 2362 3611 2442">
    <p class='ocr_par' dir='ltr' id='par_1_36' title="bbox 2031 2362 3611 2442">
     <span class='ocr_line' id='line_1_36' title="bbox 2031 2362 3611 2442; baseline 0.009 -25"><span class='ocrx_word' id='word_1_220' title='bbox 2031 2364 2225 2432; x_wconf 89' lang='lat' dir='ltr'><strong>quibus</strong></span> <span class='ocrx_word' id='word_1_221' title='bbox 2254 2380 2440 2436; x_wconf 76' lang='lat' dir='ltr'><strong>nemo</strong></span> <span class='ocrx_word' id='word_1_222' title='bbox 2495 2362 2647 2436; x_wconf 85' lang='lat' dir='ltr'><strong>putet</strong></span> <span class='ocrx_word' id='word_1_223' title='bbox 2686 2369 2870 2424; x_wconf 88' lang='lat' dir='ltr'><strong>italam</strong></span> <span class='ocrx_word' id='word_1_224' title='bbox 2905 2370 3158 2438; x_wconf 75' lang='lat' dir='ltr'><strong>inveniri,</strong></span> <span class='ocrx_word' id='word_1_225' title='bbox 3206 2388 3272 2429; x_wconf 90' lang='lat' dir='ltr'><strong>ac</strong></span> <span class='ocrx_word' id='word_1_226' title='bbox 3320 2374 3611 2442; x_wconf 83' lang='lat' dir='ltr'><strong>inventam,</strong></span> 
     </span>
    </p>
   </div>
   <div class='ocr_carea' id='block_1_37' title="bbox 360 2454 3616 2534">
    <p class='ocr_par' dir='ltr' id='par_1_37' title="bbox 360 2454 3616 2534">
     <span class='ocr_line' id='line_1_37' title="bbox 360 2454 3616 2534; baseline -0.003 -16"><span class='ocrx_word' id='word_1_227' title='bbox 360 2463 636 2528; x_wconf 85' lang='lat' dir='ltr'><strong>incensus,</strong></span> <span class='ocrx_word' id='word_1_228' title='bbox 671 2463 763 2531; x_wconf 91' lang='lat' dir='ltr'><strong>qui</strong></span> <span class='ocrx_word' id='word_1_229' title='bbox 789 2455 1168 2532; x_wconf 82' lang='lat' dir='ltr'><strong>ejuslectione</strong></span> <span class='ocrx_word' id='word_1_230' title='bbox 1194 2474 1379 2514; x_wconf 85' lang='lat' dir='ltr'><strong>carere</strong></span> <span class='ocrx_word' id='word_1_231' title='bbox 1408 2458 1517 2512; x_wconf 91' lang='lat' dir='ltr'><strong>ullo</strong></span> <span class='ocrx_word' id='word_1_232' title='bbox 1547 2457 1710 2511; x_wconf 88' lang='lat' dir='ltr'><strong>modo</strong></span> <span class='ocrx_word' id='word_1_233' title='bbox 1736 2454 1924 2525; x_wconf 86' lang='lat' dir='ltr'><strong>possit.</strong></span> <span class='ocrx_word' id='word_1_234' title='bbox 1957 2454 2004 2514; x_wconf 84' lang='grc' dir='ltr'><strong>Β</strong></span> <span class='ocrx_word' id='word_1_235' title='bbox 2030 2454 2236 2523; x_wconf 83' lang='lat' dir='ltr'><strong>absque</strong></span> <span class='ocrx_word' id='word_1_236' title='bbox 2267 2458 2494 2512; x_wconf 86' lang='lat' dir='ltr'><strong>maculis</strong></span> <span class='ocrx_word' id='word_1_237' title='bbox 2517 2459 2601 2512; x_wconf 90' lang='lat' dir='ltr'><strong>edi</strong></span> <span class='ocrx_word' id='word_1_238' title='bbox 2625 2469 2806 2528; x_wconf 79' lang='lat' dir='ltr'><strong>posse.</strong></span> <span class='ocrx_word' id='word_1_239' title='bbox 2834 2462 2944 2530; x_wconf 74' lang='lat' dir='ltr'><strong>Ego</strong></span> <span class='ocrx_word' id='word_1_240' title='bbox 2974 2479 3146 2534; x_wconf 90' lang='lat' dir='ltr'><strong>neque</strong></span> <span class='ocrx_word' id='word_1_241' title='bbox 3183 2464 3427 2519; x_wconf 89' lang='lat' dir='ltr'><strong>Doctoris</strong></span> <span class='ocrx_word' id='word_1_242' title='bbox 3454 2463 3616 2519; x_wconf 78' lang='lat' dir='ltr'><strong>Maxi.</strong></span> 
     </span>
    </p>
   </div>
   <div class='ocr_carea' id='block_1_38' title="bbox 357 2544 1936 2624">
    <p class='ocr_par' dir='ltr' id='par_1_38' title="bbox 357 2544 1936 2624">
     <span class='ocr_line' id='line_1_38' title="bbox 357 2544 1936 2624; baseline -0.007 -15"><span class='ocrx_word' id='word_1_243' title='bbox 357 2554 538 2624; x_wconf 85' lang='lat' dir='ltr'><strong>Quare</strong></span> <span class='ocrx_word' id='word_1_244' title='bbox 578 2555 630 2608; x_wconf 93' lang='lat' dir='ltr'><strong>in</strong></span> <span class='ocrx_word' id='word_1_245' title='bbox 673 2554 1074 2623; x_wconf 76' lang='lat' dir='ltr'><strong>Prolegomenis</strong></span> <span class='ocrx_word' id='word_1_246' title='bbox 1116 2551 1272 2620; x_wconf 80' lang='lat' dir='ltr'><strong>hujus</strong></span> <span class='ocrx_word' id='word_1_247' title='bbox 1305 2547 1662 2618; x_wconf 77' lang='lat' dir='ltr'><strong>Evangeliarii</strong></span> <span class='ocrx_word' id='word_1_248' title='bbox 1690 2544 1936 2613; x_wconf 87' lang='lat' dir='ltr'><strong>Quadru-</strong></span> 
     </span>
    </p>
   </div>
   <div class='ocr_carea' id='block_1_39' title="bbox 359 2639 1932 2718">
    <p class='ocr_par' dir='ltr' id='par_1_39' title="bbox 359 2639 1932 2718">
     <span class='ocr_line' id='line_1_39' title="bbox 359 2639 1932 2718; baseline -0.008 -16"><span class='ocrx_word' id='word_1_249' title='bbox 359 2648 534 2718; x_wconf 87' lang='lat' dir='ltr'><strong>plicis,</strong></span> <span class='ocrx_word' id='word_1_250' title='bbox 561 2647 813 2717; x_wconf 89' lang='lat' dir='ltr'><strong>quoniam</strong></span> <span class='ocrx_word' id='word_1_251' title='bbox 841 2646 971 2700; x_wconf 86' lang='lat' dir='ltr'><strong>mihi</strong></span> <span class='ocrx_word' id='word_1_252' title='bbox 993 2659 1126 2715; x_wconf 89' lang='lat' dir='ltr'><strong>opus</strong></span> <span class='ocrx_word' id='word_1_253' title='bbox 1150 2651 1266 2698; x_wconf 76' lang='lat' dir='ltr'><strong>erat</strong></span> <span class='ocrx_word' id='word_1_254' title='bbox 1309 2642 1376 2696; x_wconf 90' lang='lat' dir='ltr'><strong>de</strong></span> <span class='ocrx_word' id='word_1_255' title='bbox 1409 2643 1630 2709; x_wconf 86' lang='lat' dir='ltr'><strong>antiqua</strong></span> <span class='ocrx_word' id='word_1_256' title='bbox 1651 2639 1780 2693; x_wconf 85' lang='lat' dir='ltr'><strong>itala</strong></span> <span class='ocrx_word' id='word_1_257' title='bbox 1811 2655 1932 2694; x_wconf 87' lang='lat' dir='ltr'><strong>ver-</strong></span> 
     </span>
    </p>
   </div>
   <div class='ocr_carea' id='block_1_40' title="bbox 356 2729 1934 2804">
    <p class='ocr_par' dir='ltr' id='par_1_40' title="bbox 356 2729 1934 2804">
     <span class='ocr_line' id='line_1_40' title="bbox 356 2729 1934 2804; baseline -0.008 -10"><span class='ocrx_word' id='word_1_258' title='bbox 356 2739 510 2794; x_wconf 85' lang='lat' dir='ltr'><strong>sione</strong></span> <span class='ocrx_word' id='word_1_259' title='bbox 539 2735 724 2791; x_wconf 82' lang='lat' dir='ltr'><strong>Latina</strong></span> <span class='ocrx_word' id='word_1_260' title='bbox 753 2735 917 2790; x_wconf 88' lang='lat' dir='ltr'><strong>multa</strong></span> <span class='ocrx_word' id='word_1_261' title='bbox 949 2733 1159 2804; x_wconf 67' lang='lat' dir='ltr'><strong>praefari</strong></span> <span class='ocrx_word' id='word_1_262' title='bbox 1179 2774 1194 2798; x_wconf 93' lang='lat'><strong>,</strong></span> <span class='ocrx_word' id='word_1_263' title='bbox 1235 2749 1302 2787; x_wconf 91' lang='lat' dir='ltr'><strong>ne</strong></span> <span class='ocrx_word' id='word_1_264' title='bbox 1332 2734 1467 2786; x_wconf 76' lang='lat' dir='ltr'><strong>forte</strong></span> <span class='ocrx_word' id='word_1_265' title='bbox 1495 2730 1707 2786; x_wconf 83' lang='lat' dir='ltr'><strong>viderer</strong></span> <span class='ocrx_word' id='word_1_266' title='bbox 1741 2729 1934 2799; x_wconf 85' lang='lat' dir='ltr'><strong>aliqui-</strong></span> 
     </span>
    </p>
   </div>
   <div class='ocr_carea' id='block_1_41' title="bbox 357 2821 1931 2899">
    <p class='ocr_par' dir='ltr' id='par_1_41' title="bbox 357 2821 1931 2899">
     <span class='ocr_line' id='line_1_41' title="bbox 357 2821 1931 2899; baseline -0.006 -14"><span class='ocrx_word' id='word_1_267' title='bbox 357 2830 456 2886; x_wconf 89' lang='lat' dir='ltr'><strong>bus</strong></span> <span class='ocrx_word' id='word_1_268' title='bbox 486 2845 599 2885; x_wconf 91' lang='lat' dir='ltr'><strong>rem</strong></span> <span class='ocrx_word' id='word_1_269' title='bbox 650 2844 680 2883; x_wconf 86' lang='lat' dir='ltr'><strong>a</strong></span> <span class='ocrx_word' id='word_1_270' title='bbox 724 2827 1120 2899; x_wconf 87' lang='lat' dir='ltr'><strong>sapientissimo</strong></span> <span class='ocrx_word' id='word_1_271' title='bbox 1170 2824 1479 2880; x_wconf 69' lang='lat' dir='ltr'><strong>Martianmo</strong></span> <span class='ocrx_word' id='word_1_272' title='bbox 1507 2823 1679 2877; x_wconf 91' lang='lat' dir='ltr'><strong>multo</strong></span> <span class='ocrx_word' id='word_1_273' title='bbox 1706 2821 1931 2891; x_wconf 82' lang='lat' dir='ltr'><strong>diligen-</strong></span> 
     </span>
    </p>
   </div>
   <div class='ocr_carea' id='block_1_42' title="bbox 357 2915 1930 2994">
    <p class='ocr_par' dir='ltr' id='par_1_42' title="bbox 357 2915 1930 2994">
     <span class='ocr_line' id='line_1_42' title="bbox 357 2915 1930 2994; baseline -0.006 -15"><span class='ocrx_word' id='word_1_274' title='bbox 357 2925 488 2990; x_wconf 78' lang='lat' dir='ltr'><strong>tius,</strong></span> <span class='ocrx_word' id='word_1_275' title='bbox 514 2923 810 2994; x_wconf 85' lang='lat' dir='ltr'><strong>majorique</strong></span> <span class='ocrx_word' id='word_1_276' title='bbox 830 2937 954 2978; x_wconf 90' lang='lat' dir='ltr'><strong>cum</strong></span> <span class='ocrx_word' id='word_1_277' title='bbox 984 2920 1265 2990; x_wconf 75' lang='lat' dir='ltr'><strong>dignitate,</strong></span> <span class='ocrx_word' id='word_1_278' title='bbox 1296 2934 1456 2992; x_wconf 88' lang='lat' dir='ltr'><strong>quam</strong></span> <span class='ocrx_word' id='word_1_279' title='bbox 1482 2916 1550 2972; x_wconf 83' lang='lat' dir='ltr'><strong>de</strong></span> <span class='ocrx_word' id='word_1_280' title='bbox 1573 2931 1657 2972; x_wconf 89' lang='lat' dir='ltr'><strong>me</strong></span> <span class='ocrx_word' id='word_1_281' title='bbox 1687 2915 1930 2985; x_wconf 80' lang='lat' dir='ltr'><strong>polliceri</strong></span> 
     </span>
    </p>
   </div>
   <div class='ocr_carea' id='block_1_43' title="bbox 356 3007 1932 3086">
    <p class='ocr_par' dir='ltr' id='par_1_43' title="bbox 356 3007 1932 3086">
     <span class='ocr_line' id='line_1_43' title="bbox 356 3007 1932 3086; baseline -0.006 -15"><span class='ocrx_word' id='word_1_282' title='bbox 356 3016 635 3082; x_wconf 86' lang='lat' dir='ltr'><strong>auderem,</strong></span> <span class='ocrx_word' id='word_1_283' title='bbox 659 3015 768 3086; x_wconf 86' lang='lat' dir='ltr'><strong>jam</strong></span> <span class='ocrx_word' id='word_1_284' title='bbox 788 3023 982 3082; x_wconf 88' lang='lat' dir='ltr'><strong>actam,</strong></span> <span class='ocrx_word' id='word_1_285' title='bbox 1007 3028 1194 3085; x_wconf 76' lang='lat' dir='ltr'><strong>agere,</strong></span> <span class='ocrx_word' id='word_1_286' title='bbox 1225 3010 1524 3066; x_wconf 78' lang='lat' dir='ltr'><strong>existimavi</strong></span> <span class='ocrx_word' id='word_1_287' title='bbox 1555 3009 1713 3079; x_wconf 80' lang='lat' dir='ltr'><strong>longe</strong></span> <span class='ocrx_word' id='word_1_288' title='bbox 1739 3007 1932 3062; x_wconf 88' lang='lat' dir='ltr'><strong>melius</strong></span> 
     </span>
    </p>
   </div>
   <div class='ocr_carea' id='block_1_44' title="bbox 357 3102 1930 3175">
    <p class='ocr_par' dir='ltr' id='par_1_44' title="bbox 357 3102 1930 3175">
     <span class='ocr_line' id='line_1_44' title="bbox 357 3102 1930 3175; baseline -0.008 -8"><span class='ocrx_word' id='word_1_289' title='bbox 357 3110 487 3167; x_wconf 90' lang='lat' dir='ltr'><strong>huic</strong></span> <span class='ocrx_word' id='word_1_290' title='bbox 508 3109 737 3168; x_wconf 87' lang='lat' dir='ltr'><strong>editioni</strong></span> <span class='ocrx_word' id='word_1_291' title='bbox 765 3107 1097 3175; x_wconf 91' lang='lat' dir='ltr'><strong>consultum,</strong></span> <span class='ocrx_word' id='word_1_292' title='bbox 1124 3116 1176 3163; x_wconf 92' lang='lat' dir='ltr'><strong>et</strong></span> <span class='ocrx_word' id='word_1_293' title='bbox 1203 3121 1231 3161; x_wconf 88' lang='lat' dir='ltr'><strong>a</strong></span> <span class='ocrx_word' id='word_1_294' title='bbox 1264 3120 1349 3160; x_wconf 91' lang='lat' dir='ltr'><strong>me</strong></span> <span class='ocrx_word' id='word_1_295' title='bbox 1378 3103 1696 3174; x_wconf 90' lang='lat' dir='ltr'><strong>prudentius</strong></span> <span class='ocrx_word' id='word_1_296' title='bbox 1734 3102 1930 3156; x_wconf 80' lang='lat' dir='ltr'><strong>factum</strong></span> 
     </span>
    </p>
   </div>
   <div class='ocr_carea' id='block_1_45' title="bbox 357 3195 1930 3273">
    <p class='ocr_par' dir='ltr' id='par_1_45' title="bbox 357 3195 1930 3273">
     <span class='ocr_line' id='line_1_45' title="bbox 357 3195 1930 3273; baseline -0.007 -15"><span class='ocrx_word' id='word_1_297' title='bbox 357 3200 450 3272; x_wconf 91' lang='lat' dir='ltr'><strong>iri,</strong></span> <span class='ocrx_word' id='word_1_298' title='bbox 480 3203 523 3257; x_wconf 87' lang='lat' dir='ltr'><strong>si</strong></span> <span class='ocrx_word' id='word_1_299' title='bbox 555 3212 624 3268; x_wconf 90' lang='lat' dir='ltr'><strong>te,</strong></span> <span class='ocrx_word' id='word_1_300' title='bbox 658 3202 902 3273; x_wconf 84' lang='lat' dir='ltr'><strong>aliosque</strong></span> <span class='ocrx_word' id='word_1_301' title='bbox 920 3199 1063 3256; x_wconf 70' lang='lat' dir='ltr'><strong>itala:</strong></span> <span class='ocrx_word' id='word_1_302' title='bbox 1106 3198 1364 3255; x_wconf 85' lang='lat' dir='ltr'><strong>versionis</strong></span> <span class='ocrx_word' id='word_1_303' title='bbox 1390 3207 1661 3250; x_wconf 90' lang='lat' dir='ltr'><strong>amatores</strong></span> <span class='ocrx_word' id='word_1_304' title='bbox 1714 3195 1930 3249; x_wconf 84' lang='lat' dir='ltr'><strong>invitas-</strong></span> 
     </span>
    </p>
   </div>
   <div class='ocr_carea' id='block_1_46' title="bbox 357 3286 1934 3369">
    <p class='ocr_par' dir='ltr' id='par_1_46' title="bbox 357 3286 1934 3369">
     <span class='ocr_line' id='line_1_46' title="bbox 357 3286 1934 3369; baseline -0.006 -20"><span class='ocrx_word' id='word_1_305' title='bbox 357 3305 474 3349; x_wconf 81' lang='lat' dir='ltr'><strong>sem</strong></span> <span class='ocrx_word' id='word_1_306' title='bbox 506 3293 586 3365; x_wconf 92' lang='lat' dir='ltr'><strong>(a)</strong></span> <span class='ocrx_word' id='word_1_307' title='bbox 625 3292 691 3347; x_wconf 92' lang='lat' dir='ltr'><strong>ad</strong></span> <span class='ocrx_word' id='word_1_308' title='bbox 735 3291 961 3363; x_wconf 77' lang='lat' dir='ltr'><strong>legenda</strong></span> <span class='ocrx_word' id='word_1_309' title='bbox 1005 3290 1388 3361; x_wconf 73' lang='lat' dir='ltr'><strong>Prolegomena</strong></span> <span class='ocrx_word' id='word_1_310' title='bbox 1429 3286 1672 3358; x_wconf 85' lang='lat' dir='ltr'><strong>ejusdem</strong></span> <span class='ocrx_word' id='word_1_311' title='bbox 1701 3287 1934 3369; x_wconf 39' lang='lat' dir='ltr'><strong>‘Martia-</strong></span> 
     </span>
    </p>
   </div>
   <div class='ocr_carea' id='block_1_47' title="bbox 361 3369 1930 3456">
    <p class='ocr_par' dir='ltr' id='par_1_47' title="bbox 361 3369 1930 3456">
     <span class='ocr_line' id='line_1_47' title="bbox 361 3369 1930 3456; baseline -0.004 -17"><span class='ocrx_word' id='word_1_312' title='bbox 361 3385 488 3451; x_wconf 77' lang='lat' dir='ltr'><strong>mei,</strong></span> <span class='ocrx_word' id='word_1_313' title='bbox 515 3384 608 3456; x_wconf 90' lang='lat' dir='ltr'><strong>qui</strong></span> <span class='ocrx_word' id='word_1_314' title='bbox 628 3369 758 3438; x_wconf 85' lang='lat' dir='ltr'><strong>illud</strong></span> <span class='ocrx_word' id='word_1_315' title='bbox 789 3393 1158 3452; x_wconf 79' lang='lat' dir='ltr'><strong>argumentum</strong></span> <span class='ocrx_word' id='word_1_316' title='bbox 1184 3381 1440 3451; x_wconf 74' lang='lat' dir='ltr'><strong>singulari</strong></span> <span class='ocrx_word' id='word_1_317' title='bbox 1484 3380 1790 3434; x_wconf 90' lang='lat' dir='ltr'><strong>eruditione</strong></span> <span class='ocrx_word' id='word_1_318' title='bbox 1821 3389 1930 3433; x_wconf 87' lang='lat' dir='ltr'><strong>tra-</strong></span> 
     </span>
    </p>
   </div>
   <div class='ocr_carea' id='block_1_48' title="bbox 360 3472 1932 3543">
    <p class='ocr_par' dir='ltr' id='par_1_48' title="bbox 360 3472 1932 3543">
     <span class='ocr_line' id='line_1_48' title="bbox 360 3472 1932 3543; baseline -0.004 -12"><span class='ocrx_word' id='word_1_319' title='bbox 360 3474 548 3531; x_wconf 85' lang='lat' dir='ltr'><strong>ctavit.</strong></span> <span class='ocrx_word' id='word_1_320' title='bbox 573 3473 727 3529; x_wconf 83' lang='lat' dir='ltr'><strong>Nune</strong></span> <span class='ocrx_word' id='word_1_321' title='bbox 758 3488 888 3543; x_wconf 78' lang='lat' dir='ltr'><strong>ergo</strong></span> <span class='ocrx_word' id='word_1_322' title='bbox 914 3474 980 3529; x_wconf 85' lang='lat' dir='ltr'><strong>ad</strong></span> <span class='ocrx_word' id='word_1_323' title='bbox 1003 3472 1416 3538; x_wconf 88' lang='lat' dir='ltr'><strong>ostendendum,</strong></span> <span class='ocrx_word' id='word_1_324' title='bbox 1444 3472 1651 3532; x_wconf 86' lang='lat' dir='ltr'><strong>Italam.</strong></span> <span class='ocrx_word' id='word_1_325' title='bbox 1683 3487 1799 3540; x_wconf 72' lang='lat' dir='ltr'><strong>qua:</strong></span> <span class='ocrx_word' id='word_1_326' title='bbox 1817 3478 1932 3525; x_wconf 91' lang='lat' dir='ltr'><strong>erat</strong></span> 
     </span>
    </p>
   </div>
   <div class='ocr_carea' id='block_1_49' title="bbox 360 3560 1930 3631">
    <p class='ocr_par' dir='ltr' id='par_1_49' title="bbox 360 3560 1930 3631">
     <span class='ocr_line' id='line_1_49' title="bbox 360 3560 1930 3631; baseline -0.004 -10"><span class='ocrx_word' id='word_1_327' title='bbox 360 3565 1001 3622; x_wconf 61' lang='lat' dir='ltr'><strong>verborum‘Grzccorum</strong></span> <span class='ocrx_word' id='word_1_328' title='bbox 1056 3565 1320 3628; x_wconf 87' lang='lat' dir='ltr'><strong>tenacior,</strong></span> <span class='ocrx_word' id='word_1_329' title='bbox 1371 3577 1493 3618; x_wconf 88' lang='lat' dir='ltr'><strong>cum</strong></span> <span class='ocrx_word' id='word_1_330' title='bbox 1545 3560 1930 3631; x_wconf 88' lang='lat' dir='ltr'><strong>perspicuitate</strong></span> 
     </span>
    </p>
   </div>
   <div class='ocr_carea' id='block_1_50' title="bbox 358 3652 1927 3724">
    <p class='ocr_par' dir='ltr' id='par_1_50' title="bbox 358 3652 1927 3724">
     <span class='ocr_line' id='line_1_50' title="bbox 358 3652 1927 3724; baseline -0.006 -11"><span class='ocrx_word' id='word_1_331' title='bbox 358 3655 661 3722; x_wconf 74' lang='lat' dir='ltr'><strong>sententizc,</strong></span> <span class='ocrx_word' id='word_1_332' title='bbox 685 3664 873 3710; x_wconf 64' lang='lat' dir='ltr'><strong>nostro</strong></span> <span class='ocrx_word' id='word_1_333' title='bbox 889 3654 1262 3724; x_wconf 65' lang='lat' dir='ltr'><strong>Evangeliario</strong></span> <span class='ocrx_word' id='word_1_334' title='bbox 1281 3653 1619 3722; x_wconf 87' lang='lat' dir='ltr'><strong>quadruplici</strong></span> <span class='ocrx_word' id='word_1_335' title='bbox 1644 3652 1927 3717; x_wconf 86' lang='lat' dir='ltr'><strong>contineri,</strong></span> 
     </span>
    </p>
   </div>
   <div class='ocr_carea' id='block_1_51' title="bbox 359 3732 1924 3817">
    <p class='ocr_par' dir='ltr' id='par_1_51' title="bbox 359 3732 1924 3817">
     <span class='ocr_line' id='line_1_51' title="bbox 359 3732 1924 3817; baseline -0.004 -14"><span class='ocrx_word' id='word_1_336' title='bbox 359 3745 608 3803; x_wconf 73' lang='lat' dir='ltr'><strong>Grzecum</strong></span> <span class='ocrx_word' id='word_1_337' title='bbox 639 3732 957 3817; x_wconf 73' lang='lat' dir='ltr'><strong>oi-iginalem</strong></span> <span class='ocrx_word' id='word_1_338' title='bbox 989 3753 1192 3800; x_wconf 80' lang='lat' dir='ltr'><strong>textum</strong></span> <span class='ocrx_word' id='word_1_339' title='bbox 1215 3786 1228 3807; x_wconf 91' lang='lat'><strong>,</strong></span> <span class='ocrx_word' id='word_1_340' title='bbox 1265 3745 1318 3798; x_wconf 86' lang='lat' dir='ltr'><strong>in</strong></span> <span class='ocrx_word' id='word_1_341' title='bbox 1364 3743 1754 3814; x_wconf 88' lang='lat' dir='ltr'><strong>antiquioribus</strong></span> <span class='ocrx_word' id='word_1_342' title='bbox 1794 3759 1924 3798; x_wconf 88' lang='lat' dir='ltr'><strong>mss.</strong></span> 
     </span>
    </p>
   </div>
   <div class='ocr_carea' id='block_1_52' title="bbox 2035 2543 3616 2629">
    <p class='ocr_par' dir='ltr' id='par_1_52' title="bbox 2035 2543 3616 2629">
     <span class='ocr_line' id='line_1_52' title="bbox 2035 2543 3616 2629; baseline 0.007 -30"><span class='ocrx_word' id='word_1_343' title='bbox 2035 2545 2104 2599; x_wconf 91' lang='lat' dir='ltr'><strong>mi</strong></span> <span class='ocrx_word' id='word_1_344' title='bbox 2140 2547 2437 2629; x_wconf 87' lang='lat' dir='ltr'><strong>institutum</strong></span> <span class='ocrx_word' id='word_1_345' title='bbox 2468 2551 2599 2604; x_wconf 88' lang='lat' dir='ltr'><strong>satis</strong></span> <span class='ocrx_word' id='word_1_346' title='bbox 2631 2549 2885 2615; x_wconf 84' lang='lat' dir='ltr'><strong>laudare,</strong></span> <span class='ocrx_word' id='word_1_347' title='bbox 2919 2569 3019 2608; x_wconf 77' lang='lat' dir='ltr'><strong>nec</strong></span> <span class='ocrx_word' id='word_1_348' title='bbox 3056 2554 3359 2624; x_wconf 88' lang='lat' dir='ltr'><strong>aliquorum</strong></span> <span class='ocrx_word' id='word_1_349' title='bbox 3404 2543 3616 2610; x_wconf 86' lang='lat' dir='ltr'><strong>animo-</strong></span> 
     </span>
    </p>
   </div>
   <div class='ocr_carea' id='block_1_53' title="bbox 2031 2629 3616 2715">
    <p class='ocr_par' dir='ltr' id='par_1_53' title="bbox 2031 2629 3616 2715">
     <span class='ocr_line' id='line_1_53' title="bbox 2031 2629 3616 2715; baseline 0.006 -23"><span class='ocrx_word' id='word_1_350' title='bbox 2031 2637 2246 2692; x_wconf 85' lang='lat' dir='ltr'><strong>sitatem</strong></span> <span class='ocrx_word' id='word_1_351' title='bbox 2274 2638 2405 2694; x_wconf 87' lang='lat' dir='ltr'><strong>satis</strong></span> <span class='ocrx_word' id='word_1_352' title='bbox 2443 2629 2624 2695; x_wconf 84' lang='lat' dir='ltr'><strong>mirari</strong></span> <span class='ocrx_word' id='word_1_353' title='bbox 2652 2657 2814 2712; x_wconf 92' lang='lat' dir='ltr'><strong>queo,</strong></span> <span class='ocrx_word' id='word_1_354' title='bbox 2858 2643 3054 2712; x_wconf 88' lang='lat' dir='ltr'><strong>quibus</strong></span> <span class='ocrx_word' id='word_1_355' title='bbox 3103 2646 3254 2700; x_wconf 79' lang='lat' dir='ltr'><strong>labor</strong></span> <span class='ocrx_word' id='word_1_356' title='bbox 3285 2644 3616 2715; x_wconf 82' lang='lat' dir='ltr'><strong>Hieronymi,</strong></span> 
     </span>
    </p>
   </div>
   <div class='ocr_carea' id='block_1_54' title="bbox 2031 2731 3618 2806">
    <p class='ocr_par' dir='ltr' id='par_1_54' title="bbox 2031 2731 3618 2806">
     <span class='ocr_line' id='line_1_54' title="bbox 2031 2731 3618 2806; baseline 0.006 -23"><span class='ocrx_word' id='word_1_357' title='bbox 2031 2731 2120 2801; x_wconf 90' lang='lat' dir='ltr'><strong>qui</strong></span> <span class='ocrx_word' id='word_1_358' title='bbox 2153 2731 2356 2785; x_wconf 88' lang='lat' dir='ltr'><strong>aditum</strong></span> <span class='ocrx_word' id='word_1_359' title='bbox 2410 2733 2513 2806; x_wconf 77' lang='lat' dir='ltr'><strong>sibi</strong></span> <span class='ocrx_word' id='word_1_360' title='bbox 2560 2733 2626 2787; x_wconf 89' lang='lat' dir='ltr'><strong>ad</strong></span> <span class='ocrx_word' id='word_1_361' title='bbox 2679 2734 2999 2801; x_wconf 86' lang='lat' dir='ltr'><strong>purissimos</strong></span> <span class='ocrx_word' id='word_1_362' title='bbox 3051 2735 3268 2790; x_wconf 79' lang='lat' dir='ltr'><strong>Cra-cos</strong></span> <span class='ocrx_word' id='word_1_363' title='bbox 3305 2738 3479 2791; x_wconf 80' lang='lat' dir='ltr'><strong>fontes</strong></span> <span class='ocrx_word' id='word_1_364' title='bbox 3521 2751 3618 2804; x_wconf 88' lang='lat' dir='ltr'><strong>pro</strong></span> 
     </span>
    </p>
   </div>
   <div class='ocr_carea' id='block_1_55' title="bbox 2032 2821 3617 2897">
    <p class='ocr_par' dir='ltr' id='par_1_55' title="bbox 2032 2821 3617 2897">
     <span class='ocr_line' id='line_1_55' title="bbox 2032 2821 3617 2897; baseline 0.004 -21"><span class='ocrx_word' id='word_1_365' title='bbox 2032 2821 2370 2877; x_wconf 90' lang='lat' dir='ltr'><strong>emendando</strong></span> <span class='ocrx_word' id='word_1_366' title='bbox 2397 2822 2589 2879; x_wconf 87' lang='lat' dir='ltr'><strong>Latino</strong></span> <span class='ocrx_word' id='word_1_367' title='bbox 2617 2834 2850 2894; x_wconf 88' lang='lat' dir='ltr'><strong>quatuor</strong></span> <span class='ocrx_word' id='word_1_368' title='bbox 2867 2825 3278 2894; x_wconf 75' lang='lat' dir='ltr'><strong>Evangeliorttm</strong></span> <span class='ocrx_word' id='word_1_369' title='bbox 3306 2826 3497 2882; x_wconf 89' lang='lat' dir='ltr'><strong>codice</strong></span> <span class='ocrx_word' id='word_1_370' title='bbox 3520 2842 3617 2897; x_wconf 84' lang='lat' dir='ltr'><strong>pa-</strong></span> 
     </span>
    </p>
   </div>
   <div class='ocr_carea' id='block_1_56' title="bbox 2033 2911 3616 2987">
    <p class='ocr_par' dir='ltr' id='par_1_56' title="bbox 2033 2911 3616 2987">
     <span class='ocr_line' id='line_1_56' title="bbox 2033 2911 3616 2987; baseline 0.006 -21"><span class='ocrx_word' id='word_1_371' title='bbox 2033 2911 2236 2969; x_wconf 58' lang='lat' dir='ltr'><strong>tefecit.</strong></span> <span class='ocrx_word' id='word_1_372' title='bbox 2269 2916 2633 2985; x_wconf 85' lang='lat' dir='ltr'><strong>improbatur;</strong></span> <span class='ocrx_word' id='word_1_373' title='bbox 2667 2917 2918 2987; x_wconf 88' lang='lat' dir='ltr'><strong>quoniam</strong></span> <span class='ocrx_word' id='word_1_374' title='bbox 2945 2919 3340 2975; x_wconf 89' lang='lat' dir='ltr'><strong>correctionem</strong></span> <span class='ocrx_word' id='word_1_375' title='bbox 3371 2934 3521 2974; x_wconf 84' lang='lat' dir='ltr'><strong>suam</strong></span> <span class='ocrx_word' id='word_1_376' title='bbox 3551 2936 3616 2976; x_wconf 85' lang='lat' dir='ltr'><strong>ex</strong></span> 
     </span>
    </p>
   </div>
   <div class='ocr_carea' id='block_1_57' title="bbox 2032 3005 3617 3082">
    <p class='ocr_par' dir='ltr' id='par_1_57' title="bbox 2032 3005 3617 3082">
     <span class='ocr_line' id='line_1_57' title="bbox 2032 3005 3617 3082; baseline 0.004 -22"><span class='ocrx_word' id='word_1_377' title='bbox 2032 3005 2265 3061; x_wconf 70' lang='lat' dir='ltr'><strong>cmnosis</strong></span> <span class='ocrx_word' id='word_1_378' title='bbox 2295 3007 2400 3063; x_wconf 88' lang='lat' dir='ltr'><strong>illis</strong></span> <span class='ocrx_word' id='word_1_379' title='bbox 2438 3023 2502 3063; x_wconf 90' lang='lat' dir='ltr'><strong>ac</strong></span> <span class='ocrx_word' id='word_1_380' title='bbox 2558 3008 2886 3064; x_wconf 89' lang='lat' dir='ltr'><strong>turbulentis</strong></span> <span class='ocrx_word' id='word_1_381' title='bbox 2917 3010 3227 3065; x_wconf 78' lang='lat' dir='ltr'><strong>Latinorum</strong></span> <span class='ocrx_word' id='word_1_382' title='bbox 3263 3011 3617 3082; x_wconf 88' lang='lat' dir='ltr'><strong>interpretum</strong></span> 
     </span>
    </p>
   </div>
   <div class='ocr_carea' id='block_1_58' title="bbox 2031 3099 3620 3160">
    <p class='ocr_par' dir='ltr' id='par_1_58' title="bbox 2031 3099 3620 3160">
     <span class='ocr_line' id='line_1_58' title="bbox 2031 3099 3620 3160; baseline 0.004 -8"><span class='ocrx_word' id='word_1_383' title='bbox 2031 3099 2244 3155; x_wconf 90' lang='lat' dir='ltr'><strong>lacunis</strong></span> <span class='ocrx_word' id='word_1_384' title='bbox 2267 3099 2620 3154; x_wconf 83' lang='lat' dir='ltr'><strong>hauriendam</strong></span> <span class='ocrx_word' id='word_1_385' title='bbox 2643 3115 2766 3156; x_wconf 88' lang='lat' dir='ltr'><strong>esse</strong></span> <span class='ocrx_word' id='word_1_386' title='bbox 2796 3115 2901 3155; x_wconf 90' lang='lat' dir='ltr'><strong>non</strong></span> <span class='ocrx_word' id='word_1_387' title='bbox 2932 3101 3103 3156; x_wconf 85' lang='lat' dir='ltr'><strong>duxit.</strong></span> <span class='ocrx_word' id='word_1_388' title='bbox 3132 3102 3403 3159; x_wconf 88' lang='lat' dir='ltr'><strong>Censores</strong></span> <span class='ocrx_word' id='word_1_389' title='bbox 3429 3103 3620 3160; x_wconf 85' lang='lat' dir='ltr'><strong>habuit</strong></span> 
     </span>
    </p>
   </div>
   <div class='ocr_carea' id='block_1_59' title="bbox 2031 3193 3611 3267">
    <p class='ocr_par' dir='ltr' id='par_1_59' title="bbox 2031 3193 3611 3267">
     <span class='ocr_line' id='line_1_59' title="bbox 2031 3193 3611 3267; baseline 0.002 -18"><span class='ocrx_word' id='word_1_390' title='bbox 2031 3193 2392 3266; x_wconf 82' lang='lat' dir='ltr'><strong>Hieronymus</strong></span> <span class='ocrx_word' id='word_1_391' title='bbox 2431 3210 2527 3250; x_wconf 93' lang='lat' dir='ltr'><strong>sua</strong></span> <span class='ocrx_word' id='word_1_392' title='bbox 2562 3196 2724 3250; x_wconf 90' lang='lat' dir='ltr'><strong>etiam</strong></span> <span class='ocrx_word' id='word_1_393' title='bbox 2779 3206 2968 3262; x_wconf 58' lang='lat' dir='ltr'><strong>nitate;</strong></span> <span class='ocrx_word' id='word_1_394' title='bbox 3008 3196 3131 3266; x_wconf 89' lang='lat' dir='ltr'><strong>qui,</strong></span> <span class='ocrx_word' id='word_1_395' title='bbox 3169 3205 3227 3251; x_wconf 91' lang='lat' dir='ltr'><strong>ut</strong></span> <span class='ocrx_word' id='word_1_396' title='bbox 3277 3197 3395 3267; x_wconf 89' lang='lat' dir='ltr'><strong>ejus</strong></span> <span class='ocrx_word' id='word_1_397' title='bbox 3440 3196 3611 3252; x_wconf 87' lang='lat' dir='ltr'><strong>labori</strong></span> 
     </span>
    </p>
   </div>
   <div class='ocr_carea' id='block_1_60' title="bbox 2034 3285 3619 3360">
    <p class='ocr_par' dir='ltr' id='par_1_60' title="bbox 2034 3285 3619 3360">
     <span class='ocr_line' id='line_1_60' title="bbox 2034 3285 3619 3360; baseline -0.001 -18"><span class='ocrx_word' id='word_1_398' title='bbox 2034 3302 2215 3342; x_wconf 88' lang='lat' dir='ltr'><strong>moras</strong></span> <span class='ocrx_word' id='word_1_399' title='bbox 2238 3294 2538 3360; x_wconf 77' lang='lat' dir='ltr'><strong>necterent,</strong></span> <span class='ocrx_word' id='word_1_400' title='bbox 2567 3285 2836 3357; x_wconf 80' lang='lat' dir='ltr'><strong>iidemque</strong></span> <span class='ocrx_word' id='word_1_401' title='bbox 2876 3286 3262 3353; x_wconf 84' lang='lat' dir='ltr'><strong>detraherent,</strong></span> <span class='ocrx_word' id='word_1_402' title='bbox 3295 3297 3454 3358; x_wconf 88' lang='lat' dir='ltr'><strong>atque</strong></span> <span class='ocrx_word' id='word_1_403' title='bbox 3482 3301 3619 3357; x_wconf 80' lang='lat' dir='ltr'><strong>Opus</strong></span> 
     </span>
    </p>
   </div>
   <div class='ocr_carea' id='block_1_61' title="bbox 2033 3378 3614 3449">
    <p class='ocr_par' dir='ltr' id='par_1_61' title="bbox 2033 3378 3614 3449">
     <span class='ocr_line' id='line_1_61' title="bbox 2033 3378 3614 3449; baseline 0.001 -16"><span class='ocrx_word' id='word_1_404' title='bbox 2033 3379 2175 3449; x_wconf 90' lang='lat' dir='ltr'><strong>quod</strong></span> <span class='ocrx_word' id='word_1_405' title='bbox 2207 3378 2641 3448; x_wconf 83' lang='lat' dir='ltr'><strong>aggredicbatur,</strong></span> <span class='ocrx_word' id='word_1_406' title='bbox 2674 3390 2984 3449; x_wconf 56' lang='lat' dir='ltr'><strong>suspectum</strong></span> <span class='ocrx_word' id='word_1_407' title='bbox 3014 3379 3276 3435; x_wconf 88' lang='lat' dir='ltr'><strong>Ecclesiis</strong></span> <span class='ocrx_word' id='word_1_408' title='bbox 3319 3381 3614 3449; x_wconf 77' lang='lat' dir='ltr'><strong>efﬁcerent,</strong></span> 
     </span>
    </p>
   </div>
   <div class='ocr_carea' id='block_1_62' title="bbox 2032 3467 3623 3543">
    <p class='ocr_par' dir='ltr' id='par_1_62' title="bbox 2032 3467 3623 3543">
     <span class='ocr_line' id='line_1_62' title="bbox 2032 3467 3623 3543; baseline 0.005 -23"><span class='ocrx_word' id='word_1_409' title='bbox 2032 3475 2471 3536; x_wconf 82' lang='lat' dir='ltr'><strong>praemonuerunt</strong></span> <span class='ocrx_word' id='word_1_410' title='bbox 2496 3467 2742 3538; x_wconf 81' lang='lat' dir='ltr'><strong>ignarum</strong></span> <span class='ocrx_word' id='word_1_411' title='bbox 2766 3469 2978 3539; x_wconf 79' lang='lat' dir='ltr'><strong>vulgus,</strong></span> <span class='ocrx_word' id='word_1_412' title='bbox 2995 3479 3051 3524; x_wconf 93' lang='lat' dir='ltr'><strong>ut</strong></span> <span class='ocrx_word' id='word_1_413' title='bbox 3083 3478 3300 3526; x_wconf 80' lang='lat' dir='ltr'><strong>caveret</strong></span> <span class='ocrx_word' id='word_1_414' title='bbox 3319 3471 3458 3537; x_wconf 87' lang='lat' dir='ltr'><strong>sibi;</strong></span> <span class='ocrx_word' id='word_1_415' title='bbox 3486 3487 3623 3543; x_wconf 88' lang='lat' dir='ltr'><strong>quo-</strong></span> 
     </span>
    </p>
   </div>
   <div class='ocr_carea' id='block_1_63' title="bbox 2032 3558 3618 3629">
    <p class='ocr_par' dir='ltr' id='par_1_63' title="bbox 2032 3558 3618 3629">
     <span class='ocr_line' id='line_1_63' title="bbox 2032 3558 3618 3629; baseline 0.006 -18"><span class='ocrx_word' id='word_1_416' title='bbox 2032 3559 2176 3612; x_wconf 89' lang='lat' dir='ltr'><strong>niam</strong></span> <span class='ocrx_word' id='word_1_417' title='bbox 2236 3573 2266 3612; x_wconf 90' lang='lat' dir='ltr'><strong>a</strong></span> <span class='ocrx_word' id='word_1_418' title='bbox 2323 3558 2534 3613; x_wconf 87' lang='lat' dir='ltr'><strong>Latinis</strong></span> <span class='ocrx_word' id='word_1_419' title='bbox 2572 3560 2973 3629; x_wconf 83' lang='lat' dir='ltr'><strong>exemplaribus</strong></span> <span class='ocrx_word' id='word_1_420' title='bbox 3030 3562 3342 3617; x_wconf 87' lang='lat' dir='ltr'><strong>recedebat.</strong></span> <span class='ocrx_word' id='word_1_421' title='bbox 3395 3564 3501 3620; x_wconf 87' lang='lat' dir='ltr'><strong>Sed</strong></span> <span class='ocrx_word' id='word_1_422' title='bbox 3563 3565 3618 3620; x_wconf 90' lang='lat' dir='ltr'><strong>in</strong></span> 
     </span>
    </p>
   </div>
   <div class='ocr_carea' id='block_1_64' title="bbox 2031 3638 3614 3721">
    <p class='ocr_par' dir='ltr' id='par_1_64' title="bbox 2031 3638 3614 3721">
     <span class='ocr_line' id='line_1_64' title="bbox 2031 3638 3614 3721; baseline 0.003 -17"><span class='ocrx_word' id='word_1_423' title='bbox 2031 3649 2363 3717; x_wconf 80' lang='lat' dir='ltr'><strong>defensione,</strong></span> <span class='ocrx_word' id='word_1_424' title='bbox 2390 3666 2548 3720; x_wconf 89' lang='lat' dir='ltr'><strong>quam</strong></span> <span class='ocrx_word' id='word_1_425' title='bbox 2586 3638 2685 3720; x_wconf 80' lang='lat' dir='ltr'><strong>pro</strong></span> <span class='ocrx_word' id='word_1_426' title='bbox 2721 3665 2780 3704; x_wconf 89' lang='lat' dir='ltr'><strong>se</strong></span> <span class='ocrx_word' id='word_1_427' title='bbox 2832 3651 3143 3705; x_wconf 87' lang='lat' dir='ltr'><strong>beatissimo</strong></span> <span class='ocrx_word' id='word_1_428' title='bbox 3185 3669 3337 3721; x_wconf 74' lang='lat' dir='ltr'><strong>papa:</strong></span> <span class='ocrx_word' id='word_1_429' title='bbox 3384 3655 3614 3708; x_wconf 83' lang='lat' dir='ltr'><strong>Damaso</strong></span> 
     </span>
    </p>
   </div>
   <div class='ocr_carea' id='block_1_65' title="bbox 2029 3741 3613 3814">
    <p class='ocr_par' dir='ltr' id='par_1_65' title="bbox 2029 3741 3613 3814">
     <span class='ocr_line' id='line_1_65' title="bbox 2029 3741 3613 3814; baseline 0.001 -17"><span class='ocrx_word' id='word_1_430' title='bbox 2029 3743 2268 3813; x_wconf 88' lang='lat' dir='ltr'><strong>scripsit,</strong></span> <span class='ocrx_word' id='word_1_431' title='bbox 2291 3743 2362 3797; x_wconf 80' lang='lat' dir='ltr'><strong>ita</strong></span> <span class='ocrx_word' id='word_1_432' title='bbox 2393 3759 2513 3798; x_wconf 91' lang='lat' dir='ltr'><strong>eum</strong></span> <span class='ocrx_word' id='word_1_433' title='bbox 2544 3741 2806 3814; x_wconf 90' lang='lat' dir='ltr'><strong>(cupiens</strong></span> <span class='ocrx_word' id='word_1_434' title='bbox 2832 3743 3041 3796; x_wconf 83' lang='lat' dir='ltr'><strong>amoliri</strong></span> <span class='ocrx_word' id='word_1_435' title='bbox 3078 3757 3105 3796; x_wconf 88' lang='lat' dir='ltr'><strong>a</strong></span> <span class='ocrx_word' id='word_1_436' title='bbox 3134 3758 3194 3798; x_wconf 92' lang='lat' dir='ltr'><strong>se</strong></span> <span class='ocrx_word' id='word_1_437' title='bbox 3217 3743 3358 3798; x_wconf 91' lang='lat' dir='ltr'><strong>illam</strong></span> <span class='ocrx_word' id='word_1_438' title='bbox 3398 3745 3613 3813; x_wconf 89' lang='lat' dir='ltr'><strong>opinio-</strong></span> 
     </span>
    </p>
   </div>
   <div class='ocr_carea' id='block_1_66' title="bbox 361 3827 3619 3909">
    <p class='ocr_par' dir='ltr' id='par_1_66' title="bbox 361 3827 3619 3909">
     <span class='ocr_line' id='line_1_66' title="bbox 361 3827 3619 3909; baseline 0.001 -15"><span class='ocrx_word' id='word_1_439' title='bbox 361 3838 516 3895; x_wconf 89' lang='lat' dir='ltr'><strong>libris</strong></span> <span class='ocrx_word' id='word_1_440' title='bbox 564 3851 985 3909; x_wconf 63' lang='lat' dir='ltr'><strong>praeservatum,</strong></span> <span class='ocrx_word' id='word_1_441' title='bbox 1026 3839 1299 3895; x_wconf 84' lang='lat' dir='ltr'><strong>adeamus.</strong></span> <span class='ocrx_word' id='word_1_442' title='bbox 1353 3838 1416 3894; x_wconf 90' lang='lat' dir='ltr'><strong>Si</strong></span> <span class='ocrx_word' id='word_1_443' title='bbox 1461 3839 1616 3902; x_wconf 84' lang='lat' dir='ltr'><strong>enim,</strong></span> <span class='ocrx_word' id='word_1_444' title='bbox 1652 3827 1998 3908; x_wconf 86' lang='lat' dir='ltr'><strong>iuquiebatC</strong></span> <span class='ocrx_word' id='word_1_445' title='bbox 2032 3835 2196 3908; x_wconf 86' lang='lat' dir='ltr'><strong>nem)</strong></span> <span class='ocrx_word' id='word_1_446' title='bbox 2229 3835 2553 3907; x_wconf 86' lang='lat' dir='ltr'><strong>alloquitur,</strong></span> <span class='ocrx_word' id='word_1_447' title='bbox 2586 3843 2641 3890; x_wconf 89' lang='lat' dir='ltr'><strong>et</strong></span> <span class='ocrx_word' id='word_1_448' title='bbox 2685 3835 2850 3890; x_wconf 82' lang='lat' dir='ltr'><strong>dicit:</strong></span> <span class='ocrx_word' id='word_1_449' title='bbox 2901 3834 3104 3889; x_wconf 84' lang='lat' dir='ltr'><strong>Novum</strong></span> <span class='ocrx_word' id='word_1_450' title='bbox 3145 3835 3291 3905; x_wconf 86' lang='lat' dir='ltr'><strong>Opus</strong></span> <span class='ocrx_word' id='word_1_451' title='bbox 3322 3839 3491 3909; x_wconf 80' lang='lat' dir='ltr'><strong>facere</strong></span> <span class='ocrx_word' id='word_1_452' title='bbox 3539 3857 3619 3896; x_wconf 88' lang='lat' dir='ltr'><strong>me</strong></span> 
     </span>
    </p>
   </div>
   <div class='ocr_carea' id='block_1_67' title="bbox 359 3931 1930 4005">
    <p class='ocr_par' dir='ltr' id='par_1_67' title="bbox 359 3931 1930 4005">
     <span class='ocr_line' id='line_1_67' title="bbox 359 3931 1930 4005; baseline -0.005 -15"><span class='ocrx_word' id='word_1_453' title='bbox 359 3933 420 3990; x_wconf 91' lang='lat' dir='ltr'><strong>S.</strong></span> <span class='ocrx_word' id='word_1_454' title='bbox 451 3931 831 4005; x_wconf 80' lang='lat' dir='ltr'><strong>Hieronymus,</strong></span> <span class='ocrx_word' id='word_1_455' title='bbox 851 3933 926 3989; x_wconf 90' lang='lat' dir='ltr'><strong>ad-</strong></span> <span class='ocrx_word' id='word_1_456' title='bbox 939 3934 1216 3988; x_wconf 88' lang='lat' dir='ltr'><strong>Damasum</strong></span> <span class='ocrx_word' id='word_1_457' title='bbox 1243 3933 1508 3998; x_wconf 81' lang='lat' dir='ltr'><strong>scribens,</strong></span> <span class='ocrx_word' id='word_1_458' title='bbox 1534 3932 1735 3985; x_wconf 78' lang='lat' dir='ltr'><strong>Latinis</strong></span> <span class='ocrx_word' id='word_1_459' title='bbox 1760 3947 1930 3994; x_wconf 71' lang='lat' dir='ltr'><strong>8118m-</strong></span> 
     </span>
    </p>
   </div>
   <div class='ocr_carea' id='block_1_68' title="bbox 359 4025 1930 4099">
    <p class='ocr_par' dir='ltr' id='par_1_68' title="bbox 359 4025 1930 4099">
     <span class='ocr_line' id='line_1_68' title="bbox 359 4025 1930 4099; baseline -0.002 -19"><span class='ocrx_word' id='word_1_460' title='bbox 359 4025 587 4099; x_wconf 78' lang='lat' dir='ltr'><strong>plaribus</strong></span> <span class='ocrx_word' id='word_1_461' title='bbox 615 4025 744 4093; x_wconf 81' lang='lat' dir='ltr'><strong>ﬁdes</strong></span> <span class='ocrx_word' id='word_1_462' title='bbox 781 4036 854 4080; x_wconf 87' lang='lat' dir='ltr'><strong>est</strong></span> <span class='ocrx_word' id='word_1_463' title='bbox 896 4025 1202 4090; x_wconf 84' lang='lat' dir='ltr'><strong>adhibenda,</strong></span> <span class='ocrx_word' id='word_1_464' title='bbox 1250 4026 1589 4098; x_wconf 82' lang='lat' dir='ltr'><strong>respondeant</strong></span> <span class='ocrx_word' id='word_1_465' title='bbox 1613 4025 1930 4092; x_wconf 77' lang='lat' dir='ltr'><strong>quibus?tot</strong></span> 
     </span>
    </p>
   </div>
   <div class='ocr_carea' id='block_1_69' title="bbox 359 4117 1928 4191">
    <p class='ocr_par' dir='ltr' id='par_1_69' title="bbox 359 4117 1928 4191">
     <span class='ocr_line' id='line_1_69' title="bbox 359 4117 1928 4191; baseline -0.006 -14"><span class='ocrx_word' id='word_1_466' title='bbox 359 4121 492 4177; x_wconf 74' lang='lat' dir='ltr'><strong>enim</strong></span> <span class='ocrx_word' id='word_1_467' title='bbox 533 4129 651 4177; x_wconf 84' lang='lat' dir='ltr'><strong>sunt</strong></span> <span class='ocrx_word' id='word_1_468' title='bbox 678 4121 988 4190; x_wconf 72' lang='lat' dir='ltr'><strong>exemplaria</strong></span> <span class='ocrx_word' id='word_1_469' title='bbox 1027 4139 1171 4191; x_wconf 87' lang='lat' dir='ltr'><strong>pene,</strong></span> <span class='ocrx_word' id='word_1_470' title='bbox 1199 4130 1318 4191; x_wconf 91' lang='lat' dir='ltr'><strong>quot</strong></span> <span class='ocrx_word' id='word_1_471' title='bbox 1366 4120 1584 4173; x_wconf 85' lang='lat' dir='ltr'><strong>codices.</strong></span> <span class='ocrx_word' id='word_1_472' title='bbox 1615 4117 1710 4182; x_wconf 74' lang='lat' dir='ltr'><strong>Sin</strong></span> <span class='ocrx_word' id='word_1_473' title='bbox 1758 4127 1928 4168; x_wconf 83' lang='lat' dir='ltr'><strong>autent</strong></span> 
     </span>
    </p>
   </div>
   <div class='ocr_carea' id='block_1_70' title="bbox 361 4206 1926 4283">
    <p class='ocr_par' dir='ltr' id='par_1_70' title="bbox 361 4206 1926 4283">
     <span class='ocr_line' id='line_1_70' title="bbox 361 4206 1926 4283; baseline -0.008 -13"><span class='ocrx_word' id='word_1_474' title='bbox 361 4216 545 4271; x_wconf 88' lang='lat' dir='ltr'><strong>veritas</strong></span> <span class='ocrx_word' id='word_1_475' title='bbox 571 4226 643 4269; x_wconf 84' lang='lat' dir='ltr'><strong>est</strong></span> <span class='ocrx_word' id='word_1_476' title='bbox 674 4214 950 4283; x_wconf 76' lang='lat' dir='ltr'><strong>quwreuda</strong></span> <span class='ocrx_word' id='word_1_477' title='bbox 975 4213 1039 4266; x_wconf 84' lang='lat' dir='ltr'><strong>de</strong></span> <span class='ocrx_word' id='word_1_478' title='bbox 1063 4212 1310 4283; x_wconf 82' lang='lat' dir='ltr'><strong>pluribus,</strong></span> <span class='ocrx_word' id='word_1_479' title='bbox 1341 4226 1434 4263; x_wconf 89' lang='lat' dir='ltr'><strong>cur</strong></span> <span class='ocrx_word' id='word_1_480' title='bbox 1463 4225 1566 4262; x_wconf 88' lang='lat' dir='ltr'><strong>non</strong></span> <span class='ocrx_word' id='word_1_481' title='bbox 1597 4207 1666 4259; x_wconf 90' lang='lat' dir='ltr'><strong>ad</strong></span> <span class='ocrx_word' id='word_1_482' title='bbox 1695 4206 1926 4280; x_wconf 80' lang='lat' dir='ltr'><strong>Gmcam</strong></span> 
     </span>
    </p>
   </div>
   <div class='ocr_carea' id='block_1_71' title="bbox 360 4296 1926 4382">
    <p class='ocr_par' dir='ltr' id='par_1_71' title="bbox 360 4296 1926 4382">
     <span class='ocr_line' id='line_1_71' title="bbox 360 4296 1926 4382; baseline -0.01 -19"><span class='ocrx_word' id='word_1_483' title='bbox 360 4297 611 4382; x_wconf 8' lang='lat' dir='ltr'><strong>originem;</strong></span> <span class='ocrx_word' id='word_1_484' title='bbox 632 4316 950 4371; x_wconf 86' lang='lat' dir='ltr'><strong>revertentes,</strong></span> <span class='ocrx_word' id='word_1_485' title='bbox 975 4321 1052 4368; x_wconf 91' lang='lat' dir='ltr'><strong>ea,</strong></span> <span class='ocrx_word' id='word_1_486' title='bbox 1078 4319 1188 4373; x_wconf 75' lang='lat' dir='ltr'><strong>qua:</strong></span> <span class='ocrx_word' id='word_1_487' title='bbox 1215 4301 1291 4354; x_wconf 87' lang='lat' dir='ltr'><strong>vel</strong></span> <span class='ocrx_word' id='word_1_488' title='bbox 1340 4315 1372 4352; x_wconf 91' lang='lat' dir='ltr'><strong>a</strong></span> <span class='ocrx_word' id='word_1_489' title='bbox 1407 4299 1601 4352; x_wconf 87' lang='lat' dir='ltr'><strong>vitiosis</strong></span> <span class='ocrx_word' id='word_1_490' title='bbox 1623 4296 1926 4363; x_wconf 80' lang='lat' dir='ltr'><strong>Interpreti-</strong></span> 
     </span>
    </p>
   </div>
   <div class='ocr_carea' id='block_1_72' title="bbox 362 4388 1930 4462">
    <p class='ocr_par' dir='ltr' id='par_1_72' title="bbox 362 4388 1930 4462">
     <span class='ocr_line' id='line_1_72' title="bbox 362 4388 1930 4462; baseline -0.01 -7"><span class='ocrx_word' id='word_1_491' title='bbox 362 4401 456 4456; x_wconf 77' lang='lat' dir='ltr'><strong>ltus</strong></span> <span class='ocrx_word' id='word_1_492' title='bbox 480 4400 613 4454; x_wconf 81' lang='lat' dir='ltr'><strong>male</strong></span> <span class='ocrx_word' id='word_1_493' title='bbox 633 4399 857 4461; x_wconf 84' lang='lat' dir='ltr'><strong>reddita,</strong></span> <span class='ocrx_word' id='word_1_494' title='bbox 876 4398 950 4450; x_wconf 86' lang='lat' dir='ltr'><strong>vel</strong></span> <span class='ocrx_word' id='word_1_495' title='bbox 973 4411 1004 4447; x_wconf 94' lang='lat' dir='ltr'><strong>a</strong></span> <span class='ocrx_word' id='word_1_496' title='bbox 1025 4388 1733 4462; x_wconf 73' lang='lat' dir='ltr'><strong>pressumptoribusimperitis</strong></span> <span class='ocrx_word' id='word_1_497' title='bbox 1760 4403 1930 4440; x_wconf 86' lang='lat' dir='ltr'><strong>emen-</strong></span> 
     </span>
    </p>
   </div>
   <div class='ocr_carea' id='block_1_73' title="bbox 361 4478 1929 4560">
    <p class='ocr_par' dir='ltr' id='par_1_73' title="bbox 361 4478 1929 4560">
     <span class='ocr_line' id='line_1_73' title="bbox 361 4478 1929 4560; baseline -0.009 -16"><span class='ocrx_word' id='word_1_498' title='bbox 361 4491 484 4545; x_wconf 84' lang='lat' dir='ltr'><strong>data</strong></span> <span class='ocrx_word' id='word_1_499' title='bbox 514 4490 820 4560; x_wconf 85' lang='lat' dir='ltr'><strong>perversius,</strong></span> <span class='ocrx_word' id='word_1_500' title='bbox 863 4486 942 4540; x_wconf 91' lang='lat' dir='ltr'><strong>vel</strong></span> <span class='ocrx_word' id='word_1_501' title='bbox 969 4483 1250 4538; x_wconf 59' lang='lat' dir='ltr'><strong>a’librariis</strong></span> <span class='ocrx_word' id='word_1_502' title='bbox 1279 4479 1672 4534; x_wconf 87' lang='lat' dir='ltr'><strong>dormitantibus</strong></span> <span class='ocrx_word' id='word_1_503' title='bbox 1723 4488 1811 4532; x_wconf 89' lang='lat' dir='ltr'><strong>aut</strong></span> <span class='ocrx_word' id='word_1_504' title='bbox 1835 4478 1929 4530; x_wconf 84' lang='lat' dir='ltr'><strong>ad-</strong></span> 
     </span>
    </p>
   </div>
   <div class='ocr_carea' id='block_1_74' title="bbox 360 4568 1926 4642">
    <p class='ocr_par' dir='ltr' id='par_1_74' title="bbox 360 4568 1926 4642">
     <span class='ocr_line' id='line_1_74' title="bbox 360 4568 1926 4642; baseline -0.008 -9"><span class='ocrx_word' id='word_1_505' title='bbox 360 4580 472 4633; x_wconf 82' lang='lat' dir='ltr'><strong>dita</strong></span> <span class='ocrx_word' id='word_1_506' title='bbox 511 4587 649 4642; x_wconf 80' lang='lat' dir='ltr'><strong>sunt,</strong></span> <span class='ocrx_word' id='word_1_507' title='bbox 695 4586 783 4630; x_wconf 88' lang='lat' dir='ltr'><strong>aut</strong></span> <span class='ocrx_word' id='word_1_508' title='bbox 835 4574 1046 4638; x_wconf 85' lang='lat' dir='ltr'><strong>mutata,</strong></span> <span class='ocrx_word' id='word_1_509' title='bbox 1104 4570 1445 4642; x_wconf 81' lang='lat' dir='ltr'><strong>corrigimus?</strong></span> <span class='ocrx_word' id='word_1_510' title='bbox 1472 4569 1538 4624; x_wconf 84' lang='lat' dir='ltr'><strong>Et</strong></span> <span class='ocrx_word' id='word_1_511' title='bbox 1571 4568 1732 4639; x_wconf 87' lang='lat' dir='ltr'><strong>paulo</strong></span> <span class='ocrx_word' id='word_1_512' title='bbox 1760 4577 1879 4637; x_wconf 87' lang='lat' dir='ltr'><strong>post</strong></span> <span class='ocrx_word' id='word_1_513' title='bbox 1912 4584 1926 4621; x_wconf 91' lang='lat'><strong>:</strong></span> 
     </span>
    </p>
   </div>
   <div class='ocr_carea' id='block_1_75' title="bbox 363 4664 1928 4738">
    <p class='ocr_par' dir='ltr' id='par_1_75' title="bbox 363 4664 1928 4738">
     <span class='ocr_line' id='line_1_75' title="bbox 363 4664 1928 4738; baseline -0.007 -14"><span class='ocrx_word' id='word_1_514' title='bbox 363 4668 495 4724; x_wconf 74' lang='lat' dir='ltr'><strong>Hau:</strong></span> <span class='ocrx_word' id='word_1_515' title='bbox 541 4676 764 4738; x_wconf 74' lang='lat' dir='ltr'><strong>prtesens</strong></span> <span class='ocrx_word' id='word_1_516' title='bbox 815 4664 1218 4735; x_wconf 64' lang='lat' dir='ltr'><strong>Praefatiuncula</strong></span> <span class='ocrx_word' id='word_1_517' title='bbox 1265 4664 1535 4736; x_wconf 82' lang='lat' dir='ltr'><strong>pollicetur</strong></span> <span class='ocrx_word' id='word_1_518' title='bbox 1568 4671 1786 4731; x_wconf 87' lang='lat' dir='ltr'><strong>quatuor</strong></span> <span class='ocrx_word' id='word_1_519' title='bbox 1813 4670 1928 4714; x_wconf 83' lang='lat' dir='ltr'><strong>tan-</strong></span> 
     </span>
    </p>
   </div>
   <div class='ocr_carea' id='block_1_76' title="bbox 360 4751 1933 4833">
    <p class='ocr_par' dir='ltr' id='par_1_76' title="bbox 360 4751 1933 4833">
     <span class='ocr_line' id='line_1_76' title="bbox 360 4751 1933 4833; baseline -0.005 -20"><span class='ocrx_word' id='word_1_520' title='bbox 360 4769 468 4813; x_wconf 85' lang='lat' dir='ltr'><strong>tum</strong></span> <span class='ocrx_word' id='word_1_521' title='bbox 515 4756 818 4833; x_wconf 78' lang='lat' dir='ltr'><strong>Evangelia,</strong></span> <span class='ocrx_word' id='word_1_522' title='bbox 869 4767 1010 4826; x_wconf 85' lang='lat' dir='ltr'><strong>elc.,</strong></span> <span class='ocrx_word' id='word_1_523' title='bbox 1067 4756 1292 4810; x_wconf 83' lang='lat' dir='ltr'><strong>codicum</strong></span> <span class='ocrx_word' id='word_1_524' title='bbox 1339 4753 1628 4809; x_wconf 69' lang='lat' dir='ltr'><strong>Gra’corum</strong></span> <span class='ocrx_word' id='word_1_525' title='bbox 1668 4751 1933 4806; x_wconf 86' lang='lat' dir='ltr'><strong>emendata</strong></span> 
     </span>
    </p>
   </div>
   <div class='ocr_carea' id='block_1_77' title="bbox 360 4844 1931 4918">
    <p class='ocr_par' dir='ltr' id='par_1_77' title="bbox 360 4844 1931 4918">
     <span class='ocr_line' id='line_1_77' title="bbox 360 4844 1931 4918; baseline -0.004 -13"><span class='ocrx_word' id='word_1_526' title='bbox 360 4851 652 4917; x_wconf 86' lang='lat' dir='ltr'><strong>collatione,</strong></span> <span class='ocrx_word' id='word_1_527' title='bbox 676 4852 766 4907; x_wconf 88' lang='lat' dir='ltr'><strong>sed</strong></span> <span class='ocrx_word' id='word_1_528' title='bbox 787 4850 1061 4906; x_wconf 84' lang='lat' dir='ltr'><strong>.Veterum.</strong></span> <span class='ocrx_word' id='word_1_529' title='bbox 1097 4849 1324 4904; x_wconf 86' lang='lat' dir='ltr'><strong>Sanctus</strong></span> <span class='ocrx_word' id='word_1_530' title='bbox 1353 4861 1567 4918; x_wconf 89' lang='lat' dir='ltr'><strong>quoque</strong></span> <span class='ocrx_word' id='word_1_531' title='bbox 1597 4844 1931 4917; x_wconf 78' lang='lat' dir='ltr'><strong>Augustinus</strong></span> 
     </span>
    </p>
   </div>
   <div class='ocr_carea' id='block_1_78' title="bbox 2033 3929 3609 4003">
    <p class='ocr_par' dir='ltr' id='par_1_78' title="bbox 2033 3929 3609 4003">
     <span class='ocr_line' id='line_1_78' title="bbox 2033 3929 3609 4003; baseline 0.001 -18"><span class='ocrx_word' id='word_1_532' title='bbox 2033 3931 2170 4003; x_wconf 80' lang='lat' dir='ltr'><strong>cogis</strong></span> <span class='ocrx_word' id='word_1_533' title='bbox 2192 3948 2253 3986; x_wconf 79' lang='lat' dir='ltr'><strong>ea:</strong></span> <span class='ocrx_word' id='word_1_534' title='bbox 2281 3934 2435 3986; x_wconf 86' lang='lat' dir='ltr'><strong>veleri</strong></span> <span class='ocrx_word' id='word_1_535' title='bbox 2453 3948 2470 3994; x_wconf 89' lang='lat'><strong>;</strong></span> <span class='ocrx_word' id='word_1_536' title='bbox 2501 3942 2557 3985; x_wconf 89' lang='lat' dir='ltr'><strong>ut</strong></span> <span class='ocrx_word' id='word_1_537' title='bbox 2588 3939 2700 3998; x_wconf 88' lang='lat' dir='ltr'><strong>post</strong></span> <span class='ocrx_word' id='word_1_538' title='bbox 2748 3930 3074 3998; x_wconf 74' lang='lat' dir='ltr'><strong>exemplaria</strong></span> <span class='ocrx_word' id='word_1_539' title='bbox 3093 3929 3482 4003; x_wconf 85' lang='lat' dir='ltr'><strong>Scripturarum</strong></span> <span class='ocrx_word' id='word_1_540' title='bbox 3504 3943 3609 3988; x_wconf 89' lang='lat' dir='ltr'><strong>toto</strong></span> 
     </span>
    </p>
   </div>
   <div class='ocr_carea' id='block_1_79' title="bbox 2036 4001 3618 4093">
    <p class='ocr_par' dir='ltr' id='par_1_79' title="bbox 2036 4001 3618 4093">
     <span class='ocr_line' id='line_1_79' title="bbox 2036 4001 3618 4093; baseline 0.003 -18"><span class='ocrx_word' id='word_1_541' title='bbox 2036 4001 2169 4076; x_wconf 68' lang='lat' dir='ltr'><strong>Orbe</strong></span> <span class='ocrx_word' id='word_1_542' title='bbox 2183 4023 2438 4090; x_wconf 86' lang='lat' dir='ltr'><strong>dispersa,</strong></span> <span class='ocrx_word' id='word_1_543' title='bbox 2465 4023 2608 4091; x_wconf 82' lang='lat' dir='ltr'><strong>quasi</strong></span> <span class='ocrx_word' id='word_1_544' title='bbox 2655 4021 2865 4090; x_wconf 86' lang='lat' dir='ltr'><strong>quidam</strong></span> <span class='ocrx_word' id='word_1_545' title='bbox 2893 4021 3086 4075; x_wconf 84' lang='lat' dir='ltr'><strong>arbiter</strong></span> <span class='ocrx_word' id='word_1_546' title='bbox 3124 4023 3352 4086; x_wconf 84' lang='lat' dir='ltr'><strong>sedeam;</strong></span> <span class='ocrx_word' id='word_1_547' title='bbox 3401 4033 3448 4076; x_wconf 86' lang='lat' dir='ltr'><strong>et</strong></span> <span class='ocrx_word' id='word_1_548' title='bbox 3478 4001 3618 4093; x_wconf 78' lang='lat' dir='ltr'><strong>quia</strong></span> 
     </span>
    </p>
   </div>
   <div class='ocr_carea' id='block_1_80' title="bbox 2030 4115 3620 4185">
    <p class='ocr_par' dir='ltr' id='par_1_80' title="bbox 2030 4115 3620 4185">
     <span class='ocr_line' id='line_1_80' title="bbox 2030 4115 3620 4185; baseline 0.003 -16"><span class='ocrx_word' id='word_1_549' title='bbox 2030 4117 2160 4169; x_wconf 87' lang='lat' dir='ltr'><strong>inter</strong></span> <span class='ocrx_word' id='word_1_550' title='bbox 2188 4133 2241 4169; x_wconf 78' lang='lat' dir='ltr'><strong>se</strong></span> <span class='ocrx_word' id='word_1_551' title='bbox 2265 4117 2492 4181; x_wconf 87' lang='lat' dir='ltr'><strong>variant,</strong></span> <span class='ocrx_word' id='word_1_552' title='bbox 2512 4131 2627 4185; x_wconf 79' lang='lat' dir='ltr'><strong>qua:</strong></span> <span class='ocrx_word' id='word_1_553' title='bbox 2649 4117 2748 4169; x_wconf 86' lang='lat' dir='ltr'><strong>sint</strong></span> <span class='ocrx_word' id='word_1_554' title='bbox 2774 4116 2889 4175; x_wconf 87' lang='lat' dir='ltr'><strong>illa,</strong></span> <span class='ocrx_word' id='word_1_555' title='bbox 2918 4131 3030 4184; x_wconf 76' lang='lat' dir='ltr'><strong>qua:</strong></span> <span class='ocrx_word' id='word_1_556' title='bbox 3054 4132 3168 4167; x_wconf 88' lang='lat' dir='ltr'><strong>cum</strong></span> <span class='ocrx_word' id='word_1_557' title='bbox 3201 4115 3380 4170; x_wconf 78' lang='lat' dir='ltr'><strong>Grazca</strong></span> <span class='ocrx_word' id='word_1_558' title='bbox 3403 4134 3620 4174; x_wconf 76' lang='lat' dir='ltr'><strong>consen-</strong></span> 
     </span>
    </p>
   </div>
   <div class='ocr_carea' id='block_1_81' title="bbox 2031 4203 3616 4280">
    <p class='ocr_par' dir='ltr' id='par_1_81' title="bbox 2031 4203 3616 4280">
     <span class='ocr_line' id='line_1_81' title="bbox 2031 4203 3616 4280; baseline 0.004 -21"><span class='ocrx_word' id='word_1_559' title='bbox 2031 4207 2158 4259; x_wconf 83' lang='lat' dir='ltr'><strong>tiant</strong></span> <span class='ocrx_word' id='word_1_560' title='bbox 2197 4208 2437 4271; x_wconf 89' lang='lat' dir='ltr'><strong>veritate,</strong></span> <span class='ocrx_word' id='word_1_561' title='bbox 2476 4208 2766 4273; x_wconf 77' lang='lat' dir='ltr'><strong>decernam.</strong></span> <span class='ocrx_word' id='word_1_562' title='bbox 2804 4203 2930 4259; x_wconf 88' lang='lat' dir='ltr'><strong>Pius</strong></span> <span class='ocrx_word' id='word_1_563' title='bbox 2957 4207 3137 4270; x_wconf 87' lang='lat' dir='ltr'><strong>labor,</strong></span> <span class='ocrx_word' id='word_1_564' title='bbox 3190 4208 3281 4261; x_wconf 86' lang='lat' dir='ltr'><strong>sed</strong></span> <span class='ocrx_word' id='word_1_565' title='bbox 3326 4210 3616 4280; x_wconf 84' lang='lat' dir='ltr'><strong>periculosa</strong></span> 
     </span>
    </p>
   </div>
   <div class='ocr_carea' id='block_1_82' title="bbox 2032 4293 3617 4365">
    <p class='ocr_par' dir='ltr' id='par_1_82' title="bbox 2032 4293 3617 4365">
     <span class='ocr_line' id='line_1_82' title="bbox 2032 4293 3617 4365; baseline 0.006 -19"><span class='ocrx_word' id='word_1_566' title='bbox 2032 4295 2394 4365; x_wconf 60' lang='lat' dir='ltr'><strong>praesumptio,</strong></span> <span class='ocrx_word' id='word_1_567' title='bbox 2422 4303 2527 4349; x_wconf 88' lang='lat' dir='ltr'><strong>etc.</strong></span> <span class='ocrx_word' id='word_1_568' title='bbox 2563 4294 2689 4360; x_wconf 83' lang='lat' dir='ltr'><strong>Quis</strong></span> <span class='ocrx_word' id='word_1_569' title='bbox 2715 4293 2847 4347; x_wconf 88' lang='lat' dir='ltr'><strong>enim</strong></span> <span class='ocrx_word' id='word_1_570' title='bbox 3008 4311 3124 4348; x_wconf 85' lang='lat' dir='ltr'><strong>cum</strong></span> <span class='ocrx_word' id='word_1_571' title='bbox 3152 4297 3205 4350; x_wconf 88' lang='lat' dir='ltr'><strong>in</strong></span> <span class='ocrx_word' id='word_1_572' title='bbox 3258 4315 3443 4354; x_wconf 86' lang='lat' dir='ltr'><strong>manus</strong></span> <span class='ocrx_word' id='word_1_573' title='bbox 3474 4303 3617 4356; x_wconf 89' lang='lat' dir='ltr'><strong>volu-</strong></span> 
     </span>
    </p>
   </div>
   <div class='ocr_carea' id='block_1_83' title="bbox 2030 4387 3618 4457">
    <p class='ocr_par' dir='ltr' id='par_1_83' title="bbox 2030 4387 3618 4457">
     <span class='ocr_line' id='line_1_83' title="bbox 2030 4387 3618 4457; baseline 0.008 -19"><span class='ocrx_word' id='word_1_574' title='bbox 2030 4402 2143 4440; x_wconf 85' lang='lat' dir='ltr'><strong>men</strong></span> <span class='ocrx_word' id='word_1_575' title='bbox 2167 4387 2519 4455; x_wconf 88' lang='lat' dir='ltr'><strong>assumpserit,</strong></span> <span class='ocrx_word' id='word_1_576' title='bbox 2543 4396 2590 4440; x_wconf 88' lang='lat' dir='ltr'><strong>et</strong></span> <span class='ocrx_word' id='word_1_577' title='bbox 2620 4402 2651 4438; x_wconf 92' lang='lat' dir='ltr'><strong>a</strong></span> <span class='ocrx_word' id='word_1_578' title='bbox 2670 4387 2833 4440; x_wconf 88' lang='lat' dir='ltr'><strong>saliva</strong></span> <span class='ocrx_word' id='word_1_579' title='bbox 2851 4427 2866 4451; x_wconf 89' lang='lat'><strong>,</strong></span> <span class='ocrx_word' id='word_1_580' title='bbox 2894 4403 3044 4457; x_wconf 89' lang='lat' dir='ltr'><strong>quam</strong></span> <span class='ocrx_word' id='word_1_581' title='bbox 3069 4391 3224 4445; x_wconf 85' lang='lat' dir='ltr'><strong>semel</strong></span> <span class='ocrx_word' id='word_1_582' title='bbox 3243 4391 3458 4457; x_wconf 81' lang='lat' dir='ltr'><strong>imbibit,</strong></span> <span class='ocrx_word' id='word_1_583' title='bbox 3481 4396 3618 4450; x_wconf 89' lang='lat' dir='ltr'><strong>vide-</strong></span> 
     </span>
    </p>
   </div>
   <div class='ocr_carea' id='block_1_84' title="bbox 2031 4477 3617 4556">
    <p class='ocr_par' dir='ltr' id='par_1_84' title="bbox 2031 4477 3617 4556">
     <span class='ocr_line' id='line_1_84' title="bbox 2031 4477 3617 4556; baseline 0.009 -27"><span class='ocrx_word' id='word_1_584' title='bbox 2031 4477 2119 4541; x_wconf 85' lang='lat' dir='ltr'><strong>rit,</strong></span> <span class='ocrx_word' id='word_1_585' title='bbox 2149 4477 2439 4549; x_wconf 78' lang='lat' dir='ltr'><strong>discrepare</strong></span> <span class='ocrx_word' id='word_1_586' title='bbox 2477 4479 2614 4549; x_wconf 88' lang='lat' dir='ltr'><strong>quod</strong></span> <span class='ocrx_word' id='word_1_587' title='bbox 2641 4479 2858 4548; x_wconf 87' lang='lat' dir='ltr'><strong>lectitat,</strong></span> <span class='ocrx_word' id='word_1_588' title='bbox 2909 4497 3011 4535; x_wconf 88' lang='lat' dir='ltr'><strong>non</strong></span> <span class='ocrx_word' id='word_1_589' title='bbox 3055 4483 3232 4539; x_wconf 87' lang='lat' dir='ltr'><strong>statim</strong></span> <span class='ocrx_word' id='word_1_590' title='bbox 3282 4497 3516 4556; x_wconf 86' lang='lat' dir='ltr'><strong>erumpat</strong></span> <span class='ocrx_word' id='word_1_591' title='bbox 3563 4491 3617 4544; x_wconf 85' lang='lat' dir='ltr'><strong>in</strong></span> 
     </span>
    </p>
   </div>
   <div class='ocr_carea' id='block_1_85' title="bbox 2031 4571 3613 4649">
    <p class='ocr_par' dir='ltr' id='par_1_85' title="bbox 2031 4571 3613 4649">
     <span class='ocr_line' id='line_1_85' title="bbox 2031 4571 3613 4649; baseline 0.006 -24"><span class='ocrx_word' id='word_1_592' title='bbox 2031 4585 2223 4636; x_wconf 81' lang='lat' dir='ltr'><strong>vocem,</strong></span> <span class='ocrx_word' id='word_1_593' title='bbox 2247 4588 2327 4625; x_wconf 89' lang='lat' dir='ltr'><strong>me</strong></span> <span class='ocrx_word' id='word_1_594' title='bbox 2351 4571 2622 4643; x_wconf 77' lang='lat' dir='ltr'><strong>falsarium</strong></span> <span class='ocrx_word' id='word_1_595' title='bbox 2649 4613 2665 4638; x_wconf 94' lang='lat'><strong>,</strong></span> <span class='ocrx_word' id='word_1_596' title='bbox 2695 4589 2776 4627; x_wconf 86' lang='lat' dir='ltr'><strong>nte</strong></span> <span class='ocrx_word' id='word_1_597' title='bbox 2803 4572 3078 4630; x_wconf 88' lang='lat' dir='ltr'><strong>clamitans</strong></span> <span class='ocrx_word' id='word_1_598' title='bbox 3131 4592 3238 4631; x_wconf 84' lang='lat' dir='ltr'><strong>esse</strong></span> <span class='ocrx_word' id='word_1_599' title='bbox 3275 4580 3577 4649; x_wconf 86' lang='lat' dir='ltr'><strong>sacrilegum</strong></span> <span class='ocrx_word' id='word_1_600' title='bbox 3597 4625 3613 4649; x_wconf 90' lang='lat'><strong>,</strong></span> 
     </span>
    </p>
   </div>
   <div class='ocr_carea' id='block_1_86' title="bbox 2031 4668 3610 4742">
    <p class='ocr_par' dir='ltr' id='par_1_86' title="bbox 2031 4668 3610 4742">
     <span class='ocr_line' id='line_1_86' title="bbox 2031 4668 3610 4742; baseline 0.006 -22"><span class='ocrx_word' id='word_1_601' title='bbox 2031 4668 2120 4738; x_wconf 85' lang='lat' dir='ltr'><strong>qui</strong></span> <span class='ocrx_word' id='word_1_602' title='bbox 2156 4669 2374 4724; x_wconf 86' lang='lat' dir='ltr'><strong>audeam</strong></span> <span class='ocrx_word' id='word_1_603' title='bbox 2398 4669 2598 4740; x_wconf 86' lang='lat' dir='ltr'><strong>aliquid</strong></span> <span class='ocrx_word' id='word_1_604' title='bbox 2616 4671 2670 4725; x_wconf 88' lang='lat' dir='ltr'><strong>in</strong></span> <span class='ocrx_word' id='word_1_605' title='bbox 2689 4671 2940 4726; x_wconf 84' lang='lat' dir='ltr'><strong>veteribus</strong></span> <span class='ocrx_word' id='word_1_606' title='bbox 2965 4673 3111 4726; x_wconf 85' lang='lat' dir='ltr'><strong>libris</strong></span> <span class='ocrx_word' id='word_1_607' title='bbox 3137 4673 3349 4740; x_wconf 85' lang='lat' dir='ltr'><strong>addere,</strong></span> <span class='ocrx_word' id='word_1_608' title='bbox 3388 4683 3610 4742; x_wconf 86' lang='lat' dir='ltr'><strong>mutare,</strong></span> 
     </span>
    </p>
   </div>
   <div class='ocr_carea' id='block_1_87' title="bbox 2034 4762 3618 4834">
    <p class='ocr_par' dir='ltr' id='par_1_87' title="bbox 2034 4762 3618 4834">
     <span class='ocr_line' id='line_1_87' title="bbox 2034 4762 3618 4834; baseline 0.003 -18"><span class='ocrx_word' id='word_1_609' title='bbox 2034 4763 2323 4834; x_wconf 77' lang='lat' dir='ltr'><strong>corrigere?</strong></span> <span class='ocrx_word' id='word_1_610' title='bbox 2351 4763 2608 4817; x_wconf 77' lang='lat' dir='ltr'><strong>Adversus</strong></span> <span class='ocrx_word' id='word_1_611' title='bbox 2646 4779 2796 4833; x_wconf 84' lang='lat' dir='ltr'><strong>quam</strong></span> <span class='ocrx_word' id='word_1_612' title='bbox 2839 4762 3084 4817; x_wconf 84' lang='lat' dir='ltr'><strong>invidiam</strong></span> <span class='ocrx_word' id='word_1_613' title='bbox 3122 4765 3312 4834; x_wconf 68' lang='lat' dir='ltr'><strong>duplex</strong></span> <span class='ocrx_word' id='word_1_614' title='bbox 3339 4781 3495 4820; x_wconf 90' lang='lat' dir='ltr'><strong>causa</strong></span> <span class='ocrx_word' id='word_1_615' title='bbox 3536 4783 3618 4821; x_wconf 85' lang='lat' dir='ltr'><strong>me</strong></span> 
     </span>
    </p>
   </div>
   <div class='ocr_carea' id='block_1_88' title="bbox 2035 4853 3616 4928">
    <p class='ocr_par' dir='ltr' id='par_1_88' title="bbox 2035 4853 3616 4928">
     <span class='ocr_line' id='line_1_88' title="bbox 2035 4853 3616 4928; baseline 0.003 -20"><span class='ocrx_word' id='word_1_616' title='bbox 2035 4856 2350 4921; x_wconf 85' lang='lat' dir='ltr'><strong>consolatur,</strong></span> <span class='ocrx_word' id='word_1_617' title='bbox 2382 4855 2517 4925; x_wconf 88' lang='lat' dir='ltr'><strong>quod</strong></span> <span class='ocrx_word' id='word_1_618' title='bbox 2536 4864 2584 4907; x_wconf 87' lang='lat' dir='ltr'><strong>et</strong></span> <span class='ocrx_word' id='word_1_619' title='bbox 2597 4863 2673 4919; x_wconf 90' lang='lat' dir='ltr'><strong>tu,</strong></span> <span class='ocrx_word' id='word_1_620' title='bbox 2700 4855 2789 4923; x_wconf 87' lang='lat' dir='ltr'><strong>qui</strong></span> <span class='ocrx_word' id='word_1_621' title='bbox 2816 4854 3064 4909; x_wconf 86' lang='lat' dir='ltr'><strong>Summus</strong></span> <span class='ocrx_word' id='word_1_622' title='bbox 3102 4853 3358 4910; x_wconf 87' lang='lat' dir='ltr'><strong>Sacerdos</strong></span> <span class='ocrx_word' id='word_1_623' title='bbox 3395 4873 3468 4922; x_wconf 88' lang='lat' dir='ltr'><strong>es,</strong></span> <span class='ocrx_word' id='word_1_624' title='bbox 3501 4857 3616 4928; x_wconf 78' lang='lat' dir='ltr'><strong>ﬁeri</strong></span> 
     </span>
    </p>
   </div>
   <div class='ocr_carea' id='block_1_89' title="bbox 363 4941 3644 5016">
    <p class='ocr_par' dir='ltr' id='par_1_89' title="bbox 363 4941 3644 5016">
     <span class='ocr_line' id='line_1_89' title="bbox 363 4941 3644 5016; baseline -0.002 -18"><span class='ocrx_word' id='word_1_625' title='bbox 363 4943 416 4999; x_wconf 90' lang='lat' dir='ltr'><strong>in</strong></span> <span class='ocrx_word' id='word_1_626' title='bbox 443 4945 536 4999; x_wconf 92' lang='lat' dir='ltr'><strong>lib.</strong></span> <span class='ocrx_word' id='word_1_627' title='bbox 559 4960 595 5000; x_wconf 85' lang='lat' dir='ltr'><strong>tt</strong></span> <span class='ocrx_word' id='word_1_628' title='bbox 618 4943 686 5001; x_wconf 87' lang='lat' dir='ltr'><strong>de</strong></span> <span class='ocrx_word' id='word_1_629' title='bbox 710 4943 959 5000; x_wconf 87' lang='lat' dir='ltr'><strong>Doctrina</strong></span> <span class='ocrx_word' id='word_1_630' title='bbox 977 4941 1279 4997; x_wconf 84' lang='lat' dir='ltr'><strong>Christiana</strong></span> <span class='ocrx_word' id='word_1_631' title='bbox 1306 4941 1549 4996; x_wconf 89' lang='lat' dir='ltr'><strong>eamdem</strong></span> <span class='ocrx_word' id='word_1_632' title='bbox 1572 4950 1811 5009; x_wconf 71' lang='lat' dir='ltr'><strong>regulam</strong></span> <span class='ocrx_word' id='word_1_633' title='bbox 1829 4946 1934 4992; x_wconf 72' lang='lat' dir='ltr'><strong>tra~</strong></span> <span class='ocrx_word' id='word_1_634' title='bbox 2026 4947 2198 5016; x_wconf 71' lang='lat' dir='ltr'><strong>jutm;</strong></span> <span class='ocrx_word' id='word_1_635' title='bbox 2227 4957 2276 4999; x_wconf 75' lang='grc' dir='ltr'><strong>ει</strong></span> <span class='ocrx_word' id='word_1_636' title='bbox 2301 4961 2474 4998; x_wconf 62' lang='lat' dir='ltr'><strong>verum</strong></span> <span class='ocrx_word' id='word_1_637' title='bbox 2496 4960 2597 4996; x_wconf 78' lang='lat' dir='ltr'><strong>non</strong></span> <span class='ocrx_word' id='word_1_638' title='bbox 2627 4958 2755 5008; x_wconf 66' lang='lat' dir='ltr'><strong>esse,</strong></span> <span class='ocrx_word' id='word_1_639' title='bbox 2779 4943 2917 5012; x_wconf 77' lang='lat' dir='ltr'><strong>quod</strong></span> <span class='ocrx_word' id='word_1_640' title='bbox 2944 4944 3129 5011; x_wconf 68' lang='lat' dir='ltr'><strong>variat,</strong></span> <span class='ocrx_word' id='word_1_641' title='bbox 3154 4946 3306 4999; x_wconf 73' lang='grc' dir='ltr'><strong>ειίαηι</strong></span> <span class='ocrx_word' id='word_1_642' title='bbox 3337 4947 3644 5003; x_wconf 33' lang='lat' dir='ltr'><strong>maledicos</strong></span> 
     </span>
    </p>
   </div>
   <div class='ocr_carea' id='block_1_90' title="bbox 362 5021 3615 5110">
    <p class='ocr_par' dir='ltr' id='par_1_90' title="bbox 362 5021 3615 5110">
     <span class='ocr_line' id='line_1_90' title="bbox 362 5021 3615 5110; baseline 0.001 -19"><span class='ocrx_word' id='word_1_643' title='bbox 362 5035 465 5092; x_wconf 85' lang='lat' dir='ltr'><strong>dit.</strong></span> <span class='ocrx_word' id='word_1_644' title='bbox 494 5036 570 5091; x_wconf 86' lang='lat' dir='ltr'><strong>De</strong></span> <span class='ocrx_word' id='word_1_645' title='bbox 616 5034 760 5090; x_wconf 65' lang='lat' dir='ltr'><strong>Italae</strong></span> <span class='ocrx_word' id='word_1_646' title='bbox 800 5033 1060 5089; x_wconf 80' lang='lat' dir='ltr'><strong>versionis</strong></span> <span class='ocrx_word' id='word_1_647' title='bbox 1105 5033 1416 5102; x_wconf 78' lang='lat' dir='ltr'><strong>interprete,</strong></span> <span class='ocrx_word' id='word_1_648' title='bbox 1467 5047 1570 5101; x_wconf 84' lang='lat' dir='ltr'><strong>ope</strong></span> <span class='ocrx_word' id='word_1_649' title='bbox 1617 5021 1930 5108; x_wconf 52' lang='lat' dir='ltr'><strong>Latinorum</strong></span> <span class='ocrx_word' id='word_1_650' title='bbox 2033 5053 2147 5090; x_wconf 89' lang='lat' dir='ltr'><strong>rum</strong></span> <span class='ocrx_word' id='word_1_651' title='bbox 2177 5035 2459 5090; x_wconf 86' lang='lat' dir='ltr'><strong>testimonio</strong></span> <span class='ocrx_word' id='word_1_652' title='bbox 2498 5032 2878 5102; x_wconf 84' lang='lat' dir='ltr'><strong>comprobatur.</strong></span> <span class='ocrx_word' id='word_1_653' title='bbox 2904 5033 2974 5089; x_wconf 87' lang='lat' dir='ltr'><strong>Et</strong></span> <span class='ocrx_word' id='word_1_654' title='bbox 2998 5047 3122 5104; x_wconf 89' lang='lat' dir='ltr'><strong>post</strong></span> <span class='ocrx_word' id='word_1_655' title='bbox 3151 5051 3322 5106; x_wconf 88' lang='lat' dir='ltr'><strong>pauca</strong></span> <span class='ocrx_word' id='word_1_656' title='bbox 3351 5055 3363 5092; x_wconf 92' lang='lat'><strong>:</strong></span> <span class='ocrx_word' id='word_1_657' title='bbox 3391 5037 3615 5110; x_wconf 72' lang='lat' dir='ltr'><strong>Magnus</strong></span> 
     </span>
    </p>
   </div>
   <div class='ocr_carea' id='block_1_91' title="bbox 362 5123 1930 5207">
    <p class='ocr_par' dir='ltr' id='par_1_91' title="bbox 362 5123 1930 5189">
     <span class='ocr_line' id='line_1_91' title="bbox 362 5123 1930 5189; baseline -0.006 -5"><span class='ocrx_word' id='word_1_658' title='bbox 362 5125 608 5184; x_wconf 89' lang='lat' dir='ltr'><strong>codicum</strong></span> <span class='ocrx_word' id='word_1_659' title='bbox 627 5123 984 5189; x_wconf 88' lang='lat' dir='ltr'><strong>emendando,</strong></span> <span class='ocrx_word' id='word_1_660' title='bbox 1010 5137 1113 5176; x_wconf 90' lang='lat' dir='ltr'><strong>non</strong></span> <span class='ocrx_word' id='word_1_661' title='bbox 1143 5132 1222 5175; x_wconf 85' lang='lat' dir='ltr'><strong>est</strong></span> <span class='ocrx_word' id='word_1_662' title='bbox 1245 5138 1422 5175; x_wconf 88' lang='lat' dir='ltr'><strong>meum</strong></span> <span class='ocrx_word' id='word_1_663' title='bbox 1447 5129 1707 5187; x_wconf 88' lang='lat' dir='ltr'><strong>statuere,</strong></span> <span class='ocrx_word' id='word_1_664' title='bbox 1734 5131 1930 5174; x_wconf 74' lang='lat' dir='ltr'><strong>verene</strong></span> 
     </span>
    </p>
   </div>
   <div class='ocr_carea' id='block_1_92' title="bbox 2034 5123 3613 5207">
    <p class='ocr_par' dir='ltr' id='par_1_92' title="bbox 2035 5125 3613 5200">
     <span class='ocr_line' id='line_1_92' title="bbox 2035 5125 3613 5200; baseline 0.004 -19"><span class='ocrx_word' id='word_1_665' title='bbox 2035 5129 2118 5182; x_wconf 83' lang='lat' dir='ltr'><strong>hic</strong></span> <span class='ocrx_word' id='word_1_666' title='bbox 2139 5128 2191 5180; x_wconf 85' lang='lat' dir='ltr'><strong>in</strong></span> <span class='ocrx_word' id='word_1_667' title='bbox 2222 5127 2410 5180; x_wconf 83' lang='lat' dir='ltr'><strong>nostris</strong></span> <span class='ocrx_word' id='word_1_668' title='bbox 2447 5125 2879 5180; x_wconf 37' lang='lat' dir='ltr'><strong>codicibus‘error</strong></span> <span class='ocrx_word' id='word_1_669' title='bbox 2909 5127 3153 5196; x_wconf 77' lang='lat' dir='ltr'><strong>inolevit;</strong></span> <span class='ocrx_word' id='word_1_670' title='bbox 3183 5130 3339 5197; x_wconf 88' lang='lat' dir='ltr'><strong>dum,</strong></span> <span class='ocrx_word' id='word_1_671' title='bbox 3376 5132 3513 5200; x_wconf 88' lang='lat' dir='ltr'><strong>quod</strong></span> <span class='ocrx_word' id='word_1_672' title='bbox 3559 5134 3613 5187; x_wconf 89' lang='lat' dir='ltr'><strong>in</strong></span> 
     </span>
    </p>
   </div>
   <div class='ocr_carea' id='block_1_93' title="bbox 364 5209 3612 5293">
    <p class='ocr_par' dir='ltr' id='par_1_93' title="bbox 364 5209 3612 5293">
     <span class='ocr_line' id='line_1_93' title="bbox 364 5209 3612 5293; baseline -0.003 -19"><span class='ocrx_word' id='word_1_673' title='bbox 364 5218 530 5288; x_wconf 83' lang='lat' dir='ltr'><strong>aliqui</strong></span> <span class='ocrx_word' id='word_1_674' title='bbox 559 5218 814 5293; x_wconf 86' lang='lat' dir='ltr'><strong>sentiant,</strong></span> <span class='ocrx_word' id='word_1_675' title='bbox 844 5232 912 5270; x_wconf 90' lang='lat' dir='ltr'><strong>an</strong></span> <span class='ocrx_word' id='word_1_676' title='bbox 943 5228 1116 5269; x_wconf 87' lang='lat' dir='ltr'><strong>secus.</strong></span> <span class='ocrx_word' id='word_1_677' title='bbox 1154 5215 1220 5267; x_wconf 82' lang='lat' dir='ltr'><strong>At</strong></span> <span class='ocrx_word' id='word_1_678' title='bbox 1248 5212 1375 5266; x_wconf 89' lang='lat' dir='ltr'><strong>illud</strong></span> <span class='ocrx_word' id='word_1_679' title='bbox 1408 5228 1584 5267; x_wconf 89' lang='lat' dir='ltr'><strong>meum</strong></span> <span class='ocrx_word' id='word_1_680' title='bbox 1617 5219 1700 5266; x_wconf 90' lang='lat' dir='ltr'><strong>est</strong></span> <span class='ocrx_word' id='word_1_681' title='bbox 1747 5209 1930 5266; x_wconf 87' lang='lat' dir='ltr'><strong>multis</strong></span> <span class='ocrx_word' id='word_1_682' title='bbox 1955 5210 2010 5270; x_wconf 85' lang='lat' dir='ltr'><strong>D</strong></span> <span class='ocrx_word' id='word_1_683' title='bbox 2030 5217 2207 5272; x_wconf 56' lang='lat' dir='ltr'><strong>eadem</strong></span> <span class='ocrx_word' id='word_1_684' title='bbox 2236 5233 2289 5270; x_wconf 75' lang='lat' dir='ltr'><strong>re</strong></span> <span class='ocrx_word' id='word_1_685' title='bbox 2305 5217 2438 5271; x_wconf 67' lang='lat' dir='ltr'><strong>alia;</strong></span> <span class='ocrx_word' id='word_1_686' title='bbox 2459 5215 2789 5287; x_wconf 71' lang='lat' dir='ltr'><strong>Euangetim</strong></span> <span class='ocrx_word' id='word_1_687' title='bbox 2811 5219 2928 5289; x_wconf 63' lang='lat' dir='ltr'><strong>plu;</strong></span> <span class='ocrx_word' id='word_1_688' title='bbox 2950 5220 3112 5286; x_wconf 59' lang='lat' dir='ltr'><strong>dixit,</strong></span> <span class='ocrx_word' id='word_1_689' title='bbox 3141 5221 3195 5274; x_wconf 73' lang='grc' dir='ltr'><strong>εη</strong></span> <span class='ocrx_word' id='word_1_690' title='bbox 3218 5222 3342 5285; x_wconf 63' lang='lat' dir='ltr'><strong>alio,</strong></span> <span class='ocrx_word' id='word_1_691' title='bbox 3370 5221 3491 5290; x_wconf 70' lang='lat' dir='ltr'><strong>quia</strong></span> <span class='ocrx_word' id='word_1_692' title='bbox 3511 5223 3612 5274; x_wconf 75' lang='grc' dir='ltr'><strong>ηιξ.</strong></span> 
     </span>
    </p>
   </div>
   <div class='ocr_carea' id='block_1_94' title="bbox 364 5301 3610 5387">
    <p class='ocr_par' dir='ltr' id='par_1_94' title="bbox 364 5301 3610 5387">
     <span class='ocr_line' id='line_1_94' title="bbox 364 5301 3610 5387; baseline -0.001 -21"><span class='ocrx_word' id='word_1_693' title='bbox 364 5308 674 5373; x_wconf 80' lang='lat' dir='ltr'><strong>ostendere,</strong></span> <span class='ocrx_word' id='word_1_694' title='bbox 714 5321 922 5377; x_wconf 66' lang='lat' dir='ltr'><strong>aequum</strong></span> <span class='ocrx_word' id='word_1_695' title='bbox 953 5320 1073 5361; x_wconf 88' lang='lat' dir='ltr'><strong>esse</strong></span> <span class='ocrx_word' id='word_1_696' title='bbox 1123 5303 1252 5357; x_wconf 87' lang='lat' dir='ltr'><strong>mihi</strong></span> <span class='ocrx_word' id='word_1_697' title='bbox 1305 5304 1568 5368; x_wconf 90' lang='lat' dir='ltr'><strong>concedi,</strong></span> <span class='ocrx_word' id='word_1_698' title='bbox 1611 5312 1670 5356; x_wconf 90' lang='lat' dir='ltr'><strong>ut</strong></span> <span class='ocrx_word' id='word_1_699' title='bbox 1702 5315 1822 5387; x_wconf 74' lang='lat' dir='ltr'><strong>ego</strong></span> <span class='ocrx_word' id='word_1_700' title='bbox 1863 5301 1931 5356; x_wconf 91' lang='lat' dir='ltr'><strong>de</strong></span> <span class='ocrx_word' id='word_1_701' title='bbox 2036 5324 2131 5368; x_wconf 82' lang='lat' dir='ltr'><strong>nus</strong></span> <span class='ocrx_word' id='word_1_702' title='bbox 2156 5309 2479 5384; x_wconf 82' lang='lat' dir='ltr'><strong>putaverint,</strong></span> <span class='ocrx_word' id='word_1_703' title='bbox 2517 5307 2831 5364; x_wconf 87' lang='lat' dir='ltr'><strong>addiderunt</strong></span> <span class='ocrx_word' id='word_1_704' title='bbox 2859 5326 2879 5364; x_wconf 91' lang='lat'><strong><em>:</em></strong></span> <span class='ocrx_word' id='word_1_705' title='bbox 2907 5310 2984 5365; x_wconf 87' lang='lat' dir='ltr'><strong>vel</strong></span> <span class='ocrx_word' id='word_1_706' title='bbox 3012 5311 3134 5365; x_wconf 87' lang='lat' dir='ltr'><strong>dum</strong></span> <span class='ocrx_word' id='word_1_707' title='bbox 3153 5313 3384 5365; x_wconf 88' lang='lat' dir='ltr'><strong>eumdem</strong></span> <span class='ocrx_word' id='word_1_708' title='bbox 3410 5327 3610 5365; x_wconf 86' lang='lat' dir='ltr'><strong>sensum</strong></span> 
     </span>
    </p>
   </div>
   <div class='ocr_carea' id='block_1_95' title="bbox 366 5387 3612 5474">
    <p class='ocr_par' dir='ltr' id='par_1_95' title="bbox 366 5387 3612 5474">
     <span class='ocr_line' id='line_1_95' title="bbox 366 5387 3612 5474; baseline -0 -18"><span class='ocrx_word' id='word_1_709' title='bbox 366 5401 494 5458; x_wconf 81' lang='lat' dir='ltr'><strong>itala</strong></span> <span class='ocrx_word' id='word_1_710' title='bbox 523 5415 628 5455; x_wconf 90' lang='lat' dir='ltr'><strong>non</strong></span> <span class='ocrx_word' id='word_1_711' title='bbox 659 5400 838 5454; x_wconf 90' lang='lat' dir='ltr'><strong>minus</strong></span> <span class='ocrx_word' id='word_1_712' title='bbox 864 5408 978 5453; x_wconf 86' lang='lat' dir='ltr'><strong>tuto</strong></span> <span class='ocrx_word' id='word_1_713' title='bbox 996 5396 1238 5468; x_wconf 87' lang='lat' dir='ltr'><strong>judicare</strong></span> <span class='ocrx_word' id='word_1_714' title='bbox 1263 5400 1485 5464; x_wconf 87' lang='lat' dir='ltr'><strong>possim,</strong></span> <span class='ocrx_word' id='word_1_715' title='bbox 1531 5412 1592 5451; x_wconf 75' lang='lat' dir='ltr'><strong>ex</strong></span> <span class='ocrx_word' id='word_1_716' title='bbox 1619 5396 1929 5470; x_wconf 74' lang='lat' dir='ltr'><strong>Grrec’ocum</strong></span> <span class='ocrx_word' id='word_1_717' title='bbox 2032 5399 2166 5453; x_wconf 87' lang='lat' dir='ltr'><strong>alius</strong></span> <span class='ocrx_word' id='word_1_718' title='bbox 2183 5399 2333 5451; x_wconf 85' lang='lat' dir='ltr'><strong>aliter</strong></span> <span class='ocrx_word' id='word_1_719' title='bbox 2359 5399 2639 5467; x_wconf 76' lang='lat' dir='ltr'><strong>expressit,</strong></span> <span class='ocrx_word' id='word_1_720' title='bbox 2668 5401 2778 5465; x_wconf 87' lang='lat' dir='ltr'><strong>ille,</strong></span> <span class='ocrx_word' id='word_1_721' title='bbox 2807 5402 2896 5472; x_wconf 90' lang='lat' dir='ltr'><strong>qui</strong></span> <span class='ocrx_word' id='word_1_722' title='bbox 2916 5387 3074 5456; x_wconf 82' lang='lat' dir='ltr'><strong>unum</strong></span> <span class='ocrx_word' id='word_1_723' title='bbox 3101 5419 3128 5456; x_wconf 90' lang='lat' dir='ltr'><strong>e</strong></span> <span class='ocrx_word' id='word_1_724' title='bbox 3154 5414 3371 5472; x_wconf 84' lang='lat' dir='ltr'><strong>quatuor</strong></span> <span class='ocrx_word' id='word_1_725' title='bbox 3390 5403 3612 5474; x_wconf 85' lang='lat' dir='ltr'><strong>primum</strong></span> 
     </span>
    </p>
   </div>
   <div class='ocr_carea' id='block_1_96' title="bbox 364 5488 3612 5563">
    <p class='ocr_par' dir='ltr' id='par_1_96' title="bbox 364 5488 3612 5563">
     <span class='ocr_line' id='line_1_96' title="bbox 364 5488 3612 5563; baseline -0 -16"><span class='ocrx_word' id='word_1_726' title='bbox 364 5495 649 5548; x_wconf 75' lang='lat' dir='ltr'><strong>verborum</strong></span> <span class='ocrx_word' id='word_1_727' title='bbox 682 5492 990 5555; x_wconf 88' lang='lat' dir='ltr'><strong>tenacitate,</strong></span> <span class='ocrx_word' id='word_1_728' title='bbox 1029 5505 1147 5544; x_wconf 89' lang='lat' dir='ltr'><strong>cum</strong></span> <span class='ocrx_word' id='word_1_729' title='bbox 1194 5490 1577 5556; x_wconf 75' lang='lat' dir='ltr'><strong>persnicuitate</strong></span> <span class='ocrx_word' id='word_1_730' title='bbox 1624 5489 1927 5544; x_wconf 64' lang='lat' dir='ltr'><strong>sententiae.</strong></span> <span class='ocrx_word' id='word_1_731' title='bbox 2036 5489 2241 5560; x_wconf 80' lang='lat' dir='ltr'><strong>legerat,</strong></span> <span class='ocrx_word' id='word_1_732' title='bbox 2273 5488 2340 5540; x_wconf 89' lang='lat' dir='ltr'><strong>ad</strong></span> <span class='ocrx_word' id='word_1_733' title='bbox 2364 5492 2473 5561; x_wconf 87' lang='lat' dir='ltr'><strong>ejus</strong></span> <span class='ocrx_word' id='word_1_734' title='bbox 2511 5492 2799 5561; x_wconf 72' lang='lat' dir='ltr'><strong>exemplum</strong></span> <span class='ocrx_word' id='word_1_735' title='bbox 2823 5505 3032 5548; x_wconf 70' lang='lat' dir='ltr'><strong>crateras</strong></span> <span class='ocrx_word' id='word_1_736' title='bbox 3057 5509 3252 5563; x_wconf 90' lang='lat' dir='ltr'><strong>quoque</strong></span> <span class='ocrx_word' id='word_1_737' title='bbox 3288 5493 3612 5548; x_wconf 75' lang='lat' dir='ltr'><strong>wstimaverit</strong></span> 
     </span>
    </p>
   </div>
   <div class='ocr_carea' id='block_1_97' title="bbox 365 5579 3612 5655">
    <p class='ocr_par' dir='ltr' id='par_1_97' title="bbox 365 5579 3612 5655">
     <span class='ocr_line' id='line_1_97' title="bbox 365 5579 3612 5655; baseline -0 -13"><span class='ocrx_word' id='word_1_738' title='bbox 365 5583 513 5642; x_wconf 76' lang='lat' dir='ltr'><strong>Millii</strong></span> <span class='ocrx_word' id='word_1_739' title='bbox 540 5585 832 5640; x_wconf 87' lang='lat' dir='ltr'><strong>editionem</strong></span> <span class='ocrx_word' id='word_1_740' title='bbox 854 5583 917 5638; x_wconf 87' lang='lat' dir='ltr'><strong>N.</strong></span> <span class='ocrx_word' id='word_1_741' title='bbox 939 5584 1002 5637; x_wconf 86' lang='grc' dir='ltr'><strong>Τ.</strong></span> <span class='ocrx_word' id='word_1_742' title='bbox 1033 5593 1086 5637; x_wconf 80' lang='grc' dir='ltr'><strong>ιιι</strong></span> <span class='ocrx_word' id='word_1_743' title='bbox 1111 5583 1219 5651; x_wconf 91' lang='lat' dir='ltr'><strong>jam</strong></span> <span class='ocrx_word' id='word_1_744' title='bbox 1243 5583 1491 5651; x_wconf 76' lang='lat' dir='ltr'><strong>legendo,</strong></span> <span class='ocrx_word' id='word_1_745' title='bbox 1529 5592 1583 5636; x_wconf 89' lang='lat' dir='ltr'><strong>et</strong></span> <span class='ocrx_word' id='word_1_746' title='bbox 1610 5579 1929 5652; x_wconf 84' lang='lat' dir='ltr'><strong>pervolven-</strong></span> <span class='ocrx_word' id='word_1_747' title='bbox 2038 5583 2397 5638; x_wconf 86' lang='lat' dir='ltr'><strong>emendandos.</strong></span> <span class='ocrx_word' id='word_1_748' title='bbox 2443 5582 2593 5639; x_wconf 84' lang='lat' dir='ltr'><strong>Unde</strong></span> <span class='ocrx_word' id='word_1_749' title='bbox 2630 5587 2852 5652; x_wconf 83' lang='lat' dir='ltr'><strong>accidit,</strong></span> <span class='ocrx_word' id='word_1_750' title='bbox 2900 5597 2958 5641; x_wconf 91' lang='lat' dir='ltr'><strong>ut</strong></span> <span class='ocrx_word' id='word_1_751' title='bbox 3000 5587 3139 5655; x_wconf 86' lang='lat' dir='ltr'><strong>apud</strong></span> <span class='ocrx_word' id='word_1_752' title='bbox 3171 5601 3262 5639; x_wconf 85' lang='lat' dir='ltr'><strong>nos</strong></span> <span class='ocrx_word' id='word_1_753' title='bbox 3314 5588 3494 5639; x_wconf 78' lang='lat' dir='ltr'><strong>mista.</strong></span> <span class='ocrx_word' id='word_1_754' title='bbox 3509 5588 3612 5641; x_wconf 90' lang='lat' dir='ltr'><strong>sint</strong></span> 
     </span>
    </p>
   </div>
   <div class='ocr_carea' id='block_1_98' title="bbox 365 5670 3609 5749">
    <p class='ocr_par' dir='ltr' id='par_1_98' title="bbox 365 5670 3609 5749">
     <span class='ocr_line' id='line_1_98' title="bbox 365 5670 3609 5749; baseline -0.003 -17"><span class='ocrx_word' id='word_1_755' title='bbox 365 5675 645 5743; x_wconf 74' lang='lat' dir='ltr'><strong>dotrivisti</strong></span> <span class='ocrx_word' id='word_1_756' title='bbox 677 5692 690 5729; x_wconf 93' lang='lat'><strong>:</strong></span> <span class='ocrx_word' id='word_1_757' title='bbox 722 5689 842 5749; x_wconf 76' lang='lat' dir='ltr'><strong>cum</strong></span> <span class='ocrx_word' id='word_1_758' title='bbox 870 5681 1047 5728; x_wconf 90' lang='lat' dir='ltr'><strong>autem</strong></span> <span class='ocrx_word' id='word_1_759' title='bbox 1078 5672 1329 5742; x_wconf 87' lang='lat' dir='ltr'><strong>pleraque</strong></span> <span class='ocrx_word' id='word_1_760' title='bbox 1352 5672 1590 5736; x_wconf 91' lang='lat' dir='ltr'><strong>illorum,</strong></span> <span class='ocrx_word' id='word_1_761' title='bbox 1639 5684 1756 5740; x_wconf 69' lang='lat' dir='ltr'><strong>qum</strong></span> <span class='ocrx_word' id='word_1_762' title='bbox 1797 5684 1930 5724; x_wconf 87' lang='lat' dir='ltr'><strong>con-</strong></span> <span class='ocrx_word' id='word_1_763' title='bbox 2037 5675 2230 5739; x_wconf 85' lang='lat' dir='ltr'><strong>omnia;</strong></span> <span class='ocrx_word' id='word_1_764' title='bbox 2251 5685 2296 5728; x_wconf 87' lang='lat' dir='ltr'><strong>et</strong></span> <span class='ocrx_word' id='word_1_765' title='bbox 2322 5675 2376 5726; x_wconf 88' lang='lat' dir='ltr'><strong>in</strong></span> <span class='ocrx_word' id='word_1_766' title='bbox 2406 5673 2588 5730; x_wconf 76' lang='lat' dir='ltr'><strong>Marco</strong></span> <span class='ocrx_word' id='word_1_767' title='bbox 2617 5679 2767 5747; x_wconf 87' lang='lat' dir='ltr'><strong>plura</strong></span> <span class='ocrx_word' id='word_1_768' title='bbox 2791 5676 2966 5742; x_wconf 70' lang='lat' dir='ltr'><strong>Lucae,</strong></span> <span class='ocrx_word' id='word_1_769' title='bbox 3007 5670 3156 5748; x_wconf 76' lang='lat' dir='ltr'><strong>atque</strong></span> <span class='ocrx_word' id='word_1_770' title='bbox 3185 5677 3450 5745; x_wconf 50' lang='grc' dir='ltr'><strong>κοινωνῇ</strong></span> <span class='ocrx_word' id='word_1_771' title='bbox 3487 5697 3609 5734; x_wconf 65' lang='lat' dir='ltr'><strong>nu-</strong></span> 
     </span>
    </p>
   </div>
   <div class='ocr_carea' id='block_1_99' title="bbox 370 5761 1930 5837">
    <p class='ocr_par' dir='ltr' id='par_1_99' title="bbox 370 5761 1930 5834">
     <span class='ocr_line' id='line_1_99' title="bbox 370 5761 1930 5834; baseline -0.005 -12"><span class='ocrx_word' id='word_1_772' title='bbox 370 5766 511 5827; x_wconf 89' lang='lat' dir='ltr'><strong>tulit.</strong></span> <span class='ocrx_word' id='word_1_773' title='bbox 542 5764 902 5834; x_wconf 78' lang='lat' dir='ltr'><strong>Exemplaria,</strong></span> <span class='ocrx_word' id='word_1_774' title='bbox 932 5770 1210 5832; x_wconf 85' lang='lat' dir='ltr'><strong>pervetera</strong></span> <span class='ocrx_word' id='word_1_775' title='bbox 1235 5775 1356 5816; x_wconf 84' lang='lat' dir='ltr'><strong>esse</strong></span> <span class='ocrx_word' id='word_1_776' title='bbox 1383 5769 1616 5826; x_wconf 87' lang='lat' dir='ltr'><strong>constet,</strong></span> <span class='ocrx_word' id='word_1_777' title='bbox 1643 5774 1743 5814; x_wconf 89' lang='lat' dir='ltr'><strong>nec</strong></span> <span class='ocrx_word' id='word_1_778' title='bbox 1787 5761 1930 5831; x_wconf 84' lang='lat' dir='ltr'><strong>quis-</strong></span> 
     </span>
    </p>
   </div>
   <div class='ocr_carea' id='block_1_100' title="bbox 2034 5761 3614 5837">
    <p class='ocr_par' dir='ltr' id='par_1_100' title="bbox 2039 5763 3614 5837">
     <span class='ocr_line' id='line_1_100' title="bbox 2039 5763 3614 5837; baseline 0.006 -17"><span class='ocrx_word' id='word_1_779' title='bbox 2039 5781 2146 5820; x_wconf 88' lang='lat' dir='ltr'><strong>sum</strong></span> <span class='ocrx_word' id='word_1_780' title='bbox 2173 5764 2224 5817; x_wconf 86' lang='lat' dir='ltr'><strong>in</strong></span> <span class='ocrx_word' id='word_1_781' title='bbox 2253 5763 2304 5818; x_wconf 84' lang='grc' dir='ltr'><em>Μ</em></span> <span class='ocrx_word' id='word_1_782' title='bbox 2311 5765 2500 5821; x_wconf 73' lang='lat' dir='ltr'><strong>attlta&#39;o</strong></span> <span class='ocrx_word' id='word_1_783' title='bbox 2518 5767 2669 5837; x_wconf 88' lang='lat' dir='ltr'><strong>plura</strong></span> <span class='ocrx_word' id='word_1_784' title='bbox 2690 5763 2943 5834; x_wconf 80' lang='lat' dir='ltr'><strong>Joannis,</strong></span> <span class='ocrx_word' id='word_1_785' title='bbox 2967 5775 3014 5820; x_wconf 87' lang='lat' dir='ltr'><strong>et</strong></span> <span class='ocrx_word' id='word_1_786' title='bbox 3038 5765 3229 5834; x_wconf 66' lang='lat' dir='ltr'><strong>Narcl;</strong></span> <span class='ocrx_word' id='word_1_787' title='bbox 3250 5777 3300 5823; x_wconf 86' lang='lat' dir='ltr'><strong>et</strong></span> <span class='ocrx_word' id='word_1_788' title='bbox 3342 5770 3394 5825; x_wconf 88' lang='lat' dir='ltr'><strong>in</strong></span> <span class='ocrx_word' id='word_1_789' title='bbox 3419 5771 3614 5830; x_wconf 64' lang='lat' dir='ltr'><strong>ceteris</strong></span> 
     </span>
    </p>
   </div>
   <div class='ocr_carea' id='block_1_101' title="bbox 370 5860 1636 5956">
    <p class='ocr_par' dir='ltr' id='par_1_101' title="bbox 370 5860 1636 5956">
     <span class='ocr_line' id='line_1_101' title="bbox 370 5860 1636 5956; baseline -0.006 -21"><span class='ocrx_word' id='word_1_790' title='bbox 370 5883 384 5954; x_wconf 75' lang='grc' dir='ltr'><strong>ί</strong></span> <span class='ocrx_word' id='word_1_791' title='bbox 442 5879 520 5956; x_wconf 80' lang='grc' dir='ltr'><strong>(α)</strong></span> <span class='ocrx_word' id='word_1_792' title='bbox 560 5877 692 5937; x_wconf 74' lang='lat' dir='ltr'><strong>Vide</strong></span> <span class='ocrx_word' id='word_1_793' title='bbox 719 5860 1127 5950; x_wconf 71' lang='lat' dir='ltr'><strong>Prolegomena,</strong></span> <span class='ocrx_word' id='word_1_794' title='bbox 1146 5875 1251 5932; x_wconf 87' lang='lat' dir='ltr'><strong>col.</strong></span> <span class='ocrx_word' id='word_1_795' title='bbox 1273 5888 1414 5946; x_wconf 87' lang='lat'><strong>0000</strong></span> <span class='ocrx_word' id='word_1_796' title='bbox 1438 5881 1495 5930; x_wconf 89' lang='lat' dir='ltr'><strong>et</strong></span> <span class='ocrx_word' id='word_1_797' title='bbox 1519 5887 1636 5944; x_wconf 87' lang='lat' dir='ltr'><strong>seq.</strong></span> 
     </span>
    </p>
   </div>
  </div>
