3936 6422
221 433 323 508 8'69

911 442 1321 515 DESCRiP'i‘lO
1358 444 1511 515 con.
1554 458 1664 515 MS.
1703 445 2216 519 GRAECO—LATINI
2255 451 2813 524 summouent.

3360 468 3467 525 870

223 570 324 623 lius
348 568 647 640 intelligere
675 571 753 626 eis
784 571 992 639 liceret,
1016 581 1071 627 et
1099 573 1286 629 Latina
1317 590 1433 640 sua,
1467 576 1634 642 sicubi
1661 590 1795 645 opus
1824 584 1872 641 Α
1897 580 2174 643 exhibere.
2209 599 2369 652 quam
2395 585 2673 639 ediderant
2697 586 2794 652 ipsi
2828 584 3204 655 Evangelistm,
3238 584 3354 649 sed,
3380 584 3476 638 oh-

224 672 396 746 esset,
437 664 729 719 emendare
761 681 774 717 :
823 664 1053 733 denique
1088 681 1153 720 ex
1183 667 1393 721 mendis
1425 668 1594 733 ipsius
1616 682 1796 720 exem-

225 752 385 819 plaris
414 760 672 827 γραφικοῖς
696 794 711 817 ,
742 767 968 823 quorum
1011 755 1188 823 aliqua
1228 759 1358 809 satis
1387 758 1531 810 clare
1565 757 1797 820 produnt

160 882 163 883 ν
223 859 603 900 amanueuscm
652 846 932 911 Latinum;
978 865 1027 902 ν.
1078 866 1157 916 gr.
1204 847 1487 925 'Hpciidooc,
1515 851 1792 914 'iméwooc,

222 935 442 1013 Ἰωάννη,
471 940 845 1016 Σαμαριτάνων,
873 941 1250 1014 φλαγελλὼσας,
1270 942 1559 1017 λεπρώσου,
1584 952 1638 994 et
1654 942 1798 1010 ejus-

225 1026 365 1080 modi
396 1028 531 1081 alia.‘
556 1028 623 1082 Et
654 1032 764 1099 jam
812 1031 1024 1099 quidem
1070 1032 1137 1085 ad
1187 1032 1351 1100 ipsius
1390 1031 1586 1085 codicis
1618 1041 1797 1100 partes

221 1118 545 1173 accedimus.
592 1119 801 1186 Latina,
836 1122 1240 1176 translationem
1284 1122 1523 1190 Italicam
1556 1121 1792 1185 exhibet,

209 1210 538 1280 qualistum
567 1214 824 1283 temporis
854 1216 1169 1283 interpolata
1201 1215 1492 1275 ferebatur.
1525 1224 1649 1269 ante
1676 1228 1799 1269 cas-

224 1307 532 1374 tigatiouem
582 1302 909 1378 Hieronymi.
952 1306 1189 1372 Gnaeum
1233 1321 1365 1361 vero
1410 1315 1611 1361 textum
1654 1307 1801 1359 miri-

224 1398 325 1452 ﬁce
373 1405 681 1467 corruptum
721 1414 784 1452 ac
820 1399 1201 1467 depravatum,
1245 1398 1556 1468 hujusmodi
1599 1408 1799 1465 tamen,

220 1492 316 1561 qui
344 1492 606 1560 originem
645 1504 794 1546 certe
822 1492 1036 1546 duxerit
1077 1509 1139 1547 ex
1188 1494 1251 1547 iis
1281 1492 1519 1567 fontibus
1539 1533 1552 1557 ,
1585 1507 1651 1545 ex
1681 1489 1803 1561 qui-

224 1582 325 1636 bus
369 1582 602 1635 manavit
639 1581 815 1636 Italica
857 1581 1070 1637 Versio.
1107 1582 1311 1650 Nempe
1334 1598 1456 1637 cum
1483 1570 1804 1650 exemplari-

225 1673 327 1728 bus
355 1650 987 1742 interpretumﬁitalorum
1009 1715 1023 1740 ,
1047 1683 1102 1729 et
1134 1673 1461 1744 apographis
1492 1672 1617 1729 inde
1638 1673 1803 1728 dedu-
1841 1727 1845 1733 .

224 1766 328 1820 clis
358 1767 429 1819 ita
459 1764 677 1819 omnino
718 1772 897 1820 actum
921 1765 1176 1820 arbitror.
1206 1765 1578 1833 Exemplaria,
1609 1762 1823 1839 quibus,

226 1857 553 1923 interpretes
576 1856 700 1935 .ipsi
748 1858 834 1911 usi
885 1857 1024 1921 sint,
1073 1857 1211 1912 sicut
1253 1855 1637 1926 aliquantulum
1681 1854 1805 1931 hinc

1898 684 2108 725 servato
2134 672 2414 728 dumtaxat
2441 676 2496 729 S.
2532 676 2727 729 Textus
2754 674 2965 741 ordine,
3001 691 3065 729 ac
3088 676 3331 741 historia,
3362 677 3476 729 sin—

1810 832 1815 833 ,
1895 763 2013 833 gula
2040 763 2326 835 Evangelia
2354 767 2700 822 absolutioria
2728 782 2790 821 ac
2817 767 3052 837 pleniora
3082 766 3330 821 reddere.
3359 766 3474 821 Huc

1897 854 2040 908 enim
2086 854 2655 914 faciuntintromissm
2683 860 2733 912 iu
2764 860 3025 926 cujusque
3056 846 3333 926 Evangelii
3364 870 3476 913 tex-

1900 938 2300 1015 tumparticulze
2323 950 2503 1013 variae,
2527 948 2851 1018 integrarque
2877 949 3081 1016 periodi
3111 949 3437 1016 reliquorum
3465 965 3478 1000 :

1899 1029 2003 1091 huc
2038 1041 2359 1108 transposita
2402 1039 2455 1093 in
2492 1055 2811 1109 nnoquoque
2862 1031 3116 1105 plurima,
3138 1040 3208 1093 ob
3234 1039 3474 1093 historia:

1899 1129 2193 1184 claritatein
2229 1132 2395 1195 :ghuc
2434 1131 2693 1186 traductae
2721 1147 2785 1191 ex
2820 1114 3125 1201 Evangeliis
3155 1131 3428 1203 περικοπαί
3464 1147 3477 1184 :

1827 1250 1838 1277 I
1894 1218 2006 1274 huc
2055 1222 2494 1290 iuterpolatioues
2545 1224 2665 1277 alia:
2713 1226 3030 1278 innumera).
3079 1222 3276 1277 Verum
3324 1233 3378 1277 et
3430 1224 3481 1275 in

1902 1311 2060 1366 a’l'iaui
2082 1313 2239 1382 plane
2260 1315 2581 1368 sententiam
2608 1315 2919 1383 pertrahunt
2944 1314 3196 1367 nonnulla
3228 1310 3484 1366 vocabula

1900 1404 1998 1470 pro
2024 1402 2269 1472 genuinis
2294 1403 2395 1457 alia
2413 1448 2428 1472 ,
2447 1406 2760 1473 neutiquam
2784 1407 3199 1479 σημαπικὼτερα
3215 1445 3231 1473 ,
3248 1402 3494 1475 adeoque

1905 1495 1969 1546 ad
1993 1492 2232 1549 historiae
2244 1494 2542 1549 claritatem
2561 1510 2622 1548 ac
2641 1496 2941 1556 ubertatem
2966 1493 3096 1548 nihil
3117 1492 3451 1547 conferentia
3472 1508 3486 1544 :

1906 1585 2231 1651 mutationes
2277 1584 2657 1651 numerorum,
2685 1562 2927 1648 casuum,
2960 1600 3243 1654 generum,
3281 1594 3493 1652 tempo-

1906 1654 2052 1739 rum,‘
2082 1678 2277 1745 passim
2307 1676 2458 1730 iactae
2487 1676 2689 1744 absque
2716 1678 2860 1729 omni
2890 1689 3045 1728 causa
3074 1693 3087 1728 :
3116 1674 3494 1742 transpositio-

1907 1785 2001 1823 ncs
2033 1769 2280 1835 inlinitzn,
2310 1784 2534 1839 quarum
2561 1769 2705 1847 nulla
2735 1769 2926 1823 idonea
2963 1770 3098 1823 ratio
3131 1766 3209 1823 \el
3240 1768 3368 1837 {iugi
3400 1781 3496 1833 po-

1909 1852 2065 1935 terit:
2098 1871 2367 1917 contracta
2391 1861 2619 1932 denique
2641 1862 2890 1932 plurima,
2911 1872 2965 1916 et
2990 1864 3186 1916 excisae
3211 1861 3333 1914 hinc
3357 1859 3484 1913 inde

225 1948 355 2003 inde
393 1964 546 2019 passa
588 1946 800 2002 inerant
842 1963 875 2005 Va
920 1947 1123 2003 Scribis
1172 1946 1246 2015 (id
1289 1948 1431 2009 enim
1465 1962 1531 1999 ex
1556 1943 1799 2013 Syriaca,

1930 1963 2118 2018 iartes,
2144 1962 2196 2006 et
2237 1953 2448 2021 quidem
2492 1962 2616 2006 tottze
2652 1955 2953 2017 sententiae,
2991 1968 3112 2022 quae
3156 1952 3381 2005 miriﬁce
3427 1949 3494 2004 ad

226 2038 456 2113 aliisque
500 2036 849 2093 Version'tbus
894 2036 1161 2105 aliquibus
1202 2036 1269 2089 ad
1316 2027 1633 2089 consimiles
1679 2048 1800 2087 eum

226 2130 361 2201 ipsis
392 2129 616 2186 Codices
652 2130 927 2184 adornatis
961 2130 1181 2183 omnino
1205 2128 1441 2198 constat)
1474 2146 1487 2181 ι
1520 2128 1588 2179 ita
1618 2127 1670 2179 in
1701 2140 1802 2180 cm-

230 2224 362 2278 te‘ris
420 2224 637 2293 egregie
698 2220 1007 2287 referebant
1069 2221 1434 2291 Apostolicam
1489 2218 1803 2273 dictionem.

229 2312 385 2380 Quod
432 2325 611 2369 autem
652 2314 707 2367 in
736 2296 1048 2368 Latinorum
1092 2327 1282 2367 manus
1329 2296 1665 2375 devenerint,
1711 2309 1807 2362 de-

230 2403 381 2460 ducti
425 2404 622 2460 exinde
653 2404 867 2459 codices
910 2403 1155 2458 mendosi
1186 2402 1455 2472 prodiere.
1489 2399 1687 2469 Scripti
1731 2400 1807 2451 ni-

234 2492 583 2563 mirum,‘non
611 2496 685 2550 uti
713 2494 909 2550 caetera
937 2494 1264 2562 eiemplaria
1289 2487 1543 2552 Orientis,
1569 2508 1596 2544 a
1621 2493 1812 2544 scribis

234 2586 475 2653 Graecis,
524 2586 828 2655 linguaeque
876 2586 1011 2640 adeo
1060 2586 1247 2654 patria:
1294 2582 1431 2637 haud
1472 2580 1693 2646 nesciis,
1720 2580 1811 2653 qui

238 2688 440 2735 textum
487 2678 713 2732 nitidum
763 2676 907 2739 fere.
959 2675 1233 2745 probeque
1270 2684 1515 2729 curatum
1542 2674 1811 2737 emisere;

237 2775 336 2827 sed
364 2786 392 2824 a
418 2770 661 2837 notariis,
693 2770 880 2840 quales
906 2771 959 2823 in
984 2768 1278 2823 Occidente
1300 2768 1510 2822 ferebat
1536 2767 1636 2820 ista
1662 2772 1813 2843 aetas,

240 2864 440 2917 misere
481 2861 712 2916 indoctis
749 2869 807 2915 et
831 2861 1107 2927 barbaris,
1138 2861 1226 2929 qui
1264 2861 1330 2915 de
1361 2860 1533 2925 libris,
1564 2873 1698 2928 quos
1728 2858 1821 2911 de-

238 2955 491 3024 scripturi
522 2963 697 3021 erant,
730 2953 864 3008 nihil
893 2954 1007 3008 fere
1033 2963 1475 3023 norant,gpr;eter
1498 2954 1641 3023 ipsas
1673 2952 1821 3005 litte-

240 3063 352 3103 ras.
380 3046 515 3100 Hinc
539 3054 690 3102 certe
714 3056 885 3101 tractu
918 3048 1197 3113 temporis,
1231 3045 1401 3117 major
1432 3047 1598 3097 multo
1625 3043 1820 3106 adhuc,

242 3140 411 3195 immo
441 3156 576 3194 vero
610 3138 823 3193 tandem
852 3138 1055 3192 infinita
1087 3140 1243 3207 plane
1282 3136 1554 3203 vitiorum,
1589 3145 1643 3190 et
1687 3134 1828 3203 inje-

243 3229 519 3285 cdtiarum’
536 3230 824 3284 lectionum
844 3231 923 3283 vis
944 3228 1228 3283 Codicihus
1250 3230 1365 3282 is:is
1387 3227 1660 3297 ingruebat
1704 3222 1824 3281 Mox

1908 2032 2146 2107 historia:
2178 2042 2511 2113 Evangelicm
2539 2045 2900 2113 integritatem
2927 2044 3146 2099 faciunt.
3174 2044 3494 2113 Neutiquam

1907 2136 2052 2188 enim
2078 2121 2381 2204 hujus'modi
2409 2136 2827 2202 prietermiserit,
2850 2137 2936 2190 cui
2958 2137 3305 2189 constitutum
3337 2134 3502 2189 fuerit

1910 2242 1973 2281 ex
1997 2242 2318 2297 unoquoque
2334 2226 2745 2297 Evangeliorum
2766 2228 3306 2296 conﬁcereintegram
3326 2223 3501 2280 histo-

1912 2319 2046 2371 riam
2075 2317 2470 2387 Evangelicam,
2500 2332 2553 2373 et
2581 2318 2736 2387 quasi
2768 2317 3134 2372 DiateSsaron.
3171 2316 3339 2370 Immo
3368 2329 3500 2369 vero

1913 2418 2118 2461 certum
2149 2407 2277 2460 illud
2301 2422 2486 2472 unum,
2511 2408 2843 2476 Digestorem
2872 2406 3030 2475 hujus
3055 2416 3248 2467 textus,
3266 2407 3320 2458 in
3346 2404 3502 2477 hisce

1917 2499 2065 2552 libris
2088 2498 2483 2569 Evangelionmt
2505 2538 2521 2563 ,
2550 2492 2609 2553 et
2629 2500 2839 2551 Acutum
2866 2480 3164 2567 grassatum
3210 2496 3377 2552 fuisse
3406 2510 3502 2566 pro

1915 2590 2181 2653 arbitrio;
2223 2588 2531 2651 addidisse,
2577 2588 2900 2657 sustulisse.
2942 2598 3207 2652 mutasse,
3242 2587 3397 2654 plane
3427 2586 3501 2639 uti

1918 2678 2125 2733 ferebat
2158 2680 2401 2744 animus;
2454 2681 2745 2746 multoque,
2776 2690 2831 2730 ut
2876 2678 3044 2733 verbo
3073 2677 3268 2742 dicam,
3314 2675 3502 2732 labore.

1918 2773 2048 2825 illud
2080 2773 2276 2841 egisse,
2308 2782 2365 2824 ut
2393 2780 2566 2825 textus
2607 2771 2845 2838 ipsorum
2863 2769 3357 2839 Lvangelismrum,
3387 2784 3505 2823 ma-

1917 2881 2018 2934 gna
2050 2866 2133 2919 sui
2171 2874 2351 2933 parte,
2381 2865 2431 2917 iu
2461 2866 2621 2916 alium
2650 2861 2935 2932 quemdam
2967 2861 3379 2916 transformatus
3410 2863 3497 2915 itt-

1920 2956 2153 3010 cederet.
2180 2957 2219 3008 E
2254 2955 2383 3010 locis
2410 2955 2608 3033 codicis
2638 2968 2842 3033 vitiosis
2865 2964 2915 3007 et
2941 2953 3300 3022 interpolatis,
3329 2968 3497 3022 pauca

1924 3048 2201 3101 dumtaxat
2230 3047 2318 3102 hic
2348 3029 2674 3122 notabimus}
2708 3038 2763 3099 in
2804 3046 3096 3111 Evangelio
3126 3045 3384 3111 Matthtei,
3413 3046 3498 3098 in-

1925 3139 2091 3208 signis
2123 3138 2209 3197 uo
2222 3126 2490 3208 iper-icope
2519 3136 2586 3192 de
2607 3137 2793 3205 primis
2814 3136 3331 3191 aceubitibus‘coenae
3356 3134 3499 3206 (cap.

1930 3246 2018 3292 xx,
2040 3244 2180 3296 vers,
2204 3228 2298 3295 28)
2322 3228 2374 3283 iu
2396 3229 2623 3298 interpol
2668 3215 2902 3293 tishisce
2927 3226 3123 3287 Griece
3136 3228 3246 3298 jam
3272 3211 3504 3300 primum

1931 3332 2155 3391 apparet
2186 3340 2202 3379 :
2229 3322 2395 3395 Ὑμεῖς
2426 3317 2493 3378 δὲΔ
2518 3236 2715 3407 ζητεῖτε
2752 3300 2813 3399 ’ἔκ
2849 3326 3033 3397 μικροῦ
3058 3322 3293 3386 αὐξῆσαι,
3345 3325 3427 3375 καὶ
3452 3322 3504 3375 ἐκ

214 3342 217 3343 ν
245 3321 393 3376 enim
416 3361 431 3386 ,
461 3329 522 3375 ut
546 3336 575 3375 e
608 3321 813 3375 Latinis
848 3316 1120 3401 doctiores
1157 3322 1320 3389 aliqui
1364 3328 1605 3388 excerpta:
1664 3321 1821 3373 unde-

1931 3332 2155 3391 appaljet
2186 3340 2202 3379 :
2229 3322 2395 3395 Ὑμεῖς
2426 3317 2493 3378 δὲΔ
2518 3300 2715 3401 Currit:
2752 3300 2813 3399 dx
2849 3326 3033 3397 μικροῦ
3058 3322 3293 3386 αὐξῆσαι,
3345 3325 3427 3375 καὶ
3452 3322 3504 3375 ἐκ

246 3424 480 3481 cumque
516 3412 750 3475 scholia,
781 3422 835 3466 et
875 3405 1211 3495 insigniores.
1244 3411 1523 3485 pericopas
1552 3408 1831 3478 ..θρηνεῖς-

246 3514 371 3557 sent
394 3503 458 3557 ad
487 3517 636 3558 oram
663 3518 878 3559 suorum
910 3494 1320 3571 exemplarium,
1345 3502 1581 3575 librariis
1600 3517 1662 3556 ea
1686 3494 1855 3555 trait--

245 3596 530 3663 scripturis
576 3594 701 3647 illud
748 3592 948 3662 negotii
989 3593 1173 3647 datum
1226 3604 1375 3656 erat,
1425 3602 1478 3645 ut
1522 3592 1827 3645 universam

250 3683 390 3736 hanc
421 3678 737 3753 farraginem
760 3669 1100 3751 marginalem
1131 3683 1182 3735 in
1214 3681 1520 3752 Apographi
1535 3682 1617 3735 sui
1636 3679 1829 3750 corpus

170 3798 173 3800 ν
249 3776 695 3831 transmitterem.
742 3772 1058 3842 Huiusmodi
1106 3774 1322 3829 codices
1360 3772 1598 3828 nonnulli
1649 3772 1833 3827 hodie-

248 3884 355 3937 que
382 3875 595 3923 essunt
630 3868 857 3929 misere.
878 3880 1157 3937 supraque
1188 3881 1402 3921 omnem
1435 3864 1648 3919 modum
1680 3860 1830 3937 mixti

250 3968 307 4014 et
358 3959 627 4033 maculati.
680 3956 983 4013 Pervetusti
1014 3958 1255 4028 plerique
1288 3972 1477 4012 omnes
1497 3994 1513 4023 ,
1541 3956 1832 4028 eteximim

249 4051 381 4105 olim
442 4052 599 4125 apud.
631 4051 1003 4107 Occidentales
1055 4051 1422 4115 auctoritatis;
1468 4062 1640 4119 eoque
1688 4058 1833 4103 certe

255 4143 513 4209 majoris,
561 4142 703 4212 quod
758 4143 1094 4212 interpolatis
1149 4144 1261 4195 istis
1317 4141 1625 4194 Versiouem
1676 4138 1831 4193 istam

251 4235 426 4305 magis
466 4216 742 4305 magisque
767 4234 1219 4289 accommodatam
1249 4231 1493 4285 dederint
1517 4229 1690 4283 Latini
1719 4229 1830 4281 alii.

254 4325 392 4380 Hinc
439 4313 580 4380 enim
635 4324 775 4382 haud
836 4340 1096 4395 quaquam
1153 4324 1453 4376 dubitatum
1510 4329 1662 4385 erat,
1704 4320 1833 4388 quin

248 4416 475 4485 Graeca,
529 4411 721 4487 quibus
773 4417 955 4472 Latina
1012 4416 1123 4468 huic
1165 4421 1283 4467 tam‘
1327 4412 1493 4480 probe
1542 4412 1833 4478 responde-

252 4511 415 4576 bant,
467 4508 813 4579 originarium
856 4506 1004 4561 illum
1050 4514 1252 4560 textum
1305 4504 1570 4573 integrum
1618 4510 1675 4557 et
1725 4500 1834 4555 illi-

252 4602 441 4656 batum
478 4600 847 4663 exbibuerint,
888 4596 954 4652 ad
989 4612 1147 4667 quem
1177 4609 1433 4665 expressa
1456 4594 1629 4649 fuerat
1655 4593 1834 4647 ltalica

1933 3418 2158 3485 μείζονος
2175 3408 2575 3469 ’ἔλαττονεῖσθαν
2607 3413 2709 3491 (sic
2746 3414 2887 3467 enim
2919 3414 3228 3483 legendum)
3260 3414 3503 3489 εἰσερχό-

1931 3523 2073 3574 μενοι
2111 3500 2164 3556 δὲ
2209 3524 2259 3555 κ.
2304 3524 2355 3557 τ.
2403 3502 2451 3555 λ.
2490 3504 2644 3570 cuius
2673 3510 2790 3556 eum
2824 3512 3027 3571 partem
3061 3502 3411 3572 posteriorem
3441 3516 3505 3555 ex

1933 3589 2120 3656 Lucus,
2157 3607 2277 3667 cap.
2321 3607 2429 3657 xiv,
2460 3608 2603 3647 vers.
2636 3583 3183 3662 '8,'sumptam‘nemo
3212 3608 3315 3647 non
3347 3594 3509 3657 norit,

1933 3690 2044 3734 tum
2081 3690 2227 3736 certe
2270 3681 2415 3748 prior
2445 3681 2607 3756 (quod
2633 3681 2868 3737 nandum
2901 3698 2929 3735 a
2959 3697 3227 3750 quoquam
3259 3684 3512 3737 observa-

1935 3783 2067 3840 tum,
2086 3774 2226 3843 quod
2250 3772 2441 3845 sciam)
2464 3786 2642 3829 ortum
2669 3762 2855 3827 habuit
2882 3789 2945 3828 ex
2970 3772 3169 3829 Graecis
3195 3771 3344 3828 Cant.
3367 3773 3513 3843 ejus-

1934 3867 2068 3931 dem.
2098 3867 2396 3937 Evangelii,
2424 3862 2558 3935 cap.
2578 3870 2713 3930 xxu,
2747 3880 2887 3920 vers.
2919 3864 3010 3930 27,
3041 3865 3113 3920 28
3146 3884 3159 3918 :
3188 3864 3436 3943 ‘E'ya‘i‘ydp
3464 3867 3513 3920 δν

1935 3962 2076 4030 μέσῳ
2102 3961 2242 4031 ὑμῶν
2264 3956 2404 4019 ἦλθον
2425 3961 2525 4031 οὐχ
2555 3961 2622 4019 ὡς
2644 3957 2669 4013 ὁ
2699 3960 3035 4029 ἀνακείμενος,
3065 3958 3169 4039 of}?
3195 3961 3262 4019 ὡς
3284 3957 3309 4013 ὁ
3335 3957 3509 4013 διακο-

1932 4058 2028 4103 νῶν
2050 4054 2135 4105 καὶ
2154 4053 2299 4123 ὑμεῖς
2318 4052 2554 4115 ηὐξήθητέ
2578 4048 2709 4123 ἐν’τῇ
2731 4048 2952 4124 διακονίᾳ
2972 4070 3093 4120 μου,
3117 4052 3183 4109 ὡς
3205 4049 3230 4103 ὁ
3259 4048 3509 4115 διακονῶν,

1920 4142 1981 4195 οἱ
2023 4141 2433 4213 διαμεμενηκότες
2458 4164 2508 4194 κ.
2536 4161 2585 4194 τ.
2618 4140 2667 4193 λ.
2715 4142 2844 4208 Cap.
2879 4156 2989 4206 nt,
3024 4146 3167 4193 ver‘s.
3200 4140 3288 4205 52,
3314 4156 3434 4196 cum
3462 4144 3514 4197 in

1938 4233 2190 4299 parobola
2238 4231 2307 4286 de
2347 4230 2473 4285 [iliis
2502 4230 2714 4288 duobus
2740 4231 2791 4283 in
2822 4231 3029 4285 vineam
3056 4231 3134 4285 ire
3157 4222 3346 4300 jussis,
3380 4249 3513 4302 quo-

1935 4340 2051 4378 rum
2097 4319 2247 4394 prior
2272 4339 2332 4379 se
2366 4338 2471 4377 non
2510 4322 2706 4377 iturum
2736 4322 2891 4387 dixit,
2919 4320 3075 4378 iverit
3097 4332 3296 4391 tamen,
3328 4338 3511 4394 poste-

1932 4414 2051 4488 rior
2071 4413 2264 4467 iturum
2293 4428 2372 4478 se,
2399 4412 2492 4468 sed
2521 4425 2623 4467 non
2649 4411 2810 4468 iverit
2836 4428 2956 4469 cum
2984 4413 3311 4470 voluntatem
3339 4414 3514 4470 Patris

1937 4507 1988 4560 in
2018 4507 2137 4561 cod.
2170 4506 2439 4575 aliquibus
2468 4506 2658 4561 iecisse
2679 4504 2951 4561 diceretur
2978 4502 3230 4578 ἔσχατος.
3266 4522 3359 4562 seu
3388 4523 3512 4576 pos-

1940 4604 2104 4655 terior
2144 4602 2225 4669 (ut
2268 4600 2321 4653 in
2357 4598 2562 4654 Latinis
2602 4596 2875 4653 mendosis
2915 4608 3039 4654 ante
3084 4599 3513 4671 IlierOnymum),

255 4690 461 4745 versio.
512 4689 915 4746 Consentientia
940 4731 955 4754 ,
1008 4693 1083 4744 sic
1114 4700 1170 4743 ut
1194 4690 1457 4755 diximus,
1480 4688 1667 4743 Graeca
1699 4687 1821 4751 haec,

1942 4708 2113 4761 neque
2158 4706 2286 4746 vero
2330 4692 2486 4745 aliter
2530 4691 2752 4746 haberet
2798 4686 3075 4759 exemplar
3112 4690 3517 4758 interpolatoris

254 4793 313 4838 et
341 4781 549 4845 Latina,
572 4784 801 4853 primum
828 4793 975 4838 certe
988 4783 1213 4852 ‘diuque,
1238 4792 1296 4835 ut
1318 4777 1549 4848 videtur,
1567 4793 1835 4843 seorsum,

254 4883 317 4931 et
350 4876 403 4930 in
445 4863 709 4931 distinctis
748 4870 1487 4947 voluminibusincedebant.
1524 4873 1714 4945 Postea
1744 4888 1839 4925 au-

257 4978 393 5032 tem,
421 4968 560 5039 quod
580 4966 717 5038 apud
746 4966 1119 5023 Occidentales
1149 4968 1343 5035 lingum
1368 4964 1562 5024 Grteea
1600 4960 1837 5020 studium

255 5062 646 5131 aliquantulum
676 5059 885 5126 ﬂorere
928 5060 1184 5127 coeperit,
1240 5056 1465 5121 eruditis
1506 5076 1544 5117 e
1579 5073 1637 5111 re
1666 5057 1841 5109 visum

258 5162 343 5208 est
365 5193 378 5214 ,
418 5148 761 5220 origiuarium
804 5158 1004 5205 textum
1033 5192 1045 5213 ,
1085 5163 1137 5205 et
1166 5151 1468 5205 versionem
1498 5148 1595 5203 sub
1624 5148 1837 5203 oculum

248 5242 424 5295 simul
452 5235 707 5296 exhibere
730 5254 745 5304 ;
772 5242 935 5315 idque
961 5241 1043 5295 vel
1074 5241 1125 5294 in
1154 5241 1341 5296 eadem
1365 5239 1582 5311 pagina,
1614 5240 1757 5309 quod
1783 5240 1837 5292 in

253 5330 539 5386 nciinullis
573 5326 734 5385 .ilhris
766 5329 967 5385 factum
1000 5331 1285 5397 videmus;
1317 5332 1400 5388 vel
1427 5330 1478 5385 in
1506 5328 1754 5395 diversis,
1784 5340 1844 5393 ut

259 5425 317 5478 in
348 5422 466 5475 aliis
488 5410 779 5490 aliquibus,
802 5438 864 5475 ac
883 5422 1158 5489 speciatim
1183 5423 1236 5477 in
1262 5420 1365 5478 hoc
1392 5405 1838 5491 Cantabrigiensi.

344 5513 513 5580 Hujus
533 5514 719 5576 certe,
738 5513 808 5566 de
833 5526 940 5583 quo
966 5512 1074 5580 iam
1120 5514 1346 5582 agimus,
1374 5511 1555 5568 Cra-ca
1594 5512 1737 5580 quod
1761 5523 1845 5564 at-

261 5607 421 5668 tinet,
452 5605 541 5656 vix
566 5602 673 5681 dici
696 5598 893 5676 potest,
918 5616 1078 5670 quam
1106 5616 1266 5674 supra
1296 5619 1512 5658 omnem
1534 5602 1756 5659 modum
1792 5603 1844 5658 in

265 5698 332 5750 iis
373 5692 680 5762 digerendis
711 5696 930 5748 licenter
960 5709 1018 5750 se
1042 5696 1292 5764 gesserit.
1324 5708 1385 5750 ac
1426 5693 1583 5763 p'ane
1609 5692 1852 5748 lascivie-

1940 4785 2143 4850 nostri;
2172 4801 2276 4854 quo
2309 4786 2360 4837 in
2392 4782 2609 4838 Sci-ibas
2634 4793 2684 4836 et
2714 4781 3060 4845 Sacerdotes,
3089 4780 3203 4834 filio
3230 4783 3515 4848 posteriori

1940 4878 1990 4930 iu
2017 4879 2179 4943 ipsius
2210 4884 2356 4947 textu
2382 4883 2743 4942 comparatos,
2767 4872 3052 4941 quadraret
3086 4870 3198 4925 haec
3228 4873 3501 4941 parabola,

1939 4977 2243 5037 expuncto,
2290 4965 2416 5019 fecit
2451 4963 2635 5024 ἰδόντες
2663 4963 3025 5036 μετεμελήθητε
3044 5000 3059 5028 ,
3083 4974 3270 5018 contra
3299 4979 3511 5019 omnem

1942 5038 2185 5113 codicum
2214 5053 2397 5121 ﬁdem,
2422 5061 2479 5109 et
2506 5052 2824 5107 sententiam
2852 5050 3167 5107 Salvatoris.
3197 5053 3350 5121 Apud
3378 5052 3517 5107 Mar-

1942 5167 2062 5207 cum
2085 5191 2099 5213 ,
2134 5130 2251 5215 cap.
2297 5163 2358 5201 ιι.
2396 5159 2537 5200 vers.
2568 5145 2657 5208 26,
2687 5139 3007 5213 particulam
3045 5147 3129 5200 ἐπὶ
3166 5144 3398 5221 Ἀϐιάθαρ
3421 5147 3514 5199 τοῦ

1942 5241 2244 5316 ἀρχιερέως,
2270 5252 2367 5291 ceu
2404 5235 2646 5289 historim
2674 5234 2891 5289 veritati
2915 5234 3513 5300 haudcousentancatu,

1944 5330 2194 5384 sustulit:
2223 5335 2287 5381 ut
2314 5336 2370 5381 et
2404 5326 2590 5393 verba,
2616 5331 2719 5388 πᾶς
2737 5328 2842 5402 γὰρ
2863 5328 2994 5403 πνρί
3019 5327 3361 5389 ἁλισθήσεται,
3390 5339 3508 5390 cap.

1946 5439 2032 5487 ix,
2074 5435 2214 5475 vers.
2264 5418 2355 5482 49,
2388 5418 2539 5489 quod-
2569 5420 2705 5473 torte
2754 5419 2986 5473 absurda
3028 5419 3359 5472 viderentur.
3402 5414 3517 5469 Alia

1946 5516 2200 5576 mutavit,
2229 5510 2564 5586 Evangelicm
2602 5510 2844 5564 veritatis
2864 5509 3063 5565 studio.
3096 5508 3228 5573 Cap.
3258 5522 3345 5571 xv,
3378 5521 3519 5559 rcrs.

1947 5606 2049 5671 εδ,
2090 5618 2209 5659 cum
2233 5604 2291 5656 in
2328 5604 2619 5672 exemplari
2659 5617 2756 5656 suo
2797 5602 2991 5667 fuerit,
3020 5600 3079 5659 ἦν
3110 5597 3166 5654 δέ
3197 5604 3305 5674 ἆορα
3345 5601 3519 5675 τρίτη,

1952 5702 2027 5753 καὶ
2045 5701 2099 5751 ἐσ
2112 5698 2382 5772 ταύρωσαν
2400 5694 2847 5762 «nemorumnam
2866 5710 2993 5748 vero
3006 5708 3109 5746 non
3132 5695 3232 5749 nisi
3251 5694 3313 5745 ad
3328 5683 3523 5761 horam

264 5792 335 5844 rit
375 5784 767 5854 Interpolator,
798 5786 1040 5854 quisquis
1082 5786 1188 5839 ille.
1225 5784 1280 5839 In
1316 5780 1641 5852 Miimo'ipsi
1690 5786 1855 5841 fuisse
1952 5798 2159 5841 sextam
2193 5826 2204 5844 ,
2233 5801 2326 5838 seu
2361 5786 2516 5851 paulo
2550 5794 2672 5838 ante
2703 5784 3005 5851 contigerit,
3042 5797 3106 5835 ne
3141 5781 3266 5850 quid
3296 5782 3412 5837 falsi
3448 5786 3532 5851 (ut.

262 5879 434 5975 ι,ι’ἱειιει
480 5878 662 5931 {reme
705 5875 1160 5944 credideris,'non
1192 5877 1405 5947 quidem
1453 5884 1656 5931 textum
1681 5880 1853 5947 ipsum

1955 5880 2054 5945 ipsi
2103 5876 2406 5944 videbatur)
2434 5877 2637 5939 diceret
2679 5872 3047 5942 Evangelisto,
3078 5871 3311 5929 ﬂuitavit
3341 5878 3524 5943 ἐσταύι
