3936 6454
620 404 722 458 871

1362 404 1452 459 AD
1490 402 2056 461 EVANGELIARIUM
2096 404 2364 463 EUSEBII
2404 407 2740 468 VERCELL.
2780 414 3144 473 APPENDIX.
3295 469 3297 472 ,
3634 402 3647 429 “

3753 419 3847 474 872

605 538 781 594 ρωσαν
825 515 878 571 in
922 517 1218 589 ἐφύλασσον,
1249 519 1317 572 ita
1345 520 1488 574 enim
1521 521 1667 574 salva
1698 521 1897 575 omnia.
1934 521 2191 591 Ejusdem
2217 531 2271 594 Α
2295 523 2393 588 iis,
2436 541 2569 593 quas
2598 529 2900 607 Cantabrig.
2929 547 3052 586 cum
3083 531 3204 603 aliis
3233 530 3393 587 codd.
3421 546 3732 588 communes
3761 532 3846 586 ha-

606 608 821 678 generis
863 616 946 662 est
987 608 1146 676 illttd,
1177 612 1248 671 εἰς
1274 613 1325 665 τί
1351 609 1614 671 ὠνείδισάς
1643 631 1724 682 με,
1761 626 1878 680 cap.
1914 628 2003 673 xv,
2038 628 2183 666 vers.

605 699 701 754 5-1.
728 700 877 755 Haud
906 700 1111 758 ferebat
1137 703 1401 772 quispiam
1425 703 1540 773 (qui
1559 704 1698 758 idem
1721 705 1855 772 apud
1880 704 2186 758 Mattbteum

604 789 823 856 dictum,
849 804 971 846 esse
1020 808 1126 857 non
1170 793 1283 862 jam
1336 793 1676 862 meminerat)
1727 805 1782 847 ut
1815 794 2091 860 Christus,
2132 797 2184 848 in

600 897 759 938 cruce
810 885 1085 951 pendens,
1119 898 1179 939 se
1209 898 1240 937 a
1271 885 1380 938 Deo
1413 884 1730 938 derelictum
1762 883 2014 938 diceret~:
2044 886 2185 939 unde

602 975 901 1030 emollitum
941 977 1110 1030 voluit
1138 978 1478 1050 ἂγτατίλειπις
1496 977 1561 1032 ad
1591 993 1758 1046 marg.
1785 992 1878 1046 per
1900 976 2182 1042 ὠνείδισας,

604 1080 705 1122 ceu
751 1066 1018 1121 Salvatori
1056 1065 1299 1135 apprime
1319 1081 1638 1136 congruum,
1671 1065 1973 1120 Judmorum
1999 1066 2184 1118 sannis

597 1166 655 1212 et
697 1159 1036 1212 contumeliis
1062 1159 1173 1226 jam
1210 1158 1454 1227 impetito
1483 1175 1497 1211 :
1549 1160 1650 1212 hoc
1679 1167 1874 1221 autem,
1904 1157 1954 1210 in
1982 1157 2185 1211 codicis

598 1246 757 1318 hujus
796 1263 860 1304 ac
906 1249 1133 1303 aliorum
1171 1248 1312 1302 haud
1342 1249 1501 1303 dubie
1530 1249 1759 1318 aliquem
1799 1257 1997 1303 textum
2048 1247 2183 1302 irre-

600 1341 725 1410 psit.
766 1341 823 1395 In
878 1342 1170 1410 EVangelio
1215 1339 1401 1406 Lucae,
1438 1341 1523 1395 ubi
1571 1341 1794 1410 insignis
1834 1355 1940 1408 prae
1971 1339 2182 1393 caeteris

596 1434 796 1489 codicis
828 1433 985 1503 hujus
1014 1433 1085 1488 ab
1110 1432 1230 1487 aliis
1259 1433 1484 1487 variatio
1519 1442 1624 1495 est,
1657 1432 1890 1486 obtrusit
1916 1431 2069 1484 nobis
2099 1432 2181 1483 in-

595 1527 891 1596 terpolator
919 1541 1111 1581 novam
1147 1524 1347 1582 Christi
1367 1525 1755 1596 genealogiam,
1788 1539 1892 1594 qua
1923 1523 2181 1579 concilia-

597 1626 683 1673 tur
706 1619 875 1672 Lucas
903 1633 1024 1673 cum
1051 1618 1327 1672 Matthaeo.
1346 1617 1400 1669 ln
1434 1617 1553 1680 hac,
1585 1631 1707 1684 pars
1730 1615 1843 1679 illa,
1868 1630 1969 1683 qua
1992 1629 2180 1668 ascen-

595 1710 740 1778 ditur
782 1724 811 1762 a
839 1707 1079 1778 Josepho
1105 1708 1172 1762 ad
1199 1707 1542 1763 Salomonem
1577 1709 1703 1774 (non
1732 1705 1797 1758 ad
1830 1702 2176 1772 Nathanem),

596 1801 834 1866 Matthrci
882 1809 984 1866 cst,
1015 1799 1234 1855 insertis
1277 1799 1559 1853 dumtaxat
1587 1797 1833 1860 Eliacim,
1865 1805 2056 1864 prteter
2087 1795 2178 1849 Je-

2289 614 2412 680 bet,
2461 632 2568 672 non
2600 620 2867 690 loquimur
2912 639 2926 676 :
2956 623 3043 678 hic
3071 638 3164 677 eas
3189 624 3471 678 dumtaxat
3496 623 3810 694 attingemus
3831 663 3847 685 .

2287 720 2408 772 quae
2439 706 2491 759 in
2527 724 2634 760 uno
2669 713 2803 775 hoc,
2837 714 2980 781 quod
3011 713 3177 768 sciam
3203 755 3218 779 ,
3247 723 3541 770 occurrunt
3570 714 3850 783 exemplari

2288 795 2498 864 Grtcco,
2523 800 2726 861 Χωλούς
2749 843 2764 868 ,
2805 805 3041 876 τυφλοὺς,
3083 805 3310 866 πολλοὺς.
3361 804 3546 859 Matth.
3597 820 3716 876 cap.
3747 821 3811 858 xv
3832 845 3847 871 ,

2287 902 2428 942 vers.
2463 889 2565 954 50,
2604 891 2755 944 abest
2782 907 2812 945 a
2843 904 3031 948 nostro
3088 899 3316 969 κωφούς,
3362 897 3629 952 inclusum
3656 896 3852 952 scilicet

2287 979 2339 1033 in
2369 984 2723 1050 sequentibus
2749 988 2834 1040 καὶ
2862 985 3064 1062 ἅτέρους·
3103 989 3342 1049 πολλούς.

2353 1077 2434 1134 Εἰς
2463 1077 2744 1134 ἀπάντησιν
2764 1086 2857 1133 τοῦ
2875 1083 3086 1152 νυμφίου
3113 1085 3198 1137 καὶ
3224 1091 3314 1143 τῆς
3332 1085 3688 1155 νύμφηςνωρ.
3728 1100 3849 1148 xxv,

2284 1179 2427 1218 vers.
2463 1168 2525 1230 l;
2561 1169 2640 1222 sic
2677 1178 2731 1222 et
2764 1169 3028 1240 Vulgata,
3061 1171 3183 1243 Syr.
3220 1187 3283 1228 ac
3309 1175 3514 1239 Latini;
3549 1190 3647 1231 nec
3670 1176 3850 1229 dubito

2284 1258 2408 1326 quin
2431 1259 2504 1312 ita
2525 1260 2755 1315 Mattltari
2780 1261 3070 1330 Interpres.
3095 1264 3224 1329 Sed,
3254 1265 3394 1335 quod
3422 1265 3554 1320 infra
3578 1267 3645 1322 de
3669 1267 3849 1335 sponsi

2282 1348 2450 1401 solius
2480 1364 2706 1404 occursu
2747 1353 2841 1405 liat
2874 1355 3109 1418 mentio,
3156 1356 3329 1425 neque
3357 1355 3456 1408 nisi
3486 1357 3668 1424 sponsi
3693 1357 3845 1410 dum-

2284 1446 2432 1492 taxat
2456 1454 2716 1495 occorsus
2763 1455 3126 1510 memoretur,
3181 1447 3232 1500 in
3267 1447 3651 1516 posterioribus
3695 1450 3847 1504 codd.

2281 1528 2532 1582 delebant
2564 1531 2691 1584 illttd
2741 1536 2824 1586 καὶ
2857 1541 2946 1594 τῆς
2993 1536 3185 1606 νύμφης
3215 1536 3546 1600 ϐνωοί,.εειι
3577 1554 3848 1608 perperam

2280 1620 2347 1671 ah
2378 1621 2612 1690 antiquis
2659 1622 2923 1676 additum.
2952 1653 3023 1664 —
3053 1624 3172 1681 Ἀπὸ
3201 1635 3294 1681 τοῦ
3323 1628 3537 1701 αἳματος
3574 1632 3758 1685 τούτου
3790 1630 3854 1698 (ιι

2278 1711 2529 1779 sanguine
2560 1711 2736 1776 hujus,
2786 1714 2942 1765 Cant.
2977 1712 3146 1781 Lat.),
3197 1730 3315 1783 cap.
3363 1732 3537 1783 xxvii,
3569 1734 3711 1774 vers.
3742 1720 3813 1772 24
3835 1760 3850 1784 ,

2277 1799 2460 1852 addito
2486 1807 2576 1855 τοῦ
2600 1799 2814 1856 δικαίου.
2854 1831 2922 1842 --
2949 1803 3209 1881 Ἀργύριον
3257 1807 3443 1873 ἰκανὸν,
3492 1823 3611 1877 cap.
3663 1825 3850 1874 xxviii,

588 1865 862 1950 (cumnam-
896 1865 1195 1949 etJosiam
1214 1934 1230 1960 ,
1268 1893 1477 1946 Amasia
1512 1894 1663 1958 item,
1692 1889 1843 1953 λοσε,
1871 1903 1922 1945 et
1952 1890 2175 1944 Ochosia
2208 1898 2250 1956 Β
2279 1899 2400 1943 vers
2447 1889 2534 1956 l2,
2557 1907 2679 1945 eum
2710 1892 2890 1962 Steph.
2919 1865 3158 1964 β’,’(3ἀιίι.
3183 1907 3236 1950 et
3258 1865 3655 1966 Vulg..vomu'ino
3678 1865 3844 1955 recte.

596 1986 739 2041 inter
765 1986 970 2052 Usiam,
1002 1993 1059 2060 et
1077 1984 1284 2061 Jorarn,
1331 2000 1465 2054 quos
1495 1983 1833 2054 Evangelista
1862 1985 1964 2039 iste
1984 2004 2177 2038 τεσσα-

591 2075 872 2154 paenae...
921 2076 1420 2132 constituendarum
1467 2076 1637 2144 gratia
1690 2076 2108 2144 praetermiserat
2157 2094 2171 2130 :

593 2172 820 2240 reliqua,
853 2186 884 2224 a
908 2170 1198 2226 Salomone
1222 2169 1286 2222 ad
1327 2168 1589 2222 Adamum
1621 2181 1812 2235 usque,
1839 2182 1868 2218 a
1898 2167 2174 2220 codicibus

589 2261 748 2318 Lucae
779 2263 918 2331 haud
945 2264 1174 2316 variant.
1215 2259 1469 2314 Immanis
1501 2268 1646 2313 certe
1681 2259 1794 2311 haec
1825 2267 1908 2312 est
1935 2259 2170 2312 licentia.

592 2352 698 2410 Sed
734 2361 790 2408 et
827 2353 878 2407 in
921 2352 1064 2407 hunc
1102 2353 1318 2407 modum
1347 2351 1753 2418 nonnullosjatn
1782 2351 1907 2404 olim
1938 2351 1986 2403 in
2020 2358 2170 2403 textu
2218 2364 2222 2371 '

589 2446 911 2518 Evangelico
961 2454 1234 2516 grassatos
1290 2444 1454 2498 fuisse
1524 2451 1751 2496 testatur
1812 2441 2171 2513 Hieronymus

588 2534 747 2593 Praef.
778 2537 844 2592 ad
872 2535 1182 2591 Damasum.
1216 2533 1336 2600 Ille,
1364 2534 1562 2603 inquit,
1591 2534 1677 2602 qui
1712 2550 1869 2586 unum
1892 2550 1918 2586 e
1942 2543 2170 2602 quatuor

589 2629 811 2700 primum
849 2629 1074 2700 legerat,
1121 2612 1189 2679 ad
1232 2628 1342 2691 eius
1389 2609 1672 2694 exemplum
1713 2633 1922 2677 crateras
1969 2641 2167 2693 quoque

589 2719 895 2774 existimavit
937 2717 1302 2776 emendandos.
1343 2716 1522 2782 Luae,
1551 2731 1669 2783 cap.
1719 2731 1789 2778 Vl,
1835 2730 1975 2769 vers.
2006 2718 2062 2779 4,
2099 2716 2166 2770 ad

585 2810 812 2877 calcem,
845 2820 1023 2866 exstat
1068 2809 1175 2875 hic,
1205 2820 1262 2863 et
1292 2806 1344 2861 in
1377 2806 1561 2875 Steph.
1590 2803 1634 2878 β’
1664 2804 1888 2874 insignis
1915 2805 2166 2874 pericope

585 2903 653 2969 de
701 2903 918 2958 homine
946 2901 1329 2973 operante'die
1357 2897 1594 2960 sabbati,
1631 2913 1750 2966 qua:
1777 2896 2054 2965 desumpta
2085 2897 2164 2949 vi-

583 2996 741 3053 detur
767 3012 832 3050 ex
864 2995 1154 3063 Evangelio
1179 2990 1470 3047 secundum
1504 2989 1775 3043 Hehmos.
1804 2987 1995 3042 Nescio
2015 3002 2082 3041 an
2110 2995 2164 3040 et

580 3102 648 3141 ex
669 3084 941 3155 ejusmodi
969 3084 1199 3156 διηγήσει
1223 3083 1399 3152 aliqua
1428 3081 1728 3151 provenerit
1758 3079 1998 3146 traditio,
2041 3094 2162 3147 quae

582 3177 818 3234 occurrit
845 3176 897 3230 in
933 3176 1032 3228 hoc
1061 3175 1272 3235 codice,
1314 3187 1432 3239 cap.
1463 3184 1596 3224 χχιιι
1616 3210 1630 3234 ,
1666 3184 1807 3222 vers.
1838 3168 1929 3232 54,
1954 3169 2019 3222 de
2048 3184 2158 3221 ma-

2276 1981 2382 2036 Sed
2415 1998 2535 2035 cum
2568 2000 2727 2052 supra
2754 1986 2806 2038 in
2832 1986 3020 2040 Grtcco
3049 1987 3098 2040 in
3130 2002 3249 2056 cap.
3281 1989 3600 2058 prmcedenti
3629 1990 3699 2044 sit
3729 2006 3850 2060 per-

2275 2087 2440 2144 petuo
2473 2076 2683 2144 plurale
2724 2080 2948 2152 ἀργύρια
2977 2089 3032 2133 ct
3053 2120 3067 2144 ,
3111 2080 3253 2145 quod
3285 2079 3455 2150 magis
3480 2123 3494 2146 ,
3525 2083 3682 2151 paulo
3709 2083 3846 2137 infra

2275 2178 2324 2214 ν.
2358 2164 2454 2229 15,
2488 2165 2686 2219 milites
2719 2167 2993 2235 acetapisse
3023 2169 3271 2223 dicantur
3294 2171 3543 2246 ἀργύρια,
3578 2171 3714 2225 haud
3743 2175 3844 2226 mi-

2274 2267 2416 2316 rum,
2446 2254 2490 2306 si
2514 2255 2738 2308 studiosi
2766 2257 2874 2324 jam
2901 2258 3027 2311 olim
3054 2261 3104 2312 in
3129 2259 3370 2329 margine
3389 2263 3850 2339 [οοετίιιιᾶργύρια

2272 2343 2420 2399 ἱκανά
2443 2345 2544 2399 hoc
2573 2345 2729 2408 loco;
2761 2347 2900 2414 quod
2928 2363 3054 2401 mox
3079 2349 3410 2404 admiserunt
3435 2353 3622 2406 scriba:
3648 2355 3700 2406 in
3730 2362 3846 2408 tex-

2273 2445 2481 2488 tum.—
2504 2440 2639 2492 Μετά
2657 2447 2754 2494 τῶν
2770 2439 2992 2493 τιλωνῶν
3010 2440 3439 2530 ναξ-ἁμαρτωλῶν
3468 2445 3616 2500 ἐσθίει
3633 2483 3646 2506 ,
3676 2443 3840 2502 Marc.

2268 2540 2388 2595 cap.
2422 2542 2492 2589 ιι,
2526 2541 2670 2581 vers.
2707 2530 2795 2592 16,
2830 2539 3002 2591 recte;
3034 2540 3119 2592 et,
3151 2541 3206 2582 ut
3231 2530 3484 2594 arbitror,
3512 2533 3842 2601 respondent

2267 2619 2332 2673 ad
2357 2621 2668 2687 pratccdetts
2689 2621 2878 2682 ἰδὸντις
2897 2624 3043 2677 αὐτὸν
3063 2624 3382 2678 ἐσθίοντα.-
3404 2627 3494 2678 Καὶ
3514 2625 3560 2678 οἱ
3578 2633 3838 2700 φαρισαῖοι

2266 2711 2612 2786 ἐπηρώτησαν
2633 2716 2806 2780 αὐτὸν,
2835 2730 2954 2782 cap.
2993 2732 3041 2779 ιι,
3071 2731 3209 2770 vers.
3241 2716 3295 2770 2.
3316 2717 3691 2792 Προσελθὸντις,
3715 2727 3841 2772 ante

2267 2801 2314 2854 οἱ
2345 2811 2607 2878 φαρισαῖοι
2639 2806 2778 2871 quod
2823 2807 2873 2858 in
2903 2807 3105 2861 nostris
3141 2807 3250 2877 jam
3279 2809 3527 2863 omnibus
3551 2849 3566 2874 ,
3601 2807 3840 2863 Matthxi

2262 2905 2444 2948 est.—-
2465 2899 2556 2950 Kal
2585 2895 2800 2972 ἔρχεται
2830 2902 2901 2959 εἰς
2926 2899 3143 2971 Ἰερίχω,
3171 2915 3289 2969 cap.
3315 2917 3370 2966 κ,
3390 2916 3529 2956 vers.
3556 2901 3644 2957 46.
3677 2891 3749 2956 Ita
3783 2902 3839 2956 in

2263 2985 2519 3056 singulari
2552 2991 2714 3043 etiam
2739 2989 2928 3056 Lucos,
2956 2991 3115 3046 Marci
3147 2993 3397 3048 assiduus
3426 3002 3679 3048 sectator.
3712 2993 3841 3047 Plu-

2264 3080 2376 3134 rale
2407 3079 2686 3156 ἔρχονται,
2722 3082 2915 3136 factum
2951 3084 3163 3138 videtur
3181 3101 3247 3138 ex
3273 3085 3541 3139 Matthaeo.
3569 3112 3634 3125 —
3663 3082 3752 3138 ἐιν
3782 3084 3838 3140 δέ

2262 3171 2320 3223 τὸ
2346 3170 2542 3242 πάσχα
2562 3175 2693 3241 μετὰ
2712 3171 2805 3227 δύο
2827 3175 3034 3250 ἡμέρας,
3078 3189 3195 3240 cap.
3230 3189 3344 3238 11v,
3376 3189 3514 3226 vers.
3546 3174 3596 3226 1.
3636 3172 3711 3225 [ta
3740 3173 3839 3227 ha-

581 3268 860 3340 gnitudine
905 3265 1101 3336 lapidis
1169 3262 1403 3318 revoluti
1454 3260 1520 3314 ad
1570 3260 1765 3313 ostium
1819 3259 2150 3312 monumenti

2262 3259 2384 3312 bent
2415 3260 2607 3314 Italica
2647 3271 2700 3315 et
2749 3263 2947 3316 Saxon.
2992 3292 3062 3303 —
3091 3251 3158 3318 Οἷ
3187 3264 3469 3340 ἁμαρτωλοὶ
3511 3263 3837 3339 ἁμαρτωλοῖς

572 3361 704 3417 Jesu
729 3376 743 3426 ;
771 3358 1032 3430 ejusmodi
1057 3354 1177 3411 cum
1212 3356 1570 3422 luisse,quem
1595 3349 1743 3424 μόγις
1764 3348 1921 3405 εἴκοσι
1946 3350 2153 3404 ὶκύλιον.

582 3451 638 3505 In
695 3452 834 3504 Actis
890 3447 1257 3519 Apostolorum
1317 3443 1685 3516 (Evangelium
1744 3441 1887 3495 enim
1938 3438 2158 3493 Joannis

581 3543 838 3596 mittimus
859 3579 873 3606 ,
904 3541 1101 3609 quippe
1135 3539 1288 3605 cujus
1321 3536 1606 3589 varietates
1646 3543 1768 3586 sunt
1799 3531 1973 3584 minus
2006 3538 2158 3583 nota-

575 3632 732 3702 biles)
767 3641 942 3686 textus
983 3635 1152 3686 scatet
1190 3627 1416 3682 invectis
1447 3624 1660 3679 aliunde
1689 3621 1948 3688 scholiis,
1983 3631 2033 3675 et
2059 3642 2155 3675 πι-

579 3732 790 3804 ριοχαῑς
819 3721 1219 3793 prolixioribus,
1250 3719 1446 3788 quibus
1474 3716 1748 3772 historiam
1788 3713 2152 3782 Apostolicam

571 3803 1182 3889 ittsigttitpradauctatn
1227 3822 1279 3866 et
1308 3811 1629 3864 illustratam
1655 3809 1874 3860 voluere
1911 3806 2151 3872 interpo-

574 3909 799 3963 latores.
843 3905 920 3960 Ex
952 3907 1034 3958 his
1064 3904 1237 3971 aliqua
1268 3909 1481 3956 exstant
1504 3900 1570 3951 ad
1605 3897 1836 3950 frontem
1863 3895 2150 3948 lectionum

573 3998 1078 4056 Ecclesiasticarum
1100 3993 1314 4066 (harum
1342 3993 1482 4046 enim
1501 3987 1748 4051 initialia,
1778 3987 1987 4040 diversa
2021 3983 2153 4037 sub-

535 4142 538 4145 .
571 4092 695 4148 inde
724 4093 790 4147 ab
826 4091 928 4156 iis,
983 4105 1101 4160 qua:
1153 4086 1369 4141 exhibet
1398 4081 1816 4157 Πραξαπὸστολος
1838 4121 1851 4144 ,
1884 4077 2153 4133 nonnullis

574 4185 626 4240 in
672 4185 804 4239 locis
851 4185 902 4237 in
951 4182 1094 4236 hunc
1130 4181 1368 4235 codicem
1413 4177 1695 4246 irrepsisse
1736 4171 1962 4244 videas).
2009 4172 2150 4227 Alibi

571 4277 732 4330 etiam
776 4271 1185 4344 q'uamplurimis
1219 4268 1596 4336 ampliﬁcatam
1637 4267 1837 4320 dedere
1870 4267 2007 4318 hanc
2038 4264 2152 4316 his-

574 4369 798 4432 toriam,
835 4366 1062 4435 adjectis
1097 4360 1546 4425 circumstantiis,
1578 4369 1798 4428 excepta
1827 4373 1948 4424 una,
1979 4367 2035 4411 et
2066 4358 2148 4409 al-

571 4466 710 4522 tera,
734 4455 872 4508 haud
896 4455 948 4508 in
969 4454 1205 4517 idoneis;
1224 4454 1271 4507 si
1296 4452 1542 4506 idoneum
1559 4451 1846 4520 quidquam
1873 4449 2149 4518 dicﬁpote—

2262 3351 2599 3417 δανείζουσιν,
2630 3355 2714 3408 ἶνα
2744 3356 3070 3421 ἀπολάϐωσι,
3112 3370 3232 3423 cap.
3278 3370 3359 3422 \‘l,
3397 3370 3536 3410 vers.
3568 3353 3655 3410 54.
3687 3353 3839 3411 Ἀπο-

2260 3443 2459 3500 tatem.
2491 3444 2833 3510 simpliciter,
2867 3456 2922 3498 ut
2962 3447 3016 3500 in
3048 3448 3211 3515 priori
3245 3457 3392 3516 parte
3429 3449 3728 3501 commatis.
3761 3478 3834 3488 —

2262 3534 2382 3591 ’Υπὸ
2408 3539 2557 3591 ἐθνῶν
2585 3535 2743 3612 ἄχρις
2770 3535 2830 3593 οὗ
2875 3539 3223 3614 πληρωθῶσιν,
3251 3553 3368 3607 cap.
3403 3554 3489 3593 nl
3509 3579 3525 3605 ,
3554 3552 3694 3594 vers.
3724 3540 3831 3606 24,

2261 3639 2447 3698 gentes
2468 3684 2471 3687 ,
2493 3629 2733 3698 scilicet,
2778 3633 3125 3687 conformiter
3155 3634 3215 3687 Ι).
3249 3633 3417 3688 Paulo
3440 3674 3454 3699 ,
3486 3633 3623 3703 apud
3665 3649 3831 3704 quem

2259 3726 2497 3777 oecurrit
2517 3725 2655 3778 haud
2676 3727 2845 3779 semel
2873 3728 3122 3802 πλήρωμα
3139 3734 3240 3781 τῶν
3264 3728 3426 3782 ἐθνῶν.
3443 3754 3494 3764 -
3518 3724 3669 3787 Οὖτις
3689 3728 3833 3781 ἐστὶν

2253 3813 2279 3866 ὁ
2308 3819 2588 3887 προφήτης,
2618 3815 2813 3868 Joann.
2841 3831 2959 3883 cap.
2990 3832 3069 3877 vt,
3094 3831 3238 3870 vers.
3265 3815 3350 3870 M.
3373 3815 3620 3872 -ὀπου
3645 3816 3834 3890 ἔφαγον

2253 3905 2340 3958 τὸν
2369 3901 2522 3978 ἄρτον
2544 3945 2556 3966 ,
2592 3919 2710 3971 cap.
2742 3921 2788 3957 Vl
2808 3946 2822 3970 ,
2871 3922 3011 3958 vers.
3043 3905 3143 3969 23;
3173 3923 3295 3962 mox
3315 3950 3332 3974 ,
3362 3911 3829 3985 εὐχαριστήσαντος

2256 3999 2347 4047 τοῦ
2374 3998 2580 4067 Κυρίου.
2630 3991 2832 4048 Verum
2882 3995 3062 4048 missis
3113 3995 3250 4062 istis,
3298 3997 3362 4051 ad
3405 4000 3605 4054 codicis
3634 3999 3829 4053 Latina

2254 4099 2625 4153 properemus.
2670 4085 2763 4138 llla
2811 4100 2941 4140 vero
2990 4087 3140 4155 (qum
3191 4087 3256 4140 ad
3307 4087 3502 4142 Italica:
3552 4089 3828 4143 versionis

2253 4176 2533 4243 exemplar
2578 4175 2795 4245 aliquod
2845 4175 3112 4244 descripta
3161 4175 3429 4248 diximus)
3459 4181 3577 4230 cum
3621 4178 3674 4230 in
3707 4179 3827 4246 ple-

2252 4268 2433 4338 risque
2481 4278 2732 4324 accurate
2780 4268 2845 4324 ad
2882 4278 3084 4323 textum
3115 4267 3361 4322 Graecum
3406 4266 3830 4322 accommodarit

2254 4359 2497 4427 Digestor
2526 4359 2736 4428 Operis,
2771 4370 2982 4414 retento
3006 4359 3194 4414 eodem
3221 4359 3505 4414 verborum
3531 4369 3823 4427 quantum—

2249 4464 2479 4518 cumque
2512 4451 2981 4519 transpositorum,
3013 4450 3225 4512 ordine,
3251 4458 3312 4504 et
3332 4448 3544 4521 quidem
3573 4447 3717 4503 vitiis
3741 4450 3826 4519 ip-

572 4550 677 4614 rit,
718 4544 1198 4618 quodjbujusmodi
1231 4552 1578 4598 temeratores
1608 4545 1659 4594 in
1691 4558 1900 4596 sacrum
1941 4552 2144 4596 textum
2172 4556 2222 4612 ῃ
2248 4541 2322 4592 sis
2349 4542 2432 4591 sui
2462 4540 2694 4603 codicis;
2726 4541 2817 4595 ubi
2861 4542 3003 4596 enim
3044 4542 3303 4597 deficiunt
3338 4541 3522 4598 Grarca
3549 4539 3720 4611 (quod
3748 4541 3823 4594 ob

575 4641 897 4699 intruserint
924 4641 990 4694 de
1020 4652 1141 4692 suo.

641 4733 844 4789 Verum
894 4741 1182 4798 utcumque
1211 4727 1345 4782 mire
1389 4723 1712 4793 interpolata
1758 4721 1866 4775 sint
1895 4721 2139 4788 hujusce

565 4823 769 4882 codicis
795 4821 1013 4887 Graeca;
1042 4835 1163 4876 cum
1197 4828 1373 4874 tamen
1416 4819 1466 4870 in
1511 4815 1695 4869 multis
1732 4813 2000 4867 retineant
2039 4826 2137 4880 pu-

2249 4631 2643 4700 ὁμοιοτέλευτον,
2671 4635 2970 4702 scribaeque
2993 4636 3254 4690 incuriam
3285 4636 3582 4690 innumeris
3605 4637 3658 4689 in
3685 4635 3820 4690 locis

2249 4721 2492 4791 accidit),
2517 4723 2772 4777 deliciunt
2803 4736 2858 4778 et
2886 4724 3072 4779 Latina
3100 4768 3115 4792 ,
3146 4743 3253 4780 non
3284 4729 3400 4781 sine
3440 4730 3610 4781 omnis
3639 4743 3820 4794 quan-

2244 4813 2423 4883 doque
2463 4828 2653 4868 seusus
2699 4815 3022 4884 dispendio;
3073 4826 3181 4888 tum
3227 4829 3374 4874 certe
3403 4835 3466 4875 ex
3497 4820 3659 4876 variis
3690 4820 3817 4874 hinc

571 4918 784 4973 ritatem
818 4916 1216 4984 primmvorutn,
1246 4911 1387 4967 unde
1415 4910 1639 4966 deducta
1672 4916 1796 4963 sunt
1816 4949 1828 4972 ,
1865 4905 2092 4960 fontium
2119 4948 2134 4971 ,
2205 4951 2208 4953 .
2244 4905 2394 4958 illinc
2425 4921 2450 4957 τι
2479 4905 2666 4961 Graeco
2694 4909 3013 4964 abeuntibus
3041 4911 3547 4983 liquet,versionem
3574 4913 3712 4968 hanc
3731 4914 3819 4967 di-

569 5012 781 5081 capiam
827 5016 974 5064 certe
1021 5007 1160 5061 baud
1207 5006 1452 5075 exiguam
1498 5003 1755 5058 exhibent
1781 5000 2160 5070 genuinarum-
2241 4995 2385 5052 versi
2414 4999 2482 5052 ab
2523 4999 2625 5052 hoc
2673 5011 2858 5054 nostro
2890 5009 3066 5055 textus
3114 5002 3189 5072 (a)
3219 5003 3416 5067 fuisse,
3449 5004 3620 5075 iisque
3649 5019 3817 5074 porro

569 5105 898 5163 lectionum,
941 5113 973 5153 a
1018 5097 1247 5168 receptis
1275 5096 1549 5151 hodiernis
1581 5090 2022 5162 discrepantium.
2061 5091 2164 5144 Dc‘
2242 5105 2348 5145 non
2388 5107 2494 5145 uno
2537 5092 2654 5147 loco
2684 5093 2880 5161 glossis
2929 5102 2986 5147 et
3025 5095 3448 5163 expositionibus
3494 5096 3811 5151 Latinorum

644 5217 718 5290 (a)
760 5216 897 5271 Ecce
918 5216 1176 5290 lectiones
1205 5210 1478 5290 dist_:rs:is'2
1524 5210 1687 5290 priori
1741 5209 1860 5263 loco
1905 5207 2128 5290 positas,

568 5277 824 5347 lectiones
848 5287 1047 5342 codicis
1077 5281 1504 5350 Cantabrigiensia
1525 5277 1802 5350 designant
1827 5297 1840 5344 ;
1868 5277 2130 5346 posterio-

570 5362 638 5424 ri,
671 5361 929 5414 lectiones
957 5355 1157 5412 codicis
1178 5349 1359 5424 grzcci,
1401 5366 1464 5424 ex
1492 5367 1594 5416 quo
1622 5349 1874 5424 expressa
1906 5357 2020 5402 erat
2057 5349 2132 5424 la-

570 5419 676 5485 tina
706 5430 882 5483 versio
929 5419 1351 5492 Cantabrigiensi
1395 5422 1640 5492 obversa.
1686 5420 2020 5484 Ἐλπίζουσιν,
2050 5419 2130 5471 ἰλ-

569 5508 794 5563 πιοῦσιν,
825 5501 1008 5555 Matth.
1042 5511 1137 5557 xit,
1166 5490 1228 5548 il
1250 5509 1264 5557 ;
1290 5492 1465 5564 ἐλᾴλει,
1493 5490 1640 5564 λαλῶ,
1661 5507 1793 5564 ιιιιι,⁸
1809 5492 1908 5555 -15;
1960 5510 2128 5564 προσ-

570 5575 709 5648 έχειν
732 5610 745 5634 ,
784 5560 1084 5648 ’προσᾶῃχιτι
1104 5608 1118 5628 ,
1163 5581 1273 5648 μιν),
1312 5563 1416 5647 12:.
1439 5561 1552 5631 ἐμὸν
1577 5569 1745 5648 ﬁco-ro
1773 5561 1969 5648 δοῇνοιι,
2001 5560 2127 5648 ’ἕμρν

568 5630 761 5706 deﬂuat,
791 5630 882 5704 Si,
1028 5667 1098 5679 --
1121 5637 1309 5710 Δέῤῥιν,
1337 5630 1549 5710 τριχίας.
1577 5630 1736 5710 hlaro,
1770 5647 1807 5696 1,
1833 5634 1985 5710 (Silv
2005 5633 2088 5710 σοὶ
2106 5668 2119 5688 .

569 5711 696 5784 ἕνῷ.
728 5702 767 5772 1,
795 5712 851 5766 Η
871 5702 894 5774 ξ
939 5702 1338 5784 εἰσεπορεῦονξο,
1371 5702 1770 5784 ιίονπορεὺοντᾳι,
1805 5719 1837 5764 1,
1868 5702 1931 5754 91
1962 5717 1974 5765 ;
2007 5702 2138 5784 ἔξει--

604 5771 766 5844 ωέῶν,
797 5771 1124 5860 παροοιαλῶν,’
1149 5794 1186 5837 1.
1227 5776 1323 5840 4ος
1347 5771 1605 5899 arefacta“.
1638 5776 1865 5843 στὰχυη,
1913 5788 1986 5834 Iv,
2017 5771 2121 5834 38;
2149 5817 2167 5838 ,

604 5852 867 5899 meum-
920 5851 1250 5899 ϐοσκομένων.
1297 5862 1356 5899 γ.
1387 5846 1437 5899 Α
1493 5859 1508 5899 ζ
1551 5843 1764 5899 ἐθεώρει.
1807 5844 2001 5899 θεωρεῖ.
2047 5856 2080 5895 ν
2108 5880 2123 5899 ο

604 5804 766 5844 ωτων,
797 5803 1115 5860 παρακαλων,
1149 5803 1186 5837 Ι.
1227 5803 1323 5840 W,
1347 5803 1605 5899 σταῇυυιξ,
1638 5803 1865 5859 οταιυη,
1915 5803 1986 5834 n,
2021 5803 2121 5834 -υ,

567 5803 868 5933 βοσκομένη,
917 5851 1250 5927 βοσκομένων,
1297 5862 1356 5918 v,
1387 5846 1437 5920 (1
1493 5859 1508 5910 ;
1551 5843 1764 5921 ιθεωριι,
1807 5844 2001 5917 θεωρεῖ,
2047 5856 2080 5895 ν
2108 5880 2123 5906 ,

2236 5205 2335 5267 38;
2360 5213 2629 5286 Ξοιοιῦτα,-
2650 5217 2837 5286 ταῦτοι,
2895 5209 3066 5274 ν1,12;
3090 5213 3408 5286 κατέγνωσαν
3429 5251 3445 5276 ,
3469 5212 3766 5286 Ῠὶμὲμψαντο
3784 5251 3802 5279 ,

2237 5291 2329 5358 γε),
2360 5278 2395 5328 2
2414 5279 2654 5358 χὰγοιπᾷ,
2681 5284 2825 5348 τιμᾷ.
2861 5293 2958 5358 till,
2988 5287 3054 5344 li;
3089 5278 3685 5358 καθαριζιιηκαθαρῖζον,
3709 5299 3802 5358 vlt,

2235 5348 2335 5435 19h;
2365 5348 2618 5435 φοίνισσα,
2675 5351 3061 5435 συροφοίνισσα,
3089 5366 3184 5412 VII,
3214 5348 3318 5435 26
3369 5348 3671 5435 ingenua,
3713 5355 3808 5435 5:;—

2231 5423 2388 5489 γιζεν,
2426 5420 2555 5498 ιι,“1
2580 5420 2853 5498 λιι-μάγῳ.
2881 5422 3114 5495 προάγει,
3147 5437 3256 5488 xw,
3281 5421 3311 5473 7
3331 5438 3346 5482 ;
3370 5420 3630 5498 ,τιςρῶτοιςεν
3654 5420 3805 5498 πρῶ·

2231 5509 2338 5561 ξτον,
2370 5503 2479 5561 xvt,
2509 5489 2569 5550 9;
2598 5489 2967 5561 ἐπικεφάλαιον,
2997 5489 3197 5552 κῆνσον,
3234 5507 3326 5553 XII,
3365 5489 3462 5558 14’;
3493 5489 3754 5554 diuidiae:
3778 5535 3795 5554 .

2230 5559 2582 5650 ἒχκατάἒστις,
2625 5559 2870 5650 Ima—5.4;
2913 5566 3082 5638 τρίτη.
3113 5563 3250 5650 ίζξη,
3283 5577 3370 5650 δν,
3405 5564 3592 5650 53..-
3615 5576 3805 5650 ῐξοσκοτ

2227 5631 2390 5698 μένη,⁴’
2413 5630 2754 5756 βοσκῗιὲίων,
2793 5630 2922 5684 Luc.
2945 5630 2955 5638 ’
2980 5648 3091 5698 vllt,
3125 5633 3220 5698 5‘3;
3252 5635 3321 5694 εἰς
3343 5632 3573 5695 ἕαντούς.
3601 5637 3672 5696 εἰς
3704 5635 3800 5688 αὖα

2230 5700 2342 5756 τόν.
2373 5715 2485 5756 IIII
2505 5742 2518 5756 .
2589 5703 2649 5756 5:
2681 5703 2843 5756 οὐκέτι
2881 5705 3135 5756 θεωρεῖτε.
3164 5707 3233 5756 Οὐ
3260 5706 3514 5756 θεωρεῖτε.
3541 5734 3610 5744 —-
3639 5707 3795 5756 .loatt.

2230 5700 2342 5762 τόν.
2373 5700 2485 5781 fit!
2505 5742 2518 5760 .
2549 5700 2649 5781 55;
2681 5703 2843 5781 οργἐτι
2881 5705 3135 5781 θεωρεῖτε,
3164 5707 3233 5758 Οὐ
3260 5706 3514 5781 θεωρεῖτε.
3541 5734 3610 5744 —-
3639 5707 3795 5781 Joau.

2231 5785 2344 5848 ξιιι,
2385 5771 2482 5834 lo;
2511 5780 2681 5848 τρίτη,
2707 5775 2843 5848 ἕκτη,
2875 5771 3112 5848 milia;
3143 5781 3226 5830 καὶ
3254 5771 3804 5848 οὐχ’ἐπίστινσινεηέ

2232 5840 2552 5910 ἐπίστευσαν,
2581 5859 2680 5912 xx,
2712 5843 3122 5916 8.-Εἱσῆλθσν,
3165 5847 3402 5915 ciuilem,
3429 5850 3546 5905 Act.
3569 5861 3610 5917 ι,
3644 5847 3737 5910 15;
3763 5840 3801 5900 ὃ
