3936 6450
190 333 296 388 875

1285 316 1311 339 '
1345 332 1684 391 EPISTULA
1723 332 2072 389 THEODORI
2109 332 2324 389 nam.

3350 336 3458 394 δη

192 446 571 518 interpolatam
600 459 741 515 esse,
770 447 964 517 quibus
984 448 1216 506 obversa
1243 449 1430 508 Graeca
1460 451 1772 522 neutiquam
1801 457 1856 516 Α
1878 449 1993 506 Lat.
2024 451 2450 516 descendentem,
2480 464 2599 522 cap.
2636 467 2724 518 ιιι,
2754 466 2898 508 vers.
2933 453 3038 520 l6;
3083 469 3135 510 xi
3154 496 3168 521 ,
3201 454 3307 523 23,
3344 456 3415 509 24
3436 497 3452 524 ,

192 537 551 610 respondent.
576 538 679 594 Ex.
711 554 795 610 gr.
828 555 1079 611 quasnam
1108 551 1190 596 est
1215 543 1626 612 signiﬁcationis
1648 542 1768 598 alli-

196 633 336 688 nitas
366 632 510 686 inter
540 632 664 697 ista,
696 632 925 699 musas,
949 633 1240 687 sideratos?
1265 633 1389 689 Mat.
1423 649 1472 690 c.
1501 636 1591 700 'xv,
1623 649 1767 689 vers.

192 724 286 782 50.
318 724 522 789 sumi,
575 723 628 777 in
687 737 889 793 genere
948 723 1184 777 membris
1231 725 1455 791 debiles,
1507 726 1770 793 mutilati,

195 817 384 871 manci.
411 814 608 870 Lector
634 813 924 884 quispiam,
956 814 1080 883 qui,
1111 815 1296 871 nescio
1323 829 1430 885 qua
1469 813 1538 870 de
1572 829 1731 870 causa
1751 855 1769 882 ,

193 907 406 969 mnos;
443 905 533 960 hic
560 904 696 970 loci,
729 918 829 974 pro
865 904 978 960 illis
1013 905 1232 972 habuit,
1277 906 1472 974 quibus
1515 906 1772 961 debilitas

193 998 313 1054 haec
339 1013 404 1054 ex
451 996 787 1053 sideratione
834 998 1164 1068 contigerat,
1205 999 1458 1067 exposuit
1502 999 1770 1053 sideratos.

93 1154 96 1158 _
193 1088 446 1158 Ejusdem
488 1087 703 1159 generis
742 1095 871 1144 sunt
907 1089 1198 1155 ταλάντων,
1241 1090 1612 1156 denariorum,
1648 1105 1768 1160 cap.

189 1196 342 1247 xvm,
363 1195 508 1237 vers.
530 1179 622 1247 24;
645 1181 888 1254 νόμισμα,
911 1181 1199 1246 denarium,
1215 1195 1336 1252 cap.
1362 1197 1493 1250 κω,
1510 1198 1654 1238 vers.
1674 1182 1769 1248 l9;

191 1276 558 1347 παρασκευήν,
609 1287 802 1325 caenam
833 1287 1018 1339 puram
1040 1313 1055 1338 ,
1099 1287 1219 1341 cap.
1260 1289 1410 1327 xxvn
1431 1315 1446 1338 ,
1477 1288 1622 1329 vers.
1654 1273 1724 1329 62
1757 1292 1768 1327 :

189 1363 267 1419 ita
292 1365 434 1420 enim
460 1364 574 1432 jam
599 1363 732 1419 olim
758 1363 902 1419 dicta
931 1372 1014 1419 est
1041 1363 1358 1419 Parasceve.
1389 1365 1598 1420 Glossae
1622 1374 1740 1421 vete
1757 1395 1772 1407 -

187 1470 283 1511 res
307 1497 322 1521 ,
365 1471 506 1510 caena
534 1471 665 1524 pura
688 1496 703 1521 ,
729 1460 1058 1533 παρασκευή.
1101 1455 1351 1511 Occurrit
1389 1459 1605 1527 phrasis
1631 1460 1773 1528 apud

184 1543 581 1602 Tertullianum
603 1586 619 1612 ,
653 1544 750 1601 lib.
801 1561 837 1600 v
879 1545 1140 1602 adversus
1183 1546 1443 1604 Marcion.
1473 1589 1488 1615 ,
1517 1563 1570 1604 c.
1601 1551 1636 1606 4
1660 1591 1674 1616 ,
1717 1559 1776 1606 et

183 1625 524 1709 Augustinus
559 1639 614 1694 in
636 1637 796 1694 Joan.
825 1647 976 1694 notat
1001 1680 1017 1706 ,
1050 1639 1368 1697 Parasceven
1397 1657 1428 1696 a
1461 1642 1664 1698 Judteis
1689 1645 1773 1700 sui

184 1729 453 1800 temporis
480 1730 731 1786 usitatius
753 1729 953 1786 dictam
991 1729 1160 1787 fuisse
1199 1748 1391 1786 ccenam
1419 1749 1621 1804 puram.
1663 1733 1773 1790 Cur

183 1833 367 1880 autem
391 1839 536 1880 cana
565 1823 682 1879 haec
703 1839 836 1894 pura
861 1823 1158 1892 diceretur,
1187 1823 1453 1879 rationem
1482 1825 1621 1880 hanc
1643 1826 1768 1881 red-
1799 1821 1849 1881 B

181 1917 272 1973 dit
297 1916 642 1973 doctissimus
665 1913 954 1986 Dufresne.
985 1913 1063 1986 (α)
1100 1928 1209 1970 non
1237 1915 1381 1984 quod
1410 1925 1620 1972 careret
1648 1932 1767 1972 car-

181 2008 370 2073 nibus,
400 2007 498 2062 sed
525 2005 670 2078 quod
695 2005 975 2076 religionis
1002 2014 1058 2060 et
1079 2004 1215 2061 dicis
1243 2020 1404 2062 causa
1425 2006 1603 2063 ﬂeret.
1630 2006 1764 2063 Nam

178 2108 242 2155 et
291 2098 592 2172 Parasceme
631 2097 870 2155 Iudaica:
919 2099 1158 2175 habuere
1203 2112 1430 2167 carnes,
1473 2108 1530 2156 et
1569 2099 1768 2158 nihilo-

177 2191 368 2248 minus
396 2191 646 2248 dicuntur
665 2208 821 2248 ciente
840 2208 1004 2264 parte,
1037 2192 1180 2263 quod
1210 2193 1346 2250 dicis
1381 2208 1539 2250 causa
1570 2209 1767 2266 coque-

177 2287 402 2352 bantur,
423 2293 832 2357 coquunturque
854 2285 1013 2342 hodie
1038 2300 1137 2356 pro
1156 2286 1399 2355 sabbato,
1420 2288 1544 2357 quia
1571 2289 1625 2342 in
1641 2289 1768 2344 sab-

176 2380 313 2434 bato
339 2379 495 2450 coqui
532 2395 640 2435 non
672 2379 853 2434 liceat.
896 2378 1023 2434 Haec
1054 2379 1166 2434 ille.
1195 2380 1467 2451 Νόμισμα,
1497 2380 1720 2451 ﬁguram
1745 2423 1760 2448 ,

176 2473 318 2530 Luc.
347 2487 465 2543 cap.
498 2489 590 2538 xx,
620 2486 760 2527 vers.
786 2470 879 2526 24.

260 2562 503 2619 Vidimus
536 2563 645 2633 jam
696 2562 874 2632 qualia
906 2561 1108 2617 fuerint
1144 2562 1330 2619 Graeca
1354 2603 1370 2629 ,
1415 2565 1595 2635 qualia
1632 2565 1762 2620 item

175 2654 380 2710 Latina
407 2652 634 2724 hujusce
658 2651 882 2709 codicis.
927 2653 1005 2708 De
1034 2652 1238 2709 Graecis
1262 2669 1429 2710 unum
1459 2654 1590 2710 illud
1620 2656 1760 2712 ultra

175 2748 481 2818 quaeritur,
508 2760 577 2801 an
625 2744 800 2815 aliqua
851 2757 916 2799 cx
963 2745 1118 2813 parte
1158 2745 1416 2815 castigata
1449 2745 1652 2801 fuerint
1690 2745 1760 2802 ad

175 2838 434 2895 Latinum
457 2835 764 2907 exemplar?
794 2835 875 2890 Ea
901 2837 1043 2892 enim
1073 2844 1194 2891 erat
1214 2835 1281 2892 de
1305 2837 1458 2893 libris
1481 2837 1642 2908 hujus
1661 2853 1758 2908 ge-

175 2933 330 2987 neris
357 2929 694 2987 eruditorum
720 2927 1075 3000 quorumdam
1125 2938 1322 2984 nostrae
1364 2937 1419 2985 et
1458 2929 1760 3000 superioris

174 3024 380 3092 aetatis,
415 3022 615 3079 diserta
644 3020 931 3078 sententia.
962 3021 1168 3093 Nempe
1207 3035 1330 3077 cum
1370 3021 1600 3078 miriﬁce
1627 3036 1760 3079 con-

174 3114 454 3171 senserint
497 3114 599 3169 ista
641 3128 763 3170 cum
809 3113 1058 3180 Latinis,
1105 3122 1294 3169 contra
1350 3129 1512 3184 quam
1561 3114 1758 3186 reliqui

173 3206 407 3265 Graecia:
439 3206 596 3273 libri,
633 3205 777 3276 iique
804 3205 1027 3276 optimi,
1070 3206 1227 3262 facile
1267 3206 1401 3275 ipsis
1433 3221 1754 3277 persuasum

173 3311 327 3368 erat,
349 3315 410 3356 ea
434 3300 522 3357 vel
552 3315 660 3355 non
684 3299 904 3355 omnino
941 3299 1108 3355 fuisse
1145 3298 1347 3354 Graecae
1372 3299 1624 3369 originis,
1658 3301 1755 3356 sed

172 3400 315 3459 tota,
344 3400 541 3462 quanta
568 3400 787 3461 quanta,
819 3391 1061 3447 traducta
1084 3391 1152 3446 de
1173 3391 1412 3458 Latinis,
1444 3392 1530 3447 vel
1560 3392 1752 3447 saltem

170 3483 444 3538 remnsita
475 3491 531 3538 et
567 3483 850 3537 emendata
880 3481 1036 3538 fuiss'
1075 3485 1241 3538 variis
1263 3485 1346 3538 sui
1378 3484 1620 3553 partibus
1640 3525 1654 3551 ,
1684 3485 1751 3539 ad

169 3572 423 3629 Latinam
449 3572 776 3629 versionem.
805 3573 898 3629 Sic
924 3574 993 3630 de
1018 3568 1150 3645 ipsis
1189 3573 1539 3644 pronuntiant
1586 3574 1749 3630 Eras-

170 3682 315 3732 mus,
344 3663 511 3720 Lucas
534 3665 808 3738 Brugensis
827 3706 843 3733 ,
883 3658 1052 3721 Estiu‘
1078 3706 1093 3732 ,
1127 3666 1362 3734 Grotius,
1395 3668 1511 3722 alii.
1543 3668 1621 3724 De
1649 3669 1749 3726 hac

169 3772 236 3813 re
254 3757 366 3826 jam
392 3757 464 3812 ita
491 3755 724 3812 videtur.
756 3758 1037 3828 Exscripta
1059 3740 1220 3825 erant
1245 3759 1386 3829 apud
1414 3759 1656 3826 Latinos,
1682 3775 1749 3817 ex

167 3847 436 3904 librorum
466 3848 533 3904 ad
561 3864 698 3920 quos
734 3849 979 3906 confecta
1007 3860 1125 3911 erat
1163 3852 1295 3907 Itala
1319 3853 1500 3908 versio
1526 3867 1752 3924 apogra-

167 3940 330 4012 phis,
363 3941 509 3995 varia
549 3939 736 3997 Grznca
765 3942 1090 4012 exemplaria
1117 3984 1132 4008 ,
1175 3959 1242 3999 ex
1269 3943 1568 4014 ignorantia
1599 3944 1749 4000 Scri-

165 4036 387 4099 barum,
412 4032 820 4104 doctiorumque
837 4049 868 4089 e
884 4033 1090 4090 Latinis
1106 4035 1459 4106 quorumdam
1484 4039 1750 4112 περιεργίᾳ

167 4123 302 4197 (qui
329 4132 568 4181 mutuata
601 4140 633 4182 e
657 4124 968 4182 Grrecorum
998 4125 1154 4180 libris
1179 4126 1386 4180 scholia
1412 4167 1427 4193 ,
1453 4127 1506 4180 in
1533 4127 1750 4181 codices

163 4233 236 4273 ex
269 4217 386 4274 suis
413 4217 715 4286 descriptos
738 4217 1024 4273 inserenda
1058 4216 1321 4272 curabant
1353 4217 1591 4287 graviter
1619 4217 1746 4273 lassa

163 4322 227 4367 et
271 4308 632 4382 interpolata).
675 4309 796 4364 Istis
818 4325 942 4363 mox
966 4308 1324 4376 adaptabatur
1361 4323 1392 4362 a
1423 4309 1745 4379 quibusdam

160 4402 365 4459 Latina
388 4403 586 4458 versio.
615 4401 695 4455 Ex
717 4401 816 4454 hac
839 4409 1017 4455 autem
1032 4399 1389 4456 consensione
1413 4401 1611 4456 factum
1641 4410 1746 4470 est,

161 4504 229 4549 ut
260 4493 474 4547 indocta
501 4506 690 4545 manus
732 4491 956 4559 paucula
995 4491 1082 4546 hic
1112 4491 1238 4547 inde
1277 4492 1332 4546 in
1367 4500 1516 4547 textu
1554 4493 1744 4549 Graeco

1871 556 1993 597 cum
2028 552 2174 598 esset
2196 543 2249 597 in
2279 543 2396 598 Lat.
2422 558 2574 613 quam
2600 544 2740 598 vobis
2761 585 2775 610 ,
2807 554 2861 599 ct
2889 560 3019 600 vero
3035 545 3282 602 Graecum
3313 556 3459 602 esset

1872 634 2076 706 ἧύμῑν,
2130 642 2190 689 ut
2232 634 2427 689 Latino
2472 635 2846 706 responderet.
2895 636 2987 693 Sic
3037 653 3158 708 cap.
3212 638 3456 709 ejusdem

1871 740 2014 780 vers.
2039 726 2130 790 28,
2151 725 2352 780 factum
2381 735 2464 781 cst
2489 729 2678 789 πάντες
2705 726 2752 783 οἳ
2777 736 3048 791 κοπιῶντες
3076 733 3156 786 καὶ
3176 751 3453 806 πεφορτισ-

1870 818 2010 886 μένοι
2035 818 2170 883 ἔστί,
2199 817 2269 872 ob
2286 817 2406 872 Lat.
2425 834 2601 873 omnes
2628 819 2718 890 qui
2742 819 3066 885 laboratis,et
3096 822 3293 876 onerati
3314 823 3456 874 estis.

1871 903 2004 973 Cap.
2033 921 2132 970 xv,
2163 921 2307 963 vers.
2333 909 2407 963 .H
2430 949 2448 976 ,
2476 909 2580 976 20,
2612 910 2682 965 ob
2712 909 2898 966 Latina
2928 910 3167 966 obsoleta
3201 911 3332 983 (sed
3365 925 3456 980 ge.

1873 994 2035 1050 nuina
2077 996 2397 1069 interpretis
2438 999 2686 1072 Vulgati)
2746 1003 3125 1069 communicat,
3172 1002 3459 1056 comnotni-

1874 1097 1991 1141 cant
2015 1128 2031 1154 ,
2065 1089 2102 1143 i.
2141 1104 2217 1156 e.,
2249 1090 2469 1160 polluit,
2501 1091 2782 1161 polluunt,
2815 1109 2910 1163 pri.
2955 1103 3126 1159 τοινοῑ,
3159 1102 3414 1150 κοινοῦντα
3441 1137 3455 1157 .

1873 1179 2114 1249 reposuit
2144 1179 2382 1236 absurde
2427 1180 2674 1249 κοινῶνεῖ,
2707 1191 3070 1251 sensisses-ra;
3122 1184 3197 1238 uti
3237 1196 3292 1238 et
3333 1185 3455 1241 Acs.

1873 1285 1992 1340 cap.
2016 1287 2104 1325 XXI
2125 1311 2140 1337 ,
2175 1287 2318 1326 vers.
2348 1272 2441 1337 ΞΒ,
2474 1273 2763 1333 ἐκοινώνησε
2805 1276 2890 1330 τὸν
2920 1275 3061 1348 ἅγιον
3085 1275 3237 1330 τόπον
3254 1281 3454 1338 τοῦτον,
3535 1339 3540 1347 ‘

1873 1361 1942 1415 ob
1963 1361 2078 1416 Lat.
2099 1363 2492 1416 communicavit
2521 1365 2688 1417 locum
2709 1374 2943 1417 sanctum
2973 1365 3127 1417 hunc.
3153 1364 3239 1418 Sic.
3267 1363 3453 1416 Matth.

1873 1468 1991 1524 cap.
2023 1471 2149 1510 xvnt
2168 1497 2183 1520 ,
2212 1470 2356 1510 vers.
2381 1456 2472 1522 22,
2503 1455 2924 1528 ἕϐδομηκοντὰκις
2946 1457 3153 1519 ἑπτάκις
3174 1498 3189 1522 ,
3227 1453 3294 1509 οἳ
3335 1457 3456 1511 l-‘M.

1873 1548 2080 1618 septies.
2113 1550 2231 1602 Act.
2255 1561 2378 1618 cap.
2405 1565 2457 1614 ν,
2490 1564 2635 1605 vers.
2662 1549 2718 1615 9,
2752 1554 3099 1622 συνεφώνησαν
3145 1550 3268 1620 (pro
3309 1571 3453 1605 συνι-

1873 1637 2261 1710 φωνήθη)ὐμῖν,
2279 1639 2349 1694 ob
2368 1638 2486 1694 Lat.
2515 1640 2747 1723 convenit
2775 1641 2935 1696 vobis.
2964 1641 3117 1697 Mitto
3146 1640 3276 1698 alia.

2259 1812 2525 1868 Ertsrou
2563 1811 2842 1869 Tnsonont'
2880 1812 3063 1868 Bsza.

1870 1992 2090 2064 Inclyta;
2128 1994 2392 2064 modisque
2432 1992 2672 2049 omnibus
2718 1992 3127 2047 celebratissima:
3164 1989 3456 2046 Academia:

2308 2161 2312 2165 λ
2375 2105 2781 2178 Cantabrigiensi
2799 2147 2815 2173 ,
2840 2114 2947 2162 etc.

1940 2290 2175 2356 Quatuor
2224 2290 2626 2363 Eeangeliorum
2651 2332 2666 2358 ,
2714 2303 2762 2346 et
2805 2291 3055 2347 Actorum
3090 2293 3452 2364 Apostolorum

1865 2377 2326 2436 Graeco-Latinum
2395 2384 2698 2452 exemplar,
2760 2399 2823 2437 ea:
2865 2383 2926 2438 S.
2977 2381 3166 2437 [reniti
3218 2382 3454 2438 Ccenobio

1864 2470 2196 2543 Lugdunensi
2225 2481 2345 2527 ante
2371 2473 2568 2544 aliquot
2595 2489 2759 2529 annos
2801 2483 2983 2528 nactus
3003 2516 3018 2540 ,
3058 2476 3297 2531 mutilum
3337 2478 3451 2546 qui~

1864 2562 1980 2616 dem
2003 2563 2177 2630 illud,
2207 2572 2255 2619 et
2284 2579 2446 2633 neque
2486 2565 2613 2619 satis
2647 2564 2917 2619 emendate
2939 2566 3023 2620 "ab
3067 2567 3216 2622 initio
3262 2567 3450 2636 ubique

1865 2655 2203 2727 descriptum,
2229 2671 2392 2727 neque
2412 2656 2484 2709 ita
2505 2666 2562 2709 ut
2587 2657 2817 2728 oportuit
2845 2657 3072 2710 habitum
3095 2657 3250 2726 (sicut
3280 2675 3342 2713 ea:
3358 2679 3448 2730 pa-

1862 2745 1998 2817 ginis
2019 2746 2325 2817 quibusdam
2352 2747 2554 2801 diverso
2586 2746 2883 2801 charactere
2914 2748 3138 2814 insertis,
3168 2757 3217 2801 et
3254 2749 3451 2803 indocti

1861 2839 2153 2910 cujuspiam
2202 2837 2370 2893 ὦ·ωεὶ
2414 2836 2652 2912 Calogeri
2691 2839 2919 2894 barbaris
2962 2839 3200 2909 ascriptis
3237 2841 3449 2910 quibus-

1861 2930 1983 2985 dam
2004 2931 2139 2985 notis
2159 2929 2420 3003 apparet),
2442 2940 2620 2986 vestrae
2644 2932 2964 3002 potissimum
2985 2932 3299 2999 Academia,
3313 2942 3447 3002 etc.,

1860 3021 2233 3090 celeberrimas,
2265 3021 2544 3098 dieandpm
2573 3024 2892 3090 existimavi,
2917 3032 3028 3080 etc.
3052 3065 3067 3090 ,
3094 3024 3148 3078 in
3177 3027 3325 3098 cujus
3360 3043 3447 3080 sa-

1859 3115 2028 3169 crario
2050 3122 2249 3168 tantum
2270 3115 2366 3169 hoc
2391 3115 2694 3170 uenerande
2720 3115 2853 3187 (nisi
2889 3116 3026 3186 forte
3063 3115 3253 3188 fallor)
3300 3127 3441 3174 vetu-

1781 3187 1826 3251 C
1858 3207 2004 3261 statis
2029 3207 2397 3261 monimentum
2426 3207 2729 3262 collocatur.
2771 3273 2774 3275 Α

1933 3295 2002 3350 Et
2025 3297 2072 3351 si
2098 3313 2215 3352 vero
2238 3298 2371 3351 nulli
2397 3298 2581 3352 melius
2617 3315 2773 3369 quam
2802 3314 2888 3354 vos
2920 3301 3022 3371 ipsi
3059 3315 3172 3371 qua:
3210 3301 3276 3355 sit
3320 3300 3441 3354 huic

1856 3387 2136 3454 exemplari
2164 3386 2294 3454 ﬁdes
2329 3385 2568 3442 habenda
2594 3390 2930 3456 aestimarint,
2961 3390 3058 3444 hac
3083 3391 3145 3445 de
3172 3407 3230 3446 re
3269 3401 3438 3446 tamen

1855 3491 1953 3551 vos
1971 3475 2319 3530 admonendos
2358 3477 2514 3545 duxi,
2543 3487 2739 3532 tantam
2769 3485 2801 3533 'a
2827 3497 2907 3534 me
2950 3481 3006 3534 in
3034 3479 3188 3535 Lacte
3216 3497 3435 3551 prazser-

1856 3550 2247 3639 tim'Evangelio
2275 3578 2530 3639 repertam
2551 3586 2658 3625 esse
2681 3571 2815 3624 inter
2837 3570 2974 3625 hunc
2997 3550 3224 3626 codicem,
3251 3582 3298 3625 et
3328 3589 3430 3625 ca:-

1855 3665 1989 3713 teros
2028 3660 2353 3728 quantumvis
2391 3670 2582 3715 veteres
2624 3661 3058 3730 discrepantiam,
3113 3671 3168 3716 ut
3209 3662 3433 3718 vitanda?

1852 3751 2188 3821 quorumdam
2213 3752 2490 3824 offensioni
2528 3757 2892 3810 asservandum
2937 3756 3105 3826 potius
3146 3773 3300 3826 quam
3339 3773 3437 3826 pu-

1856 3840 2150 3897 blicandam
2179 3844 2480 3898 existimem.
2511 3843 2578 3899 In
2601 3847 2886 3901 hortamen
2908 3864 3010 3902 non
3037 3849 3437 3922 sententiarum,

1853 3935 1943 3987 sed
1987 3950 2166 3988 vocum
2210 3935 2501 3990 diversitate
2537 3937 2666 3991 nihil
2710 3943 2937 4008 profecto
2985 3940 3243 4008 comperi,
3297 3939 3434 3992 unde

1852 4027 2107 4092 suspicari
2133 4028 2390 4096 potuerim
2417 4045 2448 4080 a
2473 4029 2720 4082 veteribus
2745 4030 2854 4083 illis
2881 4031 3136 4083 htereticis
3157 4030 3314 4099 fuisse
3339 4030 3433 4083 de—

1851 4126 2140 4188 pravatum.
2181 4117 2297 4170 Ima
2325 4119 2490 4172 multa
2526 4120 2654 4172 mihi
2688 4119 2863 4173 videor
2907 4121 3301 4192 deprehendisse
3339 4122 3428 4175 οόν

1849 4209 2129 4262 servatione
2167 4209 2362 4280 digna;
2404 4212 2640 4278 quaedam
2680 4213 2834 4266 etiam
2877 4213 2951 4266 sic
2978 4230 3010 4266 α
3051 4223 3254 4285 recepta
3283 4214 3430 4270 Scri-

1850 4313 2003 4369 ptura
2019 4302 2382 4371 discrepantia,
2402 4311 2458 4356 ut
2486 4313 2652 4357 tamen
2675 4319 2792 4383 cum
2817 4313 3041 4359 veterum
3065 4305 3424 4375 quorumdam,

1849 4401 1897 4447 et
1929 4391 2221 4449 Graecorum
2240 4435 2255 4460 ,
2290 4405 2336 4449 et
2364 4393 2668 4451 Latinorum
2708 4395 2932 4452 Patrum
2961 4399 3168 4467 scriptis
3202 4415 3420 4455 consen-

1850 4488 1978 4542 tiant
2000 4503 2020 4542 :
2044 4505 2148 4543 non
2173 4504 2337 4558 pauca
2361 4489 2595 4558 denique,
2628 4490 2813 4561 quibus
2838 4501 3035 4546 vetusta
3059 4490 3250 4546 Latina
3267 4492 3427 4548 editio

160 4585 234 4640 ad
266 4583 490 4639 formam
523 4581 831 4639 Latinorum
854 4624 871 4646 ,
899 4591 954 4639 et
981 4598 1013 4640 e
1037 4582 1230 4639 Latina
1273 4585 1525 4640 versione
1568 4596 1743 4642 muta-
1768 4552 1823 4613 D
1848 4581 2211 4635 corroboratur
2232 4596 2253 4635 :
2272 4596 2388 4652 qua
2409 4582 2584 4637 omnia
2603 4599 2697 4652 pro
2717 4583 2910 4654 ingenii
2937 4583 3036 4637 mei
3061 4583 3270 4637 modulo
3293 4584 3427 4638 inter

162 4677 340 4732 verit.
374 4674 506 4732 Illud
539 4675 682 4732 enim
706 4685 928 4746 apparet
957 4676 1010 4730 in
1041 4676 1244 4733 Grecis
1272 4675 1425 4734 Cant.
1459 4675 1742 4755 Ἠρώδους,

158 4768 422 4830 Ἰωὰννους
445 4807 461 4834 ,
494 4769 879 4847 Σαμαριτὰνων,
910 4767 1119 4840 aliaque
1147 4768 1199 4824 id
1225 4784 1397 4839 genus
1428 4769 1497 4824 ad
1526 4769 1744 4826 Latino-

155 4877 292 4930 rum
324 4859 550 4927 formam
581 4860 824 4917 conlecta
845 4870 990 4916 sunt.
1020 4861 1209 4919 Matth.
1235 4877 1355 4932 cap.
1389 4877 1455 4928 v,
1483 4876 1625 4917 vers.
1645 4861 1738 4930 24,

157 4968 294 5010 cum
337 4950 583 5007 Latinum
623 4961 766 5009 esset
793 4950 1010 5020 offeres,
1039 4955 1290 5031 πρόσφερε
1322 4952 1547 5008 mutavit
1576 4952 1739 5007 libra-

156 5043 282 5100 rius
325 5044 375 5097 in
415 5050 735 5120 προσφερεῖς.
769 5043 846 5097 Ea
870 5043 1012 5097 enim
1057 5042 1160 5113 ipsi
1196 5053 1313 5100 erat
1340 5043 1574 5099 secunda
1623 5059 1746 5113 per-

157 5151 306 5193 sona
353 5135 537 5192 futuri.
580 5136 924 5203 Καταϐαἵνον,
965 5133 1162 5191 factum
1226 5138 1622 5204 καταϐαίνοντα,
1671 5135 1742 5191 ob

158 5355 528 5432 γνοέστὸνηναὶ
559 5352 807 5432 qvam-rev,
835 5353 887 5432 ἰ3
922 5352 1019 5420 19;
1053 5355 1228 5432 χρόνῳ
1256 5356 1570 5432 (δᾳ-χρόνῳ,
1601 5358 1651 5411 ἐν
1676 5355 1738 5431 ᾧ,

159 5424 200 5483 i.
230 5424 339 5501 21-:
369 5424 544 5501 stoica;
573 5425 788 5501 σάρκας.
814 5428 987 5478 πᾶσαν
1014 5424 1210 5501 supra.
1227 5441 1284 5491 ιι,
1312 5424 1742 5501 Πῖξπέρωτῄοίω

159 5514 246 5570 σε]
282 5489 529 5570 εἶπέέιοι,
553 5489 668 5570 v,_8_
686 5509 703 5564 ;_
734 5495 791 5570 οὐ
827 5489 1162 5570 παραγγελῇ,
1181 5489 1607 5570 οιτσφοιογσγε)ίίοι,’γἱ
1635 5496 1738 5570 28;

159 5514 246 5556 σε,
283 5513 394 5546 sure
463 5513 529 5555 ot,
555 5513 605 5554 ν,
635 5513 703 5564 c3;
734 5513 791 5545 ον
827 5513 1510 5570 παραγγελιαρπαραγγελιᾳ,
1543 5513 1595 5554 v.
1635 5513 1738 5562 26;

158 5562 329 5647 δίει-ξ’ιέ
358 5513 495 5647 δόἔὲι,
527 5573 591 5647 γ,⁹
609 5562 719 5647 31,2,
741 5563 794 5614 ἐκ
817 5570 904 5616 τοῦ
933 5551 1197 5647 συνεδρῖου
1216 5604 1230 5628 ,
1271 5567 1322 5618 ἓν
1356 5573 1429 5637 τῷ
1443 5563 1739 5647 Δσυνεδρίῳ,

156 5649 225 5698 ν,
258 5631 369 5693 55;
403 5631 545 5684 οὗτοι
571 5631 846 5690 ὼτάθησαν
868 5674 878 5694 ,
909 5631 994 5694 οὓς
1033 5631 1287 5697 ἔστησαν,
1323 5631 1412 5697 Vl,
1441 5632 1507 5696 6;
1536 5636 1583 5688 οἶ
1609 5631 1740 5697 τάδε·

157 5702 588 5793 προτευξὰμεηοξ,
614 5705 696 5756 καὶ
719 5705 1152 5793 προσευξάμενοῇ
1163 5703 1318 5793 ibid.;
1345 5710 1523 5793 “coire,
1548 5710 1736 5792 ταῦτος,

156 5768 256 5840 νὴ,
284 5773 310 5829 1
334 5786 351 5836 ;
375 5768 729 5843 ique/adsuerit,
751 5768 946 5848 ἔφυγεν,
971 5768 1062 5838 itu,
1082 5768 1187 5837 29;
1210 5775 1304 5831 σὺν
1323 5776 1484 5849 χειρί,
1501 5776 1552 5829 ἄν
1575 5768 1738 5854 χειρὶζ

671 5863 952 5926 -ΡΑτιιοιη
987 5865 1131 5927 ΧΠ.

1842 4687 1898 4725 se
1921 4679 2242 4742 comparata,
2262 4679 2314 4725 et
2340 4687 2458 4724 cum
2483 4669 2619 4740 Syra
2640 4679 2688 4726 et
2714 4671 2935 4726 Arabica
2963 4671 3189 4725 editione
3207 4671 3442 4750 collata,

1832 4761 1896 4817 .in
1923 4764 2142 4832 majores
2174 4777 2314 4816 meas
2340 4763 2701 4818 adnotationes
2727 4778 2760 4817 a
2789 4778 2869 4818 me
2894 4779 3050 4832 super
3087 4764 3380 4820 emendatas
3403 4807 3420 4833 ,

1839 4864 1886 4907 et
1919 4854 2052 4908 brevi
2079 4853 2374 4924 prodituros
2400 4855 2650 4924 congessi.

1911 4943 2017 4999 Sed
2036 4960 2149 5016 age,
2180 4959 2260 4995 res
2292 4944 2400 4997 hac
2428 4951 2537 4996 tota
2566 4943 2751 5008 vestri,
2786 4944 2942 4998 sicuti
2969 4962 3067 5016 par
3093 4954 3187 5013 est,
3225 4948 3420 5018 judicii

1841 5043 1966 5088 esto.
1990 5033 2214 5087 Tantum
2233 5051 2267 5087 a
2286 5035 2425 5088 vobis
2446 5043 2585 5104 peto,
2609 5042 2667 5088 ut
2691 5034 2788 5088 hoc
2813 5035 3181 5106 qualecumque
3204 5052 3418 5091 summa

1842 5127 1895 5182 in
1924 5135 2140 5182 vestram
2179 5125 2582 5197 Amplitudinem
2611 5127 2944 5183 obseruantiae
2981 5145 3106 5184 mete
3127 5130 3282 5183 veluti
3309 5145 3421 5184 mo-

1839 5351 2400 5440 v11,_§5;.irréyazyop,
2433 5348 2884 5440 inri'zstpav,“x1v,
2925 5348 2989 5412 2;
3026 5348 3192 5440 τοιέῖῳ
3213 5386 3226 5409 ,
3250 5345 3415 5440 ἅῦξτῳ,

1843 5417 2050 5488 ιν,’15;
2074 5417 2507 5494 ἀπαγῖγιλοῦντᾳς,
2529 5417 2953 5494 ἆπὰγγέλλοντας,
2975 5432 3067 5480 XV,
3091 5417 3191 5476 27‘;
3216 5418 3412 5494 εὐθέως,

2084 5486 2356 5567 ὧρᾳξξνι..
2385 5491 2458 5567 _I8
2481 5506 2503 5567 ;_
2525 5486 2966 5567 προτίτοιγειένογς
2985 5527 3000 5550 ,
3030 5486 3415 5567 προστεταγμέ-

1839 5551 1993 5628 νουξν,
2022 5551 2296 5642 ἡνιίξὲεὴ
2326 5551 2674 5642 ἐνθυμήσίως,
2707 5551 3086 5642 ἐτέιθυὶμήσιεωςξ
3125 5551 3268 5642 ηιξ,
3298 5551 3410 5642 '39;

1839 5626 2174 5755 uaraggaac,
2196 5626 2549 5695 καταστιίλας,
2574 5644 2686 5695 xu,
2710 5630 2807 5695 35;
2831 5626 3142 5698 ἐῦομίσαμσν,
3165 5626 3410 5697 ἐνόμιζον,

1839 5720 1954 5755 xxr.
2054 5741 2066 5754 .
3310 5719 3314 5722 η

1838 5720 1954 5760 XXI.
1977 5719 2066 5755 23.
3310 5719 3314 5722 ’

1908 5745 2470 5847 δείξωσιυυίνεεηε
2492 5768 2764 5826 Glossario
2786 5767 2924 5827 Lat.,
2949 5776 3079 5819 voce
3099 5763 3274 5818 (Σωηίι.

2730 5899 2751 5926 .
2809 5856 2886 5917 28
