3936 6406
141 357 236 414 θιυ

1581 362 1935 433 εριθτοιι
1946 407 1958 422 .

3283 372 3387 429 950

143 442 367 542 portatus
396 473 493 529 fuit
521 489 689 547 usque
712 476 777 538 ad
805 474 1104 550 Danielem)
1134 482 1213 535 sic
1240 496 1325 535 me
1349 480 1584 550 iudicavi
1626 479 1693 534 ad
1719 482 1775 543 Α
1798 489 1856 534 tit
1880 496 2017 551 quos
2049 484 2376 550 persuadere
2405 497 2510 537 non
2537 492 2771 553 poterat,
2806 486 2860 539 vi
2889 494 2944 540 et
2985 493 3250 552 potestate
3277 495 3385 541 tero

143 579 232 619 vos
258 564 603 633 pervenisse,
632 567 757 620 dum
781 576 809 605 ι
843 569 1171 639 singulorum
1214 570 1421 624 litteras
1467 572 1702 639 accipio,

141 656 367 723 dumque
397 666 613 713 sanctos
644 660 846 729 amicos
886 672 1101 716 vestros
1126 672 1180 715 et
1209 652 1450 717 amorem
1480 663 1535 717 in
1574 664 1708 717 scri-

142 749 240 819 ptis
266 732 462 802 vestris
491 763 773 819 percurro.
1488 800 1493 806 .

172 837 270 891 ¹ΙΙ.
309 837 669 894 Miscebantur
714 839 849 895 mihi
898 852 1019 895 c'um
1066 842 1266 911 gaudio
1312 842 1603 912 Iacrymte:
1654 851 1710 897 et

142 930 317 1017 a‘vidus
364 930 434 984 ad
482 930 765 1001 legendum
818 932 1028 988 animus
1069 937 1418 1003 occupatione
1448 934 1705 1004 lacrynta-

142 1037 253 1077 rum
286 1022 592 1079 tenebatur.
626 1024 695 1079 Et
718 1036 871 1080 erant
900 1036 1125 1096 utraque
1152 1027 1474 1090 necessaria,
1506 1037 1562 1080 ut
1591 1026 1704 1080 sin-

142 1115 240 1185 guli
268 1124 463 1171 sensus
492 1119 545 1172 in
577 1116 682 1173 huc
705 1119 1159 1187 completttentutu
1190 1118 1441 1173 desiderii
1487 1132 1581 1171 sua
1623 1118 1707 1172 di-

140 1206 375 1263 lectionis
401 1207 577 1263 oflicia
595 1219 869 1279 cuperent
906 1212 1224 1279 praevenire.
1252 1209 1342 1264 Sic
1371 1225 1465 1279 per
1493 1209 1613 1264 dies
1651 1212 1704 1265 iu

141 1300 485 1367 occupatione
533 1301 630 1355 hac
674 1302 951 1356 vobiscum
1003 1316 1088 1355 me
1130 1300 1382 1355 famulari
1417 1301 1664 1370 judicans
1689 1342 1703 1365 ,

85 1455 91 1461 ι
142 1391 438 1460 praeteritos
479 1391 693 1447 labores
740 1391 1101 1453 obliviscebar
1130 1409 1143 1445 ;
1169 1391 1239 1445 ita
1289 1392 1430 1445 enim
1471 1393 1707 1460 undique

140 1478 539 1536 circumdabant
565 1497 651 1538 me
676 1482 897 1553 gaudia,
932 1484 1054 1537 hinc
1082 1483 1325 1537 stabilem
1358 1483 1512 1537 ﬁdem
1532 1525 1547 1550 ,
1579 1483 1725 1537 hinc

88 1610 93 1613 -
140 1571 475 1626 dilectionem
497 1613 512 1633 .
544 1571 669 1627 hinc
697 1573 925 1629 fructum
973 1574 1332 1644 porrigentia;
1363 1582 1423 1628 ut
1452 1576 1502 1628 in
1545 1582 1625 1628 tot
1653 1582 1707 1628 et

102 1661 292 1721 ,tantis
334 1660 665 1733 constitutus
717 1662 899 1735 bonis,
947 1662 1127 1718 Subito
1191 1679 1306 1726 tne,
1358 1674 1416 1717 ut
1457 1664 1705 1732 superius

137 1748 263 1817 dixi,
293 1765 399 1805 non
432 1751 484 1806 in
513 1751 744 1819 exsilio,
772 1753 866 1807 sed
897 1752 1172 1809 vobiscum
1217 1768 1342 1808 esse
1381 1753 1699 1821 judicarem.

1804 583 1970 626 reret.
2000 574 2357 642 Congrcgavit
2387 574 2566 637 itaque
2595 589 2818 628 suorum
2850 577 3274 643 multitudinem,
3296 579 3386 647 qui

1804 677 1901 716 nos
1931 663 1998 716 ad
2026 658 2297 718 ofﬁcinam
2324 664 2652 719 infidelitatis
2675 678 2787 719 sute
2806 664 3021 734 rapiunt
3042 676 3097 721 et
3122 667 3345 723 eindunt
3369 688 3383 719 :

1800 764 1865 810 et.
1891 762 2055 807 totam
2089 754 2224 807 bane
2265 764 2579 823 potestatem
2624 756 2874 809 traditam
2899 756 3005 810 sibi
3050 758 3117 811 ab
3150 762 3384 827 impera-

1805 853 1924 898 tore
1948 844 2153 897 dicunt.
2188 844 2282 898 [iis
2310 860 2438 914 ergo
2461 845 2622 898 multa
2653 845 2956 899 dicentibus
2985 856 3040 900 et
3069 847 3138 901 de
3165 862 3259 901 sua
3289 863 3383 917 po-

1807 946 2000 990 testate
2048 936 2422 1004 gloriantibus,
2478 936 2533 989 in
2580 936 2678 989 boc
2728 935 2834 989 illis
2880 934 3170 991 OSIendere
3217 937 3381 1001 volui,

1806 1028 1927 1097 quia
1960 1027 2092 1081 nihil
2123 1039 2276 1082 erant
2303 1044 2423 1098 qum
2450 1036 2717 1097 poterant.
2746 1028 2872 1081 dum
2901 1038 3083 1082 tacens
3112 1037 3169 1082 ttt
3206 1031 3388 1084 carni-

1806 1117 1994 1172 ﬁcibus
2034 1133 2230 1187 corpus
2259 1120 2475 1183 tradidi,
2522 1119 2663 1186 quod
2696 1119 2955 1172 Dominus
2979 1118 3196 1174 dicebat
3226 1133 3384 1187 posse

1806 1208 1858 1261 in
1892 1206 2355 1276 persecutionibns
2383 1209 2539 1262 tradi.
2571 1209 2740 1276 Quam
2770 1210 2943 1267 libero
2973 1221 3154 1265 autem
3188 1211 3379 1267 fuerim

1805 1298 2005 1360 animo,
2034 1299 2158 1352 dum
2186 1299 2255 1353 ab
2278 1300 2405 1368 ipsis
2437 1300 2630 1367 patior,
2664 1307 2720 1353 et
2748 1300 3015 1366 recludor,
3048 1310 3104 1354 et
3132 1316 3226 1369 per
3249 1317 3381 1372 qua-

1806 1388 2043 1441 triduum
2070 1402 2277 1455 servor,
2310 1400 2365 1443 et
2394 1389 2731 1443 diversorum
2753 1389 3150 1459 increpationes
3171 1402 3227 1446 et
3253 1406 3380 1461 per-

1806 1480 2087 1533 suasiones
2134 1482 2296 1534 au‘dio
2335 1482 2431 1535 :in
2474 1482 2574 1535 hoc
2615 1482 2848 1548 ostendi,
2897 1484 3023 1552 quia
3070 1499 3172 1538 nec
3220 1501 3382 1541 unum

1805 1576 2111 1629 sermonem
2134 1572 2267 1626 dixi.
2290 1573 2502 1627 Addere
2524 1574 2805 1629 voluerunt
2831 1576 2898 1629 ad
2921 1576 3178 1630 malitiam
3202 1591 3376 1643 suam,

1808 1669 1867 1716 ut
1893 1679 1920 1716 a
1955 1678 2039 1717 me
2069 1674 2346 1719 cessarent
2371 1666 2583 1731 fratres,
2620 1667 2669 1721 id
2700 1679 2806 1734 est,
2843 1668 3143 1737 presbyteri
3186 1681 3240 1723 et
3268 1670 3384 1725 dia-

1805 1755 1956 1818 coni;
1988 1755 2083 1808 sed
2120 1760 2175 1808 et
2202 1769 2428 1810 czeteros
2455 1742 2721 1811 dicebant
2740 1771 2800 1811 se
2844 1772 2966 1812 esse
2988 1752 3380 1827 prohibiturus,

138 1840 347 1907 Gaudeo
379 1845 581 1914 itaque,
612 1843 808 1899 fratres
838 1843 1179 1909 clarissimi,
1213 1844 1281 1899 de
1326 1844 1432 1897 ﬁde
1478 1838 1657 1897 vestra
1684 1843 1779 1909 _:'B
1805 1862 1871 1915 ne
1899 1847 1966 1900 ad
2000 1862 2085 1901 me
2119 1849 2459 1903 arcederent.
2494 1849 2631 1919 Ego,
2664 1866 2730 1911 ne
2758 1851 2825 1904 ab
2866 1852 3158 1929 inﬁdelipm
3204 1854 3382 1907 inani-

135 1932 339 2003 ga'udeo
382 1933 451 1989 de
488 1934 662 1989 salute
708 1950 827 2003 qua:
868 1934 1025 1989 ﬁdem
1065 1935 1350 2004 sequitur:
1382 1934 1594 1999 gaudeo
1635 1933 1703 1987 de

134 2022 421 2091 fructibus,
452 2021 596 2093 quod
645 2040 751 2088 non
816 2025 994 2079 solum
1046 2022 1157 2079 illic
1191 2024 1498 2089 consﬁtuti,
1524 2024 1617 2078 sed
1649 2033 1703 2078 et

132 2113 283 2192 longe
324 2106 567 2185 pergitis.
604 2110 669 2171 Ut
696 2115 844 2170 enim
872 2116 1110 2186 agricola
1150 2116 1329 2170 arbori
1360 2116 1513 2170 boote
1551 2116 1700 2171 inse-

130 2205 232 2259 ruit
256 2204 333 2259 illi
354 2247 370 2271 ,
402 2220 522 2273 quae
548 2204 814 2261 fructuum
856 2220 1014 2279 causa
1045 2223 1151 2260 non
1203 2206 1435 2261 securim
1467 2207 1699 2275 patitur,
1768 2214 1775 2220 '

132 2309 231 2350 non
259 2295 473 2364 ignibus
497 2297 863 2366 mancipatur;
896 2297 967 2351 ita
1000 2307 1055 2351 et
1082 2312 1182 2351 nos
1210 2306 1404 2355 vestrae
1434 2298 1700 2351 sanctitati

130 2400 231 2440 nou
257 2385 433 2440 solum
465 2388 743 2442 servitium
773 2387 1065 2441 secundum
1094 2402 1311 2441 carnem
1352 2390 1598 2441 volumus
1644 2394 1701 2441 et

128 2471 369 2545 cuprmus
398 2475 818 2541 exhibere,.sed
865 2477 1074 2529 animas
1120 2486 1331 2527 nostras
1379 2489 1477 2542 pro
1523 2483 1697 2528 vestra

127 2566 297 2622 salute
326 2567 675 2636 itnpendere..
696 2567 1024 2621 Extendistts
1043 2606 1059 2630 ,
1092 2573 1154 2619 ut
1178 2565 1289 2619 dixi
1311 2606 1326 2628 ,
1359 2566 1545 2618 ﬁrmos
1575 2579 1695 2619 cum

126 2655 294 2713 fructu
324 2671 505 2712 ramos
527 2698 543 2724 ,
574 2668 628 2712 et
657 2668 754 2727 per
780 2664 889 2711 tam
923 2643 1079 2729 longa
1130 2656 1397 2711 tt-rt'ar'utu
1426 2657 1597 2725 Spatia
1628 2656 1697 2710 ad

127 2763 207 2801 me
236 2747 541 2819 pertingere
568 2746 868 2803 laborastis.
899 2746 1119 2803 Gaudeo
1144 2746 1407 2816 agricola,
1439 2756 1495 2801 et
1522 2746 1695 2803 libens

125 2836 151 2875 δ
176 2840 334 2894 vestri
384 2842 581 2893 laboris
624 2830 1070 2909 poma'decerpo.
1096 2840 1225 2908 .quia
1274 2845 1478 2892 tantum
1520 2839 1693 2893 facere

127 2928 359 2984 voluistis
381 2949 396 2983 :
421 2944 519 2995 uec
536 2931 708 2985 solum
729 2944 850 2998 ego,
872 2931 957 2984 vel
976 2930 1064 2999 qui
1089 2944 1295 2983 mecum
1325 2938 1448 2983 sunt
1469 2931 1693 2983 sant-tis-

126 3019 237 3075 simi
269 3022 437 3076 ποι-ιτί
487 3021 786 3093 presbyteri
813 3032 868 3076 et
894 3022 1106 3080 diaconi
1144 3022 1229 3076 vel
1259 3022 1441 3075 caeteri
1475 3020 1689 3087 fratres,

124 3113 211 3168 sed
258 3125 311 3168 et
357 3096 548 3168 omnes
593 3113 685 3182 qni
734 3112 1105 3167 desiderantes
1150 3127 1361 3167 sumus.
1418 3111 1687 3182 lleplestis

1804 1936 1923 2001 bus,
1962 1938 2044 1991 vel
2091 1939 2269 2005 potius
2310 1949 2767 2009 transgressurum
2792 1942 2955 2010 (quod
2989 1941 3229 1998 deterius
3269 1945 3377 2014 est)

1804 2028 2124 2095 inﬁdelium,
2162 2039 2217 2081 ut
2248 2031 2540 2098 Apostolus
2569 2032 2718 2094 dicit,
2763 2034 3144 2089 manducarem
3173 2036 3379 2104 cibum,

1804 2117 2045 2172 libellum
2074 2118 2139 2171 ad
2167 2119 2314 2186 ipsos
2347 2121 2447 2174 ltoc
2478 2135 2628 2176 more
2658 2122 2759 2176 feci
2785 2140 2797 2176 :
2956 2178 2959 2181 Α

1883 2225 2228 2270 ΕιΕκΡιΑιι
2253 2228 2497 2271 LIBELLI
2542 2224 2723 2279 FACT!
2758 2232 2844 2275 AD
2870 2231 3319 2278 PATROPEILUM

2368 2387 2377 2394 .
2412 2330 2544 2373 cum
2581 2331 2742 2374 SUIS.

1803 2409 1999 2464 Servus
2031 2410 2122 2464 Dei
2156 2398 2563 2467 Ειιςε1›ἱιιδέιιιη
2602 2415 2879 2469 Conservis-
2907 2416 3020 2471 suis
3048 2418 3139 2486 qui
3168 2433 3375 2473 mecum

1871 2498 1992 2579 fidei
2048 2514 2204 2552 causa
2261 2501 2535 2567 laborant,
2569 2500 2598 2540 ἀ
2629 2504 2944 2573 PatrOphilo
2991 2508 3202 2563 custodi
3254 2508 3374 2563 cunt

1869 2583 2003 2621 bUIS.

1867 2656 1956 2711 iV.
1998 2659 2266 2723 Qua°me
2300 2662 2347 2713 vi
2393 2662 2681 2716 multorum
2728 2674 2782 2718 et
2807 2663 2994 2721 furore
3044 2684 3151 2724 non
3200 2671 3374 2725 solum

1796 2755 2024 2801 tractum
2070 2763 2164 2816 per
2191 2760 2413 2815 terram,
2458 2752 2549 2805 sed
2599 2753 2867 2807 interdum
2909 2757 3374 2829 nudatororpnre

1795 2842 2045 2908 sup'uum
2098 2845 2348 2907 portastis
2380 2842 2448 2895 de
2491 2844 2591 2896 hoc
2636 2842 2870 2912 hospitio
2909 2850 3049 2915 quod
3102 2850 3230 2903 ntibi
3278 2868 3372 2920 per

1793 2943 2002 2982 vestros
2023 2940 2075 2982 et
2099 2943 2324 3000 agentes
2354 2934 2403 2985 in
2429 2934 2588 2993 rebus
2616 2934 2866 3003 dedistis,
2890 2954 2920 2991 ε
2941 2955 3050 3008 quo
3081 2957 3369 3013 numquam

1794 3020 1892 3073 nisi
1926 3034 2099 3075 vestra
2128 3024 2380 3078 violentia
2412 3040 2664 3093 egressus
2709 3043 2861 3094 sum;
2891 3043 2945 3084 ct
2976 3033 3119 3087 Deus
3164 3037 3287 3101 scit,
3317 3049 3372 3093 et

1791 3117 1978 3169 cititas
2010 3116 2177 3181 novit,
2212 3134 2311 3172 nec
2343 3134 2437 3172 vos
2464 3119 2549 3173 hic
2570 3130 2625 3173 et
2654 3122 2705 3174 in
2740 3120 2922 3176 futuro
2952 3141 3153 3196 negare
3186 3140 3366 3196 potes-

126 3202 256 3270 gnim
278 3245 293 3269 ,
326 3213 384 3258 ut
433 3203 722 3273 Apostolus
765 3203 1113 3259 beatissimus
1153 3206 1281 3290 dicit
1327 3204 1345 3275 (
1372 3202 1592 3257 Philem.
1623 3203 1686 3270 7,
1717 3201 1764 3266 C
1796 3208 1881 3259 tis.
1906 3206 2030 3261 Ideo
2054 3208 2159 3261 Deo
2185 3224 2401 3263 causam
2431 3224 2669 3277 reservo,
2700 3222 2758 3265 ut
2780 3215 3234 3289 quemadmodum
3257 3219 3370 3289 ipse

123 3292 240 3365 ρος),
273 3298 482 3351 viscera
516 3309 633 3350 mea
682 3312 802 3351 cum
833 3298 1147 3365 complestis
1190 3298 1437 3351 mandata
1469 3297 1688 3362 divina,

125 3404 235 3457 qua:
262 3399 284 3428 ο
312 3389 594 3457 complere
639 3389 866 3445 decebat
906 3390 1244 3445 Christianos
1289 3390 1339 3443 in
1374 3389 1688 3458 episcopum

123 3479 199 3532 vel
241 3478 637 3534 ecclesiasticos
685 3480 859 3545 viros,
887 3495 1023 3549 quos
1067 3483 1119 3534 in
1160 3479 1350 3535 exsilio
1380 3479 1499 3532 fidei
1526 3490 1687 3533 causa

50 3550 51 3553 ¹
123 3567 283 3622 nostis
326 3566 593 3623 laborare.
623 3566 948 3636 Complestis
995 3586 1115 3638 qua:
1150 3570 1689 3634 reportebat‘fratres

122 3655 367 3714 fratribus
411 3657 606 3723 facere,
657 3657 726 3714 et’
764 3661 899 3726 patri
934 3658 1075 3714 ﬁlios
1115 3661 1390 3717 exhibere.
1420 3660 1525 3716 Sed
1565 3676 1687 3716 cum

122 3761 214 3801 nos
252 3749 543 3805 secundum
578 3750 839 3821 mandata
886 3751 1098 3817 divina,
1141 3751 1289 3807 vobis
1337 3752 1576 3807 volentes
1620 3754 1688 3809 de

122 3842 344 3896 terrenis
369 3845 638 3913 caules-tes,
671 3842 741 3898 de
765 3842 982 3919 caducis
1007 3844 1233 3900 stabiles
1259 3887 1274 3911 ,
1301 3845 1369 3900 de
1408 3847 1687 3917 fragilibus

120 3932 469 3998 setttpiteruos
515 3929 735 3987 fructus
772 3932 979 3999 facere;
1008 3936 1273 3998 capimus
1318 3950 1413 4003 per
1452 3934 1687 3988 necessi-

122 4026 272 4078 tatem
314 4026 586 4093 patientes
631 4026 875 4096 quotidie
918 4028 1205 4080 seminare.
1256 4025 1571 4079 Gaudebant
1618 4026 1686 4082 tle

121 4116 310 4169 vestris
338 4115 601 4171 fructibus
642 4130 903 4184 pauperes
928 4132 941 4167 :
971 4114 1342 4183 gloriﬁcabant
1370 4116 1536 4168 Deum
1575 4131 1681 4169 non

118 4201 281 4260 solum
324 4208 561 4262 civitatis
606 4205 771 4273 ipsius
801 4204 1045 4259 homines
1066 4246 1081 4270 ,
1113 4203 1205 4257 sed
1250 4214 1303 4256 et
1332 4219 1519 4256 omnes
1552 4222 1566 4258 :
1592 4206 1683 4273 qui

119 4304 282 4350 autem
330 4296 517 4350 videre
550 4302 865 4363 potuerunt,
898 4307 1056 4362 quam
1088 4308 1292 4346 mecum
1339 4294 1682 4348 dilectionem

119 4382 415 4448 haberetis,
443 4400 513 4440 ex
556 4384 688 4453 ipsis
718 4380 981 4436 fructibus
1025 4383 1274 4437 videntes
1314 4385 1685 4447 gloriﬁcnbant

118 4472 297 4539 Deum,
325 4485 382 4529 et
410 4473 560 4529 omni
592 4490 689 4527 nos
711 4473 915 4527 honore
941 4488 1063 4527 cum
1084 4460 1266 4538 vestra
1301 4476 1683 4530 benedictione

100 4565 480 4625 nominabant.

178 4650 258 4710 lll.
300 4654 505 4711 Videtis
535 4655 635 4711 boc
680 4654 927 4710 diabolus
962 4653 1327 4710 innocentium
1359 4657 1529 4712 hostis
1552 4699 1568 4724 ,
1594 4658 1683 4728 ju-

116 4747 268 4805 stitite
313 4750 562 4805 inimicus
584 4792 599 4816 ,
633 4751 935 4805 contrarius
965 4750 1125 4814 ﬁdei,
1153 4752 1274 4819 iptia
1308 4752 1357 4805 in
1390 4750 1491 4807 hoc
1515 4767 1681 4820 opere

117 4830 526 4895 bettedicebatur
587 4841 760 4910 Deus.
812 4838 1160 4917 inflammavit
1220 4842 1507 4897 adversum
1551 4825 1681 4897 Inos

116 4927 473 4985 Ariotnattitas
516 4946 677 4997 suos,
707 4932 797 5003 qui
822 4934 931 5002 jam
974 4934 1131 5002 longo
1159 4943 1400 5002 tempore
1442 4936 1683 5003 suspira-

118 5021 231 5077 bant
276 5039 383 5079 non
412 5026 591 5085 solum
636 5024 700 5079 de
733 5025 836 5081 hoc
860 5040 1059 5095 opere,
1087 5025 1178 5080 sed
1221 5035 1275 5080 et
1303 5027 1368 5079 de
1414 5042 1509 5081 sua
1556 5029 1677 5082 inﬁ-

116 5113 319 5172 delitate
362 5117 431 5171 ad
464 5133 622 5187 quam
671 5134 767 5170 nos
816 5118 1139 5186 persuadere
1186 5134 1288 5171 non
1320 5128 1595 5187 poterant,
1622 5137 1680 5177 tit

117 5210 429 5266 exsisterent
460 5210 713 5275 violenti;
746 5225 892 5265 more
922 5211 1020 5266 hoc
1041 5229 1147 5282 quo
1169 5229 1381 5282 semper
1420 5228 1499 5270 εει
1527 5234 1675 5281 usus,

180 5328 203 5355 ⁸
230 5318 316 5381 Al.
343 5304 498 5372 Dum~
523 5328 689 5373 autent
720 5321 1155 5389 singulorum.....
1176 5327 1533 5398 miscebantur,
1564 5348 1669 5394 etc,

120 5390 378 5445 GALLAND.

182 5459 205 5496 b
230 5459 313 5511 Al.
351 5458 537 5512 Nostri
559 5459 660 5512 (ab.
691 5458 764 5513 lo.

183 5540 203 5567 ο
236 5529 317 5580 ΑΙ.
344 5526 631 5590 Complere.
679 5569 689 5580 .
725 5565 738 5578 .
784 5570 796 5583 .
835 5531 968 5584 viros
993 5535 1149 5587 decet.
1181 5536 1252 5595 in.

178 5595 340 5677 {Cur
366 5597 737 5676 Patropltiltttu
773 5604 1028 5677 Arinnuttt
1059 5610 1380 5677 antistitem,
1418 5619 1679 5675 custodem

123 5670 297 5749 potius
314 5683 415 5732 qua
427 5683 491 5749 m.
510 5666 817 5749 episcqpuﬂm
860 5672 1090 5749 appellet
1120 5666 1401 5749 _Eusebitis

120 5742 393 5803 Barouiutu
424 5736 492 5795 ad
521 5753 645 5793 anu.
673 5738 796 5806 556,
828 5736 973 5795 nutu.
1003 5741 1090 5798 97.
1120 5744 1191 5804 In.

1793 3301 2145 3365 ordinaverit,
2178 3301 2336 3355 finem
2384 3302 2551 3371 possit
2588 3307 2856 3374 accipere.
2887 3306 3106 3363 interim
3154 3327 3238 3364 me
3268 3310 3368 3367 hoc

1791 3392 2101 3448 decreViSse
2147 3395 2329 3449 sciatis
2373 3394 2454 3464 (ut
2510 3396 2646 3449 ratio
2695 3414 2834 3452 nunc
2882 3408 2938 3455 et
2977 3400 3032 3455 in
3055 3390 3265 3470 futuro,
3310 3413 3368 3458 et

1792 3481 1879 3535 ltic
1914 3483 2081 3550 possit
2124 3484 2323 3554 stare).
2358 3485 2409 3537 itt
2441 3487 2671 3554 hospitio
2693 3504 2798 3556 quo
2830 3505 2915 3545 tne
2941 3492 3181 3546 clausum
3214 3501 3364 3547 tene-

1792 3573 1878 3635 tis,
1910 3574 1961 3626 in
1991 3589 2095 3640 quo
2115 3590 2211 3627 ante
2242 3590 2357 3645 post
2388 3579 2612 3647 primam
2644 3585 3002 3647 portationem
3027 3586 3362 3643 retrudentes

1788 3664 2084 3730 crudelius,
2115 3669 2230 3721 ausi
2266 3670 2437 3722 fuistis
2469 3671 2591 3724 inde
2627 3672 2817 3725 eodem
2848 3676 3009 3727 modo
3041 3688 3277 3745 portare.
3309 3692 3359 3734 et

1788 3756 1839 3808 in
1873 3772 2031 3809 unam
2071 3758 2260 3811 cellam
2297 3756 2316 3795 τ
2347 3761 2593 3828 rejicerc,
2642 3777 2746 3815 non
2778 3778 2971 3833 panem
3014 3768 3369 3824 manducant-

1789 3865 1905 3902 rum
1936 3866 2108 3918 neque
2141 3867 2331 3920 :tqttum
2363 3852 2678 3918 bibiturunt,
2723 3855 2824 3908 nisi
2857 3868 2982 3912 ante
3011 3859 3207 3929 singuli
3239 3877 3361 3930 pro-

1786 3940 1914 3995 fessi
1940 3942 2171 4006 fueritis,
2202 3958 2305 3995 non
2339 3944 2513 3997 solum
2536 3945 2718 4007 verbo,
2749 3948 2840 4001 sed
2864 3958 2918 4002 et
2945 3965 3104 4005 manu
3135 3968 3231 4007 vos
3255 3970 3359 4008 non

1788 4033 2175 4099 prohibituros,
2232 4036 2422 4093 fratres
2467 4050 2614 4089 meus
2664 4038 2757 4107 qui
2806 4056 3012 4095 meeum
3069 4043 3186 4100 hmo
3236 4047 3357 4102 fidei

1783 4136 1942 4175 causa
1990 4123 2220 4176 libenter
2261 4129 2553 4192 patiuntur,
2599 4128 2944 4195 de'bcspitio
2981 4147 3089 4199 quo
3121 4144 3358 4201 manent,

1783 4210 2111 4277 tiec‘esmrias
2136 4225 2288 4265 esCas
2315 4211 2510 4267 olli-rte
2534 4229 2630 4267 nec
2658 4230 2753 4269 eos
2784 4219 2873 4285 qui
2903 4234 2987 4273 me
3011 4220 3214 4292 dignati
3240 4226 3358 4282 fne-

1783 4302 1890 4353 rint
1917 4303 2207 4370 requirere.
2242 4305 2563 4371 oportuerat
2586 4309 2803 4375 quidem
2828 4313 2980 4367 exire
3007 4315 3076 4369 de
3103 4332 3354 4385 corpore,

1748 4454 1752 4458 ι
1783 4405 1850 4444 ne
1874 4401 2077 4445 tantum
2117 4395 2291 4447 scelus
2316 4397 2459 4464 quod
2502 4408 2689 4451 contra
2712 4400 2800 4468 jus
2831 4404 3068 4459 divinum
3100 4418 3156 4462 et
3183 4411 3360 4478 publi-

1783 4500 1904 4537 cum
1938 4486 2303 4556 ctitttutisistis,
2336 4505 2477 4559 stupe
2511 4492 2650 4546 scire
2678 4495 2984 4552 volt-utilius
3027 4514 3248 4570 Cogerer
3278 4503 3357 4559 di-

1707 4555 1759 4614 Ῑ)
1787 4592 1932 4631 cere.
1966 4577 2070 4631 Sed
2101 4594 2168 4633 ne
2197 4582 2314 4647 quis
2344 4583 2410 4636 de
2436 4582 2742 4639 infidelibus
2777 4602 2871 4642 vos
2901 4589 2953 4642 iu
2986 4594 3140 4647 nobis
3169 4596 3360 4651 crude-

1789 4671 1869 4745 lrs
1893 4673 2147 4739 appellet,
2173 4683 2227 4726 et
2260 4676 2566 4743 ignorantes
2586 4678 2763 4730 divina
2799 4691 3058 4749 przccepta
3091 4697 3234 4750 putet
3257 4702 3355 4741 nos

1788 4760 2156 4815 confusionem
2208 4768 2380 4829 potius
2430 4767 2593 4821 vitare
2642 4770 2876 4822 nolui~se
2918 4786 3076 4838 quam
3126 4774 3352 4830 Domino

1791 4870 1997 4921 parere,
2047 4856 2163 4909 ideo
2194 4854 2297 4909 ltoc
2331 4859 2559 4911 voluisse
2599 4874 2923 4929 pra-smnere
2954 4880 2967 4915 :
3001 4866 3190 4919 iterum
3231 4868 3352 4924 dico

1787 4948 1926 5014 qttud
1959 4947 2056 4999 nisi
2091 4948 2317 5011 υΓοΓυεδί
2347 4960 2394 5001 et
2424 4952 2589 5003 verbo
2610 4960 2666 5005 et.
2690 4956 3091 5025 conscriptione
3121 4960 3349 5028 fueritis,

1788 5038 1939 5090 eritis
1969 5037 2247 5091 homicidae
2278 5040 2634 5107 prohibendo.

1860 5129 1921 5181 V.
1961 5127 2117 5182 Nut‘il
2168 5131 2275 5184 ltuc-
2312 5134 2649 5201 omnipotens
2700 5136 2838 5190 licus
2889 5156 2900 5189 :
2943 5140 3092 5191 novit
3145 5152 3200 5194 et
3236 5143 3354 5211 ejus

1788 5217 2102 5288 Unigenitus
2145 5220 2578 5278 inenarrabiliter
2607 5228 2673 5279 de
2706 5228 2820 5295 ipso
2860 5240 3016 5282 natus
3045 5229 3229 5292 Filius.
3260 5235 3351 5302 qui

1851 5348 1874 5375 θ
1906 5335 2005 5400 Qui
2026 5347 2103 5413 me
2122 5333 2175 5412 in
2204 5333 2480 5413 multortmt
2510 5341 2679 5404 furore
2706 5355 2804 5391 non
2831 5340 2995 5392 solum
3019 5352 3235 5395 tractum
3263 5364 3352 5413 per

1781 5404 2097 5481 lerrmn,_srd
2114 5406 2374 5481 interdum
2402 5412 2592 5481 imitata
2614 5479 2619 5481 Α
2639 5425 2849 5481 corpore
2883 5412 3121 5480 supinum
3151 5404 3352 5481 parias-

1783 5479 1863 5536 tix,
1891 5479 1952 5528 de
1980 5474 2075 5548 [ioc
2105 5474 2324 5548 Irospitio
2350 5478 2485 5539 quod
2525 5479 2663 5529 ini/ii-
2702 5474 2789 5544 par
2830 5474 3022 5531 vestros
3055 5474 3256 5548 agentes
3298 5488 3355 5542 in

1780 5548 1928 5601 rebus
1955 5544 2185 5605 dedistis,
2229 5562 2304 5595 me
2340 5563 2611 5609 numquam
2654 5548 2751 5598 nisi
2779 5565 2891 5600 cum
2927 5544 3351 5611 vmtra'violentia

1781 5617 1955 5693 ρρι-ειιῑ
1990 5614 2124 5673 passi
2150 5616 2335 5683 fuistis.
2361 5614 2426 5667 Et
2462 5614 2597 5667 Deus
2626 5618 2741 5681 scit,
2773 5632 2876 5670 t'lC.
2905 5619 3076 5674 Minus
3103 5635 3269 5693 recte,
3296 5639 3352 5685 ut

1784 5700 2010 5738 νιιιμιιιΓ.

1875 5700 2010 5737 μΗΙΓ.

1820 5692 1879 5799 mf
1908 5756 2061 5826 Legit
2088 5753 2347 5809 Baronius
2375 5768 2495 5808 cum
2520 5756 2593 5809 al.
2625 5754 2853 5822 reﬁcere.
