3928 6410
458 354 561 408 ﬂii

1542 350 1784 407 SANCTI
1823 349 2091 408 EUSEBII
2134 353 2650 410 VERCELLENSIS

3599 358 3704 414 952

456 464 651 520 salutis
693 474 896 520 nostra:
921 478 1080 518 causa
1111 463 1252 518 Deus
1300 463 1644 533 sempiternae
1687 463 1898 518 virtutis
1930 463 2028 518 ho~
2057 466 2109 524 Α
2135 465 2508 526 dellcientibus
2538 470 2716 536 nobis,
2747 471 2876 525 olim
2910 484 3029 525 cum
3057 473 3199 527 victu
3229 471 3414 527 venire
3440 472 3704 541 permisc-

458 555 662 610 utiuetn
705 555 1002 623 perfectum
1029 553 1225 617 induit,
1258 554 1368 623 pati
1398 554 1592 619 voluit,
1640 563 1813 609 morte
1841 555 2028 608 trium-

453 648 622 719 phata
655 649 819 702 tertio
843 647 937 701 die
962 638 1282 714 resurrexii,
1320 646 1387 702 ad
1417 647 1692 702 dexteram
1722 647 1895 704 Patris
1938 663 2027 703 se-

453 740 572 806 det,
610 749 864 793 venturus
898 739 1141 808 judicare
1169 737 1320 793 vivos
1363 747 1417 794 et
1461 748 1703 794 mortuos
1737 758 1749 793 :
1786 740 1934 794 novit
1974 749 2027 796 et

453 838 686 906 Spiritus
712 847 972 891 sanctus:
1001 837 1153 892 testis
1195 844 1279 891 est
1321 836 1561 891 Ecclesia
1593 826 1876 903 catholica,
1908 850 2027 906 qua:

447 930 532 983 sic
549 928 840 983 conﬁtetur
858 945 876 980 :
896 928 1024 996 quia
1049 941 1155 982 non
1178 942 1279 997 ego
1299 927 1353 981 in
1377 943 1462 982 me
1492 941 1618 982 reus
1639 941 1751 990 ero,
1782 927 1877 982 sed
1905 941 2025 994 vos,

449 1021 540 1089 qui
569 1032 866 1074 conservos
887 1009 1040 1073 meus
1079 1019 1386 1073 necessaria
1415 1017 1816 1072 ministraturos
1845 1018 2025 1088 prohi-

444 1109 580 1164 bere
603 1109 869 1164 voluistis.
898 1109 967 1162 Et
991 1108 1166 1163 si'boc
1191 1109 1532 1178 paraveritis,
1555 1123 1650 1163 vos
1677 1108 1873 1164 debere
1896 1123 2026 1164 con-

441 1210 694 1256 temnere
719 1219 734 1253 :
767 1215 875 1254 non
893 1201 1050 1270 quasi
1080 1210 1308 1256 mortem
1338 1201 1642 1268 timentem,
1675 1200 1769 1256 sed
1808 1215 1876 1256 ne
1907 1210 2026 1270 post

437 1305 724 1346 excessum
752 1306 934 1344 meum
963 1290 1156 1345 dicatis
1199 1306 1286 1345 me
1321 1291 1626 1345 voluntaria
1671 1300 1845 1346 morte
1875 1293 2026 1347 exire

444 1381 686 1436 voluisse
715 1389 772 1434 et
797 1388 830 1418 ι
851 1379 1141 1450 quamdam
1187 1379 1347 1434 nobis
1380 1379 1631 1435 nebulam
1664 1382 2026 1436 accusationis

439 1474 731 1530 inveniatis
756 1490 774 1527 :
795 1481 1198 1528 conventurum
1219 1488 1306 1528 me
1343 1474 1538 1529 scitote
1569 1473 1862 1541 Ecclesias,
1889 1492 2024 1546 quas

442 1562 472 1603 ³
500 1565 700 1620 clausis
724 1565 950 1619 interim
973 1565 1167 1619 litteris
1186 1566 1389 1633 possim
1413 1565 1726 1636 pertingere
1750 1583 1763 1631 ;
1787 1580 2024 1621 conven-

443 1665 624 1711 turum
649 1665 702 1711 et
725 1656 820 1711 Dei
849 1670 1062 1720 servos,
1100 1664 1157 1710 ut
1188 1657 1241 1710 in
1285 1656 1416 1725 ipsis
1439 1659 1907 1724 concurrentibus,
1935 1675 2023 1714 or-

438 1747 528 1802 bis
567 1756 861 1813 terrarum,
901 1747 1030 1815 quid
1065 1746 1197 1802 fides
1238 1748 1446 1818 integra
1477 1764 1596 1818 quae
1646 1749 1714 1804 ab
1757 1751 2023 1807 universis

2129 568 2277 611 runt.
2305 558 2432 614 Haec
2462 560 2640 630 itaquc
2666 570 2793 616 sunt
2818 560 3274 618 Ariomanitarum
3299 576 3482 632 opera.

2200 648 2311 704 VIl.
2359 650 2568 718 Videte,
2600 654 2928 708 sanctissimi
2961 656 3234 720 fratres,si
3260 669 3368 710 non
3405 653 3488 710 est
3516 668 3702 724 perse-

2126 741 2291 805 cutio,
2323 741 2447 796 dum
2477 743 2590 797 haec
2617 745 2849 814 patimur
2872 746 2959 815 qui
2986 745 3140 800 fidem
3170 745 3490 800 catholicam
3516 752 3702 800 custo-

2126 831 2302 886 dimus
2337 850 2349 887 :
2379 843 2433 888 et
2459 834 2620 890 altius
2646 837 2902 910 cogitate,
2933 852 3058 891 num
3095 837 3248 892 valde
3275 837 3436 893 etiam
3460 837 3703 893 deterior
3731 892 3736 897 .

2125 922 2196 976 sit
2232 938 2391 992 quam
2439 925 2552 990 illa,
2585 941 2702 995 quae
2734 926 2893 982 ﬁebat
2925 942 3019 997 per
3050 928 3146 982 hos
3172 929 3263 997 qui
3292 927 3451 982 idolis
3488 928 3702 982 servie-

2126 1011 2274 1067 bant.
2307 1015 2384 1070 llli
2417 1016 2698 1071 mittebant
2743 1017 2796 1072 in
2823 1033 3112 1086 carcerem,
3150 1033 3257 1073 non
3279 1029 3479 1074 .tamen
3512 1019 3700 1089 prohi-

2125 1099 2426 1162 bebant'ad
2476 1123 2534 1163 se
2577 1110 2766 1165 venire
2813 1125 2960 1166 suos.
3007 1110 3273 1179 Quantum
3319 1125 3447 1181 ergo
3483 1120 3702 1165 satanas

2127 1195 2399 1253 Ecclesias
2436 1199 2798 1257 vulneraverit
2840 1217 2937 1271 per
2964 1202 3426 1258 Ariomanitarum
3466 1201 3702 1257 crudeli.

2127 1292 2325 1371 tatem!
2360 1291 2415 1345 In
2443 1293 2688 1348 custodia
2722 1295 2933 1363 publica
2966 1296 3204 1364 mittunt,
3234 1296 3324 1366 qui
3349 1295 3582 1350 liberare
3601 1292 3700 1348 de-

2125 1378 2272 1434 bent.
2317 1380 2642 1437 Violentiam
2676 1383 2901 1452 faciunt,
2938 1377 3038 1456 'qui
3081 1400 3140 1442 ut
3176 1388 3449 1463 patiantur
3470 1384 3699 1454 iustitia:

2125 1486 2285 1526 causa
2312 1471 2544 1529 discunt.
2596 1475 2786 1531 Aliena
2815 1477 3097 1548 diripiunt,
3123 1480 3212 1547 qui
3249 1491 3344 1532 sua
3385 1476 3592 1546 direpta
3629 1490 3701 1530 ne

2125 1573 2392 1630 repetant,
2423 1565 2491 1619 de
2520 1566 2706 1621 divina
2741 1567 2858 1638 lege
2887 1569 3168 1624 docentur.
3199 1559 3470 1624 Praetereo
3495 1574 3697 1636 quanta

2126 1651 2246 1706 illos
2277 1654 2471 1708 invasit
2495 1655 2809 1723 crudelitas,
2851 1659 2976 1712 dum
3011 1657 3352 1713 facultatibus
3387 1655 3699 1726 temporali-

2126 1742 2228 1797 bus
2252 1745 2508 1814 gaudent.
2556 1745 2610 1800 In
2643 1762 2861 1803 carcere
2886 1749 3181 1803 latronibus
3225 1746 3424 1803 clausis
3462 1762 3493 1801 a
3524 1760 3701 1817 quare-

442 1839 725 1893 catholicis
756 1839 1027 1908 episcopis
1049 1817 1399 1909 comprobata
1437 1817 1543 1908 est,
1575 1841 1644 1896 ab
1672 1841 2022 1900 Ariamanius
2053 1817 2097 1877 Β
2127 1833 2373 1888 tionariis
2423 1837 2507 1890 vel
2563 1852 2594 1891 a
2643 1838 2918 1907 judicibus
2971 1854 3074 1892 non
3122 1837 3419 1908 denegatur
3469 1835 3699 1892 facultas

439 1930 680 2000 patiatur
700 1942 840 1997 quos
861 1937 988 1983 ante
1012 1929 1307 1995 damnavit,
1340 1933 1513 1998 possit
1546 1945 1862 2001 agnoscere.
1893 1933 2022 1990 Item

442 2017 744 2087 subscripsi
767 2033 870 2088 ego
897 2019 1159 2074 Eusebius
1187 2021 1493 2090 episcopus.
1577 2050 1582 2054 ~
1727 2085 1733 2089 _
1915 2080 1917 2082 .

514 2109 723 2178 Adiuro
748 2118 805 2164 te
829 2110 924 2180 qui
953 2111 1052 2164 has
1069 2110 1279 2165 litteras
1299 2112 1515 2181 legeris,
1547 2125 1644 2180 per
1668 2112 1904 2178 Patrem,
1938 2111 2026 2166 Fi-

443 2198 580 2252 lium-
604 2209 665 2253 ει
705 2199 970 2267 Spiritum
1009 2209 1279 2267 sanctum,
1311 2211 1374 2256 ut
1415 2217 1522 2256 non
1571 2203 1896 2272 supprimas,
1929 2202 2023 2259 sed
2066 2266 2068 2268 τ

442 2289 539 2342 alii
562 2288 823 2358 legendas
843 2289 1053 2344 tradas.

516 2379 610 2433 VI.
652 2380 718 2432 Hi
736 2395 870 2450 ergo
892 2379 985 2434 vix
1014 2389 1206 2450 quarta
1226 2380 1316 2436 die
1344 2371 1410 2436 ad
1438 2381 1580 2438 hunc
1604 2381 1841 2438 libellum
1873 2394 1894 2422 ο
1922 2383 2021 2437 mi-

443 2470 624 2540 s'gati,
645 2470 868 2539 jejunus
890 2470 962 2524 ad
987 2469 1280 2540 hospitium
1335 2472 1390 2526 in
1438 2487 1546 2542 quo
1598 2488 1976 2530 manseramus
2000 2514 2018 2542 ,

441 2570 724 2617 revertere
740 2575 845 2616 nos
865 2562 1265 2631 compulerunt.
1294 2563 1553 2620 Viderunt
1574 2565 1806 2631 interea,
1831 2583 2019 2636 quem-

442 2653 741 2708 admodum
766 2668 869 2708 nos
887 2664 1223 2713 revertentes
1250 2657 1434 2726 populi
1453 2672 1575 2713 cum
1605 2659 1803 2729 gaudio
1831 2675 2018 2716 susce-

442 2750 664 2812 perunt.
707 2743 972 2798 lacernis
1019 2753 1264 2799 nostrum
1305 2746 1596 2816 hospitium
1643 2750 2016 2806 circumdede-

440 2845 594 2891 runt-
622 2833 900 2905 Cepimus
940 2847 1214 2893 annuente
1242 2839 1469 2918 Domino
1501 2839 1694 2896 iterum
1737 2843 2018 2912 egentibus
2044 2914 2053 2918 κ

378 2984 386 2989 _
438 2929 778 2984 missure.
800 2927 923 2984 Non
951 2928 1059 2984 hoc
1084 2930 1349 2997 sustinuit
1361 2916 1601 3000 ipsorum
1633 2933 2014 3001 inhumanitas,

439 3027 500 3074 et
525 3030 774 3074 nam
799 3034 1044 3075 amorem
1088 3022 1143 3076 in
1190 3035 1349 3076 suum
1373 3022 1556 3076 odium
1579 3019 1607 3060 ἀ
1647 3025 2014 3094 perdiderunt.

439 3111 547 3167 Ti:
573 3112 692 3166 fere
709 3111 904 3180 viginti
924 3121 984 3167 et
1004 3113 1245 3182 quinque
1282 3114 1515 3169 tolerare
1543 3125 1840 3184 potuerunt
1877 3119 2012 3173 dies.

437 3167 973 3272 Macrino,
1220 3167 1428 3273 perdita
2044 3167 2091 3231 Ο

437 3303 727 3369 κακαί
745 3294 1038 3364 hospitium
1085 3296 1308 3350 veniunt
1363 3298 1554 3352 armati
1604 3297 1870 3368 fustibus,
1923 3317 2021 3371 per

441 3385 625 3440 in
659 3385 900 3440 claustra
936 3386 1196 3454 parietem
1226 3397 1503 3457 rumpunt,
1536 3397 1591 3445 et
1617 3389 1684 3444 ad
1720 3405 1820 3446 nos
1853 3401 1876 3430 ο
1905 3393 2022 3448 vio-

439 3474 580 3530 lenti
603 3477 952 3543 perveniunt.
975 3474 1176 3531 lterum
1216 3478 1454 3546 rapiunt,
1480 3489 1536 3534 et
1560 3481 1614 3535 in
1637 3481 1870 3539 arctiore
1897 3498 2021 3540 cus-

438 3565 736 3628 υεεα
758 3569 878 3624 solo
902 3568 1223 3624 citatissimo
1244 3568 1479 3641 Tegrino
1505 3573 1824 3644 presbytero
1844 3577 2021 3632 reclu-

441 3659 604 3714 ha.
629 3657 862 3715 Eoum
884 3675 1104 3731 quoque
1127 3660 1346 3728 fratres,
1388 3662 1442 3718 id
1468 3672 1554 3719 est
1591 3666 1941 3737 presbyteros
1966 3678 2022 3725 et

441 3749 706 3806 dine-es
729 3765 922 3806 omnes
946 3752 1164 3820 rapiunt
1207 3763 1264 3807 et
1302 3752 1601 3809 includunt.
1630 3753 1758 3810 Post
1783 3757 2019 3827 triduum

437 3848 715 3911 potestate
735 3855 836 3896 sua
872 3855 974 3910 per
995 3840 1114 3905 loca
1141 3841 1362 3895 diversa
1400 3843 1456 3898 in
1484 3843 1734 3898 exsilium
1779 3845 2017 3900 mittunt.

438 3929 926 3999 Aiuﬁatrcsqui
954 3932 1026 3986 ad
1049 3946 1151 3986 nos
1178 3943 1443 3988 venerant
1471 3933 1788 3999 vlsitandos,
1816 3936 1867 3988 in
1900 3949 2019 3990 ear-

441 4034 574 4076 cere
599 4021 816 4089 publico
839 4021 1082 4087 mittunt,
1112 4036 1209 4090 per
1232 4021 1493 4097 plurimos
1530 4021 1646 4078 dies
1672 4024 1914 4080 reclusos
1943 4035 2023 4080 te-

443 4118 598 4164 nent.
627 4111 957 4183 Advolantes
981 4112 1178 4168 iterum
1217 4111 1289 4166 ad
1329 4111 1644 4182 hospitium,
1679 4115 1858 4168 omnia
1899 4131 2020 4186 quae

441 4201 624 4255 autin
665 4211 880 4270 sumptu
919 4210 1013 4257 aut
1047 4204 1377 4272 pauperibus
1424 4206 1636 4282 fuerant
1681 4199 2018 4276 comparata,

448 4287 470 4327 ι
500 4289 745 4344 diruunt.
783 4292 892 4346 Sed
940 4293 1069 4361 quia
1097 4292 1200 4348 hoc
1227 4296 1496 4363 publicum
1539 4295 1780 4366 ipsorum
1813 4297 2020 4354 facinus

444 4380 518 4434 ala
547 4382 798 4438 omnibus
820 4383 1031 4436 civibus
1071 4384 1382 4449 notabatur,
1428 4396 1748 4455 argumento
1787 4387 1890 4442 hoc
1936 4389 2016 4443 usi

443 4479 599 4534 sunt,
622 4481 680 4524 ut
703 4473 881 4539 aliqua
901 4471 1191 4526 redderent
1212 4473 1435 4540 leviora,
1464 4483 1521 4529 et
1547 4491 1606 4530 se
1633 4479 1788 4532 nobis
1830 4487 2016 4532 nostra

443 4560 750 4616 reddidisse
766 4560 1056 4629 iactarent.
1101 4561 1357 4630 Sumptus
1388 4577 1515 4616 vero
1555 4565 1695 4632 apud
1737 4580 1796 4619 se
1829 4577 2015 4621 tenue-

444 4659 573 4706 runt
607 4669 620 4702 :
651 4660 702 4704 et
729 4658 850 4718 post
879 4659 1087 4704 tantum
1106 4650 1284 4705 scelus
1320 4653 1653 4722 qhmrebant,
1686 4653 1729 4706 si
1758 4655 1875 4709 fieri
1900 4670 2021 4723 pos-

447 4744 544 4805 sit,
573 4744 651 4797 sic
678 4757 899 4812 negare,
925 4751 983 4796 ut
1011 4743 1216 4796 nullum
1245 4743 1313 4798 de
1338 4745 1474 4798 meis
1493 4745 1558 4797 ad
1590 4760 1676 4799 me
1697 4747 1880 4802 venire
1902 4761 2022 4816 per—
2067 4739 2072 4743 ’

443 4836 739 4899 mitterent,
763 4835 853 4904 qui
874 4850 1029 4889 escas
1053 4836 1270 4905 corpori
1294 4839 1627 4892 necessarias
1660 4838 1897 4894 afferret.
1920 4839 2019 4894 Vix

441 4932 600 4978 sexta
641 4923 750 4987 die,
790 4925 1150 4982 clamantibus
1185 4926 1290 4980 sibi
1317 4928 1568 4994 diversis,
1620 4945 1783 4983 unum
1829 4931 2016 4985 venire

443 5013 828 5080 permiserunt.
849 5015 1117 5083 Quantum
1142 5016 1208 5070 ad
1227 5032 1289 5072 se
1314 5017 1435 5084 fuit,
1460 5020 1816 5075 ostenderunt
1845 5021 2017 5076 homi-

443 5104 580 5157 cidae
609 5106 838 5170 animos;
869 5122 1027 5174 quem
1053 5108 1309 5176 primum,
1339 5113 1450 5164 nea
1473 5111 1808 5180 malignitate
1833 5128 2016 5168 cessa-

443 5203 586 5260 rent,
618 5205 806 5264 quarta
835 5196 926 5252 die
951 5197 1293 5252 dimiserunt.
1325 5200 1690 5258 Postmodum'
1718 5213 1872 5260 sexta
1902 5206 2010 5270 vix,

515 5395 648 5462 FAl.
685 5394 748 5449 Et
775 5397 1052 5462 quamdam
1075 5397 1212 5450 vobis
1233 5398 1467 5452 nebulam
1494 5403 1856 5458 excusationis.

515 5461 539 5500 δ
564 5465 647 5518 Al.
677 5461 918 5519 Clausus.
943 5467 1086 5530 Mox,
1119 5477 1176 5520 ut
1205 5468 1331 5534 ipsis
1355 5484 1497 5522 conc.

444 5534 941 5657 Ηθζὶἔὶιίθιιια.
989 5538 1058 5590 Et
1087 5537 1245 5606 paqu
1275 5548 1397 5608 post
1428 5558 1442 5591 :
1483 5539 1728 5597 Viderunt
1768 5545 1822 5598 in
1846 5553 2002 5600 terra.

512 5668 539 5704 ἀ
559 5669 642 5722 Al.
679 5671 1031 5727 Peruiderunt.
1197 5733 1199 5735 ,

519 5746 542 5773 θ
565 5740 649 5794 Al.
686 5739 934 5799 Volenm.
957 5744 1398 5815 Corruptissime.

2044 4515 2096 4574 D

2122 1922 2341 1978 videndi
2393 1939 2522 1979 suos
2575 1939 2590 1978 :
2635 1940 2662 1978 a
2718 1926 2876 1980 nobis
2916 1936 2970 1980 et
3008 1912 3180 1980 nostri
3213 1925 3566 1995 prohibentur
3596 1944 3612 1981 :
3642 1934 3700 1981 et

2123 2015 2304 2070 devoti
2358 2014 2558 2070 fratres
2613 2032 2682 2072 ne
2731 2018 2966 2082 veniant,
2999 2033 3103 2072 non
3133 2018 3308 2072 solum
3337 2016 3408 2072 ab
3458 2016 3699 2087 haspitio

2123 2116 2378 2162 arcentur
2411 2124 2518 2178 quo
2557 2118 2827 2177 tenemur,
2876 2110 2968 2164 sed
3010 2100 3079 2166 ne
3103 2106 3312 2166 adeant
3339 2118 3365 2158 κ
3389 2123 3694 2176 carcerem,

2124 2198 2548 2254 comminatione
2569 2207 2862 2256 terrentur.
2886 2200 2978 2255 Sic
3002 2210 3226 2256 cunctos
3251 2199 3692 2270 subjugaveruut,

2122 2300 2181 2345 ut
2229 2289 2664 2347 manifestissime
2692 2291 3077 2363 hagnoverim.
3127 2291 3208 2347 Ab
3257 2289 3528 2361 episcopis
3569 2290 3697 2346 inci-

2122 2380 2265 2450 piam
2298 2380 2462 2437 :dum
2487 2381 2747 2438 honorem
2770 2385 2984 2452 quidam
3019 2384 3208 2437 timent
3245 2382 3515 2444 amittere,
3546 2381 3694 2450 ipsos

2120 2459 2647 2543 fidem'perdidisse;
2673 2473 2909 2544 dumque
2938 2474 3215 2528 facultates
3231 2480 3488 2542 terrenas
3511 2480 3566 2527 et
3592 2473 3694 2527 im-

2118 2566 2410 2621 munitates
2434 2564 2629 2619 nolunt
2655 2564 2906 2634 perdere,
2940 2566 3195 2639 caelestes
3211 2564 3498 2619 thesauros
3523 2571 3582 2618 et
3594 2575 3690 2618 ve-

2119 2674 2238 2714 ram
2266 2659 2614 2714 securitatem
2640 2657 3150 2748 nullamiiudicasse.
3188 2656 3277 2711 Sic
3303 2671 3518 2748 quoque
3543 2655 3689 2748 ducti

2120 2750 2322 2812 caeteri.
2353 2749 2478 2804 dum
2506 2750 2790 2822 episcopos
2819 2746 2934 2803 haec
2955 2749 3203 2804 timentes
3222 2746 3451 2817 perdere
3479 2747 3682 2814 vident,

2119 2855 2302 2894 amare
2331 2846 2615 2910 coeperunt
2655 2854 2775 2910 qua:
2805 2853 3019 2908 semper
3063 2838 3263 2893 habere
3303 2852 3410 2892 non
3437 2845 3683 2908 possunt.

2191 2930 2328 2988 VIII.
2369 2931 2460 2988 Sic
2504 2929 2860 2986 Ariomanitte
2911 2931 3110 2984 divites
3155 2937 3381 2996 terrent;
3419 2929 3688 2984 dum'his
3727 2971 3737 2979 .

2119 3023 2571 3094 proscriptionem
2599 3023 2871 3078 minantur
2901 3039 2915 3076 :
2948 3023 3023 3076 sic
3049 3035 3327 3089 pauperes,
3355 3021 3483 3074 dum
3509 3028 3687 3102 potesf

2122 3124 2282 3171 tatem
2316 3116 2368 3170 in
2404 3129 2624 3172 carcere
2663 3114 2970 3181 recludendi
3000 3113 3220 3167 habent.
3264 3111 3331 3167 Et
3372 3122 3571 3182 quanta
3601 3113 3686 3166 iu-

2121 3209 2269 3264 sania
2292 3210 2408 3264 estl
2438 3208 2499 3263 In
2527 3209 2646 3263 loco
2676 3223 2786 3277 quo
2814 3216 3074 3270 tenemur,
3098 3220 3202 3260 non
3233 3205 3403 3259 solum
3423 3203 3571 3259 viros
3593 3205 3684 3275 qui

2121 3299 2281 3354 nobis
2315 3299 2558 3355 serviunt
2595 3300 2648 3353 in
2679 3311 2949 3364 carcerem
2992 3296 3231 3360 mittunt,
3274 3294 3370 3350 sed
3399 3303 3456 3350 et
3482 3295 3686 3364 puellas

2119 3390 2556 3446 sanctimoniales
2594 3389 2710 3444 sine
2751 3385 2863 3443 ullo
2890 3386 3066 3442 divino
3103 3387 3294 3441 timore
3337 3386 3390 3440 in
3437 3385 3685 3462 custodia

2118 3482 2334 3551 publica
2371 3480 2677 3551 recludunt.
2713 3479 2818 3536 Sed
2849 3487 2906 3533 ut
2933 3479 3102 3548 gavisi
3133 3492 3240 3532 non
3283 3485 3410 3533 sunt
3437 3478 3684 3535 seniores

2119 3571 2269 3639 mali,
2297 3569 2388 3642 qui
2430 3556 2738 3641 pudicitiam
2784 3569 3044 3626 Susannae
3085 3568 3286 3624 violare
3327 3570 3682 3638 quaerebant;

2120 3663 2192 3716 ita
2228 3677 2328 3717 nec
2365 3661 2422 3717 hi
2448 3661 2757 3731 gaudebunt
2793 3675 3026 3729 semper,
3053 3660 3146 3728 qui
3175 3658 3474 3714 Ecclesiam
3501 3669 3688 3728 perse-

2120 3752 2341 3806 cutione
2368 3753 2522 3806 varia
2570 3761 2624 3806 et
2649 3741 2994 3820 depressione
3036 3739 3200 3802 nimia
3232 3763 3342 3802 suae
3383 3746 3684 3804 infidelitali

2121 3850 2386 3896 conantur
2437 3840 2722 3908 subjicere.
2766 3840 2907 3892 Dixit
2953 3837 3094 3892 enim
3134 3848 3350 3893 sanctus
3389 3838 3578 3894 Daniel
3617 3839 3686 3906 ad.
3787 3837 3790 3840 ’

2120 3933 2242 3987 illos
2272 3949 2285 3984 :
2319 3931 2423 3998 Sic.
2446 3933 2695 3985 timentes'
2714 3930 2838 3998 ﬁlia
2867 3927 3035 3983 Israel
3080 3930 3477 4005 concumbebant
3512 3931 3682 3986 uobis-

2120 4021 2272 4090 cum(
2283 4020 2419 4074 Dan.
2442 4036 2559 4086 xm,
2589 4020 2700 4089 57).
2729 4018 2834 4076 Sed
2857 4017 3090 4082 recedat,
3116 4019 3464 4084 sanctissimi,
3497 4020 3688 4074 huma-

2119 4127 2220 4167 nus
2256 4112 2418 4167 timor
2461 4125 2487 4164 a
2520 4110 2711 4166 vestris
2756 4108 2970 4173 animis,
3015 4122 3134 4162 cum
3182 4109 3423 4163 habeatis
3472 4109 3684 4162 Domini

2118 4205 2560 4271 consolationem,
2595 4204 2683 4274 qui
2711 4202 2837 4257 dicit
2872 4220 2886 4256 :
2921 4200 3098 4254 Nolite
3123 4202 3299 4253 timere
3320 4199 3439 4254 illos
3463 4201 3553 4268 qui
3572 4215 3687 4253 cor-

2118 4313 2214 4365 pus
2239 4296 2507 4358 occidunt,
2553 4294 2776 4347 animum
2823 4301 2993 4344 autem
3036 4289 3265 4342 occidere
3315 4305 3418 4343 non
3471 4299 3688 4356 possunt

2118 4385 2325 4454 (Matth.
2381 4401 2435 4451 κ,
2486 4385 2597 4453 18).
2643 4383 2879 4452 Tempus
2925 4393 3008 4436 est
3051 4380 3382 4450 probationis
3429 4391 3689 4449 :tempus

2119 4486 2224 4544 est,
2274 4491 2330 4532 ut
2371 4477 2578 4547 probati
2615 4473 3002 4530 innotescanti
3036 4473 3321 4528 manifesti.
3367 4470 3492 4527 Ideo
3530 4486 3688 4527 accc-

2123 4577 2316 4636 perunt
2347 4568 2632 4620 humanum
2663 4565 3008 4634 adjutorium,
3035 4565 3162 4633 quia
3184 4563 3420 4617 divinum
3449 4579 3554 4618 nou
3582 4563 3682 4617 ha-

2120 4655 2250 4711 bent
2279 4675 2290 4710 :
2315 4656 2456 4724 quod
2481 4656 2524 4708 si
2550 4653 2828 4720 baberent,
2857 4668 3142 4723 numquam
3172 4663 3440 4722 potestate
3470 4665 3683 4710 terrena

2121 4747 2485 4802 innocentium
2514 4746 2617 4799 sibi
2643 4745 2850 4800 animas
2876 4729 3242 4814 subjugarent.
3311 4789 3317 4793 ,

2195 4835 2286 4888 IX.
2329 4835 2485 4888 Multa
2508 4833 2574 4888 de
2605 4835 2815 4888 illorum
2841 4835 3015 4899 malis,
3042 4835 3235 4903 quibus
3257 4849 3360 4887 non
3387 4834 3536 4890 solus
3556 4851 3683 4906 ego,

2124 4941 2215 4981 seu
2241 4925 2452 4993 plurimi
2479 4924 2854 4990 deprimimur,
2876 4921 3235 4978 debueramus
3263 4925 3502 4979 scribere
3526 4941 3542 4988 ;
3587 4927 3684 4981 sed

2121 5032 2188 5072 ne
2226 5029 2506 5085 possemus
2537 5015 2639 5069 hoc
2678 5015 2874 5078 facere,
2923 5023 2977 5067 et
3023 5015 3261 5081 ipsorum
3304 5014 3684 5070 crudelitatem

2122 5109 2321 5164 litteris
2361 5089 2629 5167 intiniare,
2682 5106 2981 5158 arctissima
3025 5105 3269 5158 custodia
3310 5119 3591 5159 servamur
3616 5109 3688 5164 ab

2121 5203 2273 5272 ipsis.
2297 5200 2422 5254 Ideo
2444 5201 2509 5253 ad
2524 5213 2658 5282 ‘nos,
2685 5206 2739 5252 et
2757 5197 2850 5253 alii
2874 5199 3039 5269 nostri
3071 5207 3126 5254 et
3152 5198 3310 5252 amici
3335 5199 3687 5268 prohibentur

2103 5423 2107 5427 ν
2191 5400 2208 5438 ι
2232 5399 2360 5469 Leg.
2389 5398 2657 5464 diripiunt.

2185 5480 2209 5519 ε
2236 5470 2317 5522 Ne
2343 5470 2529 5522 adeant
2558 5484 2834 5538 carcerem,
2863 5473 3100 5526 commin.
3132 5472 3218 5528 Al.
3248 5487 3310 5526 ne
3333 5473 3541 5539 adeant,
3570 5488 3683 5533 cars

2114 5557 2284 5596 carum
2317 5555 2558 5592 commm.

2184 5610 2212 5647 ι
2235 5609 2408 5663 Locus
2441 5609 2679 5662 mutilus.

2191 5679 2205 5714 ί
2235 5681 2319 5733 Al.
2345 5677 2686 5747 Manifestatt'.
2777 5675 2788 5684 ’
