3928 6398
181 345 286 400 95:
765 311 767 314 ⁴
879 378 885 384 -
974 391 976 394 .
1339 349 1429 405 ns
1469 348 1838 406 TRINITATE
1877 349 2267 408 coussssm.
3319 365 3425 420 ost

177 459 463 516 accedere.
494 459 600 515 Sed
639 462 911 517 concessit
941 461 1069 516 mihi
1103 461 1358 516 Dominus
1381 461 1516 516 hanc
1547 463 1746 532 episto-
1769 462 1823 522 A
1850 462 2439 528 necessitate,scribcre
2455 471 2560 518 non
2587 466 2759 534 potui.
2789 466 2863 520 Ita
2888 466 2942 521 in
2969 467 3066 524 hac
3089 485 3182 525 vos
3206 485 3420 539 omnes,

174 552 282 608 lam
313 567 410 621 per
435 552 813 607 charissimum
855 560 1099 607 nostrum
1126 552 1194 606 ad
1222 567 1317 606 vos
1349 552 1540 624 Syrum
1568 554 1748 608 diaco-
1848 553 2060 618 fratres,
2093 555 2185 610 sed
2214 563 2268 609 et
2306 562 2506 610 sanctae
2549 569 2786 622 sorores,
2821 556 2916 611 filii
2946 567 3001 612 et
3028 559 3174 626 lilire,
3205 577 3418 618 omnem

173 658 304 698 num
349 643 590 710 mittere,
632 658 794 714 quem
847 643 900 698 in
941 653 1206 714 potestate
1255 643 1500 699 mittendi
1549 645 1741 713 habui;
1847 659 2033 699 sexum
2075 646 2315 714 appello,
2364 661 2578 700 omnem
2629 657 2843 702 tetatcm
2876 658 3020 718 peto,
3072 653 3258 708 uthac
3286 669 3419 708 con-

173 738 298 808 quia
341 736 676 808 providentia
721 737 930 792 Domini
965 737 1140 792 nostri
1177 754 1243 794 eo
1284 747 1527 808 tempore
1573 739 1637 794 ad
1666 741 1748 794 vi-
1847 740 1978 792 tenti
2006 737 2352 803 salutatione,
2384 749 2575 792 nostro
2603 739 2881 808 obsequio,
2909 741 3071 796 etiam
3100 741 3202 798 hos
3225 745 3318 813 qui
3345 747 3422 800 fo-

171 830 350 886 denda
376 831 495 886 loca
521 839 706 886 sancta
733 839 1062 898 accesserat,
1091 839 1146 887 et
1171 845 1290 886 cum
1327 832 1540 888 caeteris
1569 833 1746 887 fratri-
1846 830 1922 884 ris
1947 839 2092 893 sunt,
2119 838 2175 884 et
2202 843 2302 884 nos
2328 829 2616 900 dignantur
2656 831 2905 901 diligere,
2949 833 3191 889 salutare
3234 836 3422 904 (ligne-

170 921 274 977 bus
295 923 545 978 inventus
571 938 677 977 non
704 930 807 977 est.
1842 921 1994 974 mini.
2028 921 2276 976 Salutant
2305 936 2400 976 vos
2425 921 2619 975 fratres
2663 925 2836 978 nostri
2880 925 2969 993 qui
3010 939 3220 980 mecum
3271 936 3418 994 sunt,

166 1066 168 1069 .
241 1013 314 1068 Χ.
352 1014 623 1072 Caeterum
653 1015 741 1070 vix
763 1014 905 1071 hanc
931 1015 1219 1085 epistolam
1247 1018 1746 1090 quomodocumque
1842 1013 2143 1083 presbyteri
2199 1023 2252 1068 et
2282 1013 2560 1079 diacones,
2608 1014 2702 1068 sed
2753 1024 2809 1069 et
2849 1029 3037 1068 ontnes
3076 1017 3247 1070 nostri
3283 1033 3296 1069 ε
3327 1019 3414 1086 qni

169 1096 620 1176 conscripsi-mus,
652 1106 815 1161 Deum
845 1121 1062 1176 semper
1098 1108 1453 1175 postulantes,
1485 1118 1544 1162 nt
1567 1120 1746 1165 custo-
1845 1121 1948 1159 una
1978 1106 2342 1170 mecnmsatis
2369 1115 2576 1174 petunt,
2610 1114 2666 1159 ut
2695 1107 2862 1160 nostri
2891 1121 3180 1170 memores,
3221 1123 3416 1164 omnes

166 1195 264 1251 des
297 1197 350 1250 in
397 1197 558 1251 horas
583 1196 898 1262 refrenaret,
947 1207 1001 1252 et
1047 1197 1390 1264 concederet,
1431 1215 1500 1255 ne
1544 1202 1611 1255 ad
1647 1201 1746 1256 vos'
1841 1207 2051 1252 vestros
2087 1206 2274 1253 nostro
2304 1198 2884 1267 digneminiobsequio
2921 1201 3175 1254 salutare.
3206 1201 3411 1256 Trans-

165 1288 429 1345 diaconus
474 1289 716 1344 nuntium
747 1290 917 1360 magis
947 1289 1149 1345 laboris
1191 1293 1382 1359 nostri,
1413 1308 1572 1361 quam
1613 1308 1744 1362 qua-
1843 1289 1962 1344 misi
1988 1301 2247 1358 prseterea
2297 1289 2526 1354 litteras,
2558 1305 2691 1359 quas
2720 1290 2785 1343 ad
2819 1290 3183 1360 Patmphilum
3233 1302 3415 1349 custo-

161 1381 482 1450 lescumque
524 1380 864 1436 salutationis
893 1380 1098 1435 litteras
1127 1379 1310 1436 ferret.
1340 1382 1566 1452 Propter
1599 1384 1740 1452 quod
1839 1380 1962 1434 dem
1987 1395 2165 1434 meum
2197 1379 2330 1446 feci,
2354 1388 2412 1434 ut
2433 1395 2495 1434 ex
2529 1380 2612 1434 his
2632 1381 2959 1450 agnoscatis,
2984 1395 3083 1435 nos
3108 1382 3416 1438 Ariomani-

163 1473 296 1526 satis
327 1486 429 1526 vos
472 1479 617 1539 peto,
666 1482 722 1525 ut
762 1486 885 1526 cum
929 1473 1074 1526 omni
1118 1474 1395 1542 vigilantia
1425 1476 1740 1530 custodiatis
1842 1481 2015 1525 tarum
2050 1485 2148 1525 nec
2173 1471 2332 1525 minis
2363 1484 2519 1539 posse
2549 1472 2760 1536 terreri,
2793 1470 2965 1542 neque
2995 1472 3238 1542 ipsorum
3289 1490 3412 1530 ser-

163 1562 349 1629 lidem,
391 1565 624 1619 servetis
660 1564 1030 1631 concordiam,
1079 1566 1414 1622 orationibus
1463 1569 1754 1642 incumba-O
1840 1561 2056 1630 ρεπιιίητι
2087 1561 2280 1615 blanda
2307 1561 2604 1615 Snbliliiale
2635 1575 2795 1631 pOSse
2819 1562 2884 1616 ad
2913 1563 3150 1632 ipsorum
3179 1565 3413 1620 societa-

163 1653 254 1721 tis,
281 1654 456 1710 nostri
482 1669 754 1712 memores
786 1657 904 1711 sine
943 1656 1339 1734 intermissione
1377 1659 1496 1714 sitis
1528 1678 1542 1715 :
1572 1671 1627 1714 ut
1659 1661 1741 1716 di-
1840 1663 1944 1708 lem
1989 1654 2234 1724 perduci.
2292 1655 2551 1710 Divinilas
2604 1669 2701 1709 vos
2743 1665 3014 1727 protegat,
3055 1657 3417 1731 ﬂorentesque

159 1755 356 1815 gnetur
382 1745 640 1802 Dominus
665 1746 961 1803 Ecclesiam
989 1763 1138 1802 suam
1169 1749 1401 1805 liberare
1429 1768 1548 1820 qua;
1573 1768 1735 1821 super
1838 1746 2022 1800 vivere
2051 1754 2108 1799 et
2137 1745 2223 1799 hic
2261 1754 2318 1800 et
2347 1749 2400 1799 in
2459 1747 2640 1801 futuro
2666 1745 2830 1802 faciat
2861 1764 2985 1802 cum
3013 1751 3265 1806 omnibus
3290 1765 3414 1806 ves-

161 1835 471 1891 universum
494 1834 682 1893 orbem
711 1838 944 1905 laborat,
970 1847 1023 1894 et
1043 1847 1103 1893 ut
1124 1837 1228 1894 nos"
1247 1842 1342 1908 qui
1359 1841 1732 1910 deprimimur,
1765 1825 1810 1884 Β
1841 1835 1958 1903 tris,
1991 1835 2187 1891 fratres
2215 1834 2518 1891 charissimi
2541 1844 2594 1891 et
2619 1837 2753 1891 satis
2782 1837 3252 1894 desideratissimi.

159 1929 433 2004 possimus
463 1929 743 1985 vobiscum
776 1932 987 1988 liberati
1016 1933 1247 2003 gaudere
1277 1934 1448 2004 :quod
1480 1945 1735 2004 prtestare
1981 1943 1988 1952 '
2389 1930 2719 1986 ΕΡιΞΤΟῙΑ
2761 1931 2849 1986 ΙΙΙ.

144 2003 471 2088 'dignabitur
515 2020 798 2086 Dominus,
845 2024 1150 2091 petentibus
1199 2003 1370 2093 vobis,
1415 2003 1509 2094 per
1552 2028 1734 2083 Domi-
2085 2041 2152 2079 an
2178 2038 2479 2080 caecorum
2518 2036 2804 2079 EPISCOPUI
2841 2036 3170 2080 SPANBNSEI.

155 2123 285 2162 num
316 2120 558 2165 nostrum
591 2110 777 2167 Jesum
803 2112 1076 2169 Christum
1097 2117 1186 2185 qui
1213 2125 1298 2171 est
1317 2131 1497 2172 secum
1524 2127 1548 2155 ι
1575 2120 1735 2176 bene-
1839 2115 2142 2172 Gratulatur
2175 2114 2424 2168 Eusebius
2449 2114 2702 2184 Gregorio
2723 2115 2862 2184 quod
2899 2117 3166 2169 restitisset
3209 2116 3342 2170 Osio-
3366 2127 3413 2172 et

155 2200 336 2256 dictus
382 2215 415 2256 a
472 2203 684 2260 sicculis
731 2215 786 2260 et
832 2205 886 2262 in
935 2206 1114 2262 omnia
1156 2209 1349 2263 saecula
1392 2211 1732 2281 saeculorum,
1908 2208 2143 2276 plurimis
2169 2190 2462 2260 cadentibus
2488 2205 2719 2260 Arimino
2741 2207 2792 2260 in
2817 2207 3277 2262 communicatione
3307 2206 3411 2262 Va-

152 2291 353 2348 Anten.
1905 2301 2054 2354 lentis
2083 2309 2127 2352 et
2158 2297 2380 2368 Ursacii.

223 2382 316 2438 XI.
354 2383 557 2442 Iterum
601 2396 746 2458 peto,
777 2402 832 2446 et
871 2406 967 2446 vos
1005 2408 1102 2462 per
1151 2395 1580 2452 misericordiam
1629 2399 1724 2452 Dei
1830 2410 1988 2475 (Hanc
2011 2407 2466 2475 epistolamvigead
2486 2416 2664 2475 tomum
2689 2407 2924 2460 Xnostrsa
2947 2408 3254 2475 Patrologige,
3279 2415 3410 2475 inter

153 2490 308 2546 rogo,
337 2485 400 2531 ut
427 2481 792 2550 unusquisque
829 2482 881 2535 in
927 2483 1028 2538 hac
1065 2485 1293 2554 epistola
1341 2486 1704 2547 salutationen

1890 2468 2285 2532 Opera‘historica
2311 2471 2363 2518 S.
2391 2470 2589 2530 Hilarii,
2615 2468 2810 2530 Fragm.
2862 2485 2940 2528 ιι,
2991 2470 3083 2519 col.
3131 2468 3247 2520 713.
3279 2470 3405 2521 Vide

1890 2535 2034 2582 etiam
2081 2531 2318 2590 Epistolas
2370 2530 2551 2578 Liberii
2607 2542 2740 2590 papae
2787 2531 2843 2578 ad
2885 2531 3184 2590 Eusebium,
3226 2532 3405 2582 Patrol.

151 2582 302 2622 suam
337 2579 645 2639 nuncupet;
675 2573 802 2641 quia
831 2574 1076 2644 singulis,
1102 2587 1161 2631 ut
1199 2579 1460 2649 solebam,
1491 2583 1702 2640 facienti

1890 2542 2034 2582 etiam
2083 2542 2318 2590 Eptstotas
2372 2542 2551 2578 Ltoern
2581 2542 2740 2640 “pars:
2787 2542 2843 2578 au
2885 2542 3184 2595 husebtum,
3227 2542 3404 2582 ratrot.

1891 2603 2002 2645 tom.
2031 2593 2166 2656 VIII,
2190 2591 2462 2654 coll.1350,
2488 2592 2627 2652 1550,
2685 2592 2835 2656 556.)

223 2761 249 2790 ⁸
273 2753 434 2809 Deest
465 2754 582 2810 lucc
609 2772 710 2813 vox
740 2760 879 2830 apud
907 2757 1402 2836 Baronium,'quam
1427 2777 1607 2823 tamen
1629 2768 1825 2824 habent
1849 2768 1940 2823 alii
1966 2767 2120 2823 editi.

975 2941 1200 3086 SA
1226 2945 1683 3092 NCTI
1775 2949 2558 3095 EUSEBII

1021 3112 1607 3189 VERCELLENSIS
1635 3129 1978 3192 EPISCOPl
2004 3130 2106 3189 ET
2127 3125 2540 3190 MARTYRIS

536 3353 541 3357 ,
608 3234 848 3419 DE
932 3243 1827 3369 TRINITATE
1920 3228 2921 3376 CONFESSIO

1166 3422 1244 3477 Ex
1312 3439 1598 3479 ANECDO'I'IS
1635 3440 1813 3482 sscats
1842 3426 2069 3481 EUGBNII
2096 3442 2164 3481 ns
2192 3425 2376 3481 Levis.

171 2862 3365 2893 MM

1545 3659 2089 3732 MONITUM.
2145 3708 2152 3725 .

221 3760 505 3834 Postquam
544 3765 863 3835 prwfationis
904 3767 1050 3822 initio
1076 3779 1322 3840 susceptae
1358 3787 1390 3824 a
1428 3787 1480 3824 se
1510 3771 1892 3826 Anecdotorum
1921 3771 2226 3842 oulgationis
2263 3787 2382 3824 cum
2418 3769 2880 3824 occasionemtum
2905 3763 3174 3817 utilitatem
3202 3774 3395 3814 memo-

150 3851 278 3904 ravit
297 3891 314 3917 ,
345 3853 419 3906 sic
445 3855 768 3925 progreditur
786 3857 864 3909 uir
883 3858 1257 3912 eruditissimus
1284 3859 1347 3912 de
1373 3857 1520 3914 Levis
1559 3875 1579 3912 :
1616 3859 1913 3929 Exordiar,
1947 3844 2020 3917 de
2043 3862 2102 3917 S.
2155 3861 2390 3916 Eusebio
2431 3857 2766 3915 Vercellensi
2814 3855 3076 3926 episcopo.
3108 3850 3265 3921 hujus
3307 3863 3404 3902 no-

153 3943 309 3999 minis
336 3947 512 4014 primo
554 3945 809 4018 (Malleus
841 3950 1164 4005 Arianorum
1197 3950 1925 4020 appellatus)'confessionem
1954 3954 2076 4022 ﬁdei
2118 3953 2360 4006 adversus
2408 3951 2626 4004 Arianos
2673 3949 2774 4002 luci
2814 3943 3168 4005 mandandam
3202 3939 3395 4003 statui,

149 4047 304 4103 quam
333 4035 456 4091 lidei
473 4035 754 4091 formulam
778 4039 950 4098 tribus
975 4043 1025 4094 in
1048 4040 1186 4094 foliis
1214 4040 1636 4095 metnbranaceis
1661 4041 2055 4109 pertinentibus
2094 4042 2203 4109 jam
2226 4040 2291 4093 ad
2321 4041 2629 4108 perinsigne
2657 4035 3041 4090 monasterium
3069 4033 3390 4086 Sanctorum

150 4124 452 4194 Michaelis,
493 4138 547 4184 et
570 4129 805 4188 Januarii
836 4134 1084 4203 martyris
1113 4133 1178 4186 tle
1207 4133 1437 4188 Lucedio
1461 4136 1657 4200 reperi,
1685 4143 1738 4187 et
1759 4133 1986 4187 exscribi
2017 4134 2220 4186 curavi.
2254 4132 2404 4200 Quod
2436 4131 2820 4184 monasterium
2853 4125 3128 4180 conditum
3161 4123 3260 4176 fuit
3288 4137 3399 4180 sm-

151 4218 274 4272 culo
313 4220 578 4289 septimo,
615 4231 675 4278 ut
724 4239 823 4279 suo
854 4226 974 4278 loco
1028 4223 1213 4277 videre
1242 4232 1353 4284 est,
1396 4231 1449 4276 et
1497 4223 1598 4277 sub
1635 4221 1857 4290 speciali
1902 4222 2064 4276 tutela
2107 4222 2483 4290 episcoporum
2535 4218 2979 4273 Vercellensimn.
3027 4215 3173 4282 Quos
3219 4221 3404 4268 autem

151 4310 507 4369 Vercellensis
546 4314 803 4371 Ecclesiae
842 4315 901 4372 S.
947 4315 1210 4368 antistites
1251 4315 1447 4368 smculo
1490 4313 1667 4368 forsan
1700 4323 1889 4368 octavo
1915 4315 2152 4383 regimen
2183 4313 2340 4381 hujus
2366 4312 2686 4366 monasterii
2709 4305 3399 4378 sumpsisse,ctrctinuisse

147 4419 315 4474 usque
355 4406 423 4460 ad
473 4406 532 4462 8.
566 4400 877 4462 Bonomium
918 4407 1022 4459 vita
1067 4406 1304 4460 functum
1348 4406 1517 4472 1026,
1550 4423 1605 4461 ιιι
1631 4406 1740 4461 kal.
1784 4406 2131 4475 Septembris.
2175 4404 2367 4459 Verum
2410 4405 2626 4474 quidem
2678 4413 2794 4467 est,
2834 4399 2974 4468 quod
3021 4412 3211 4461 nemo,
3243 4412 3399 4467 quem

147 4497 310 4551 sciam
342 4512 411 4549 ex
459 4497 849 4551 recentioribus
895 4498 1015 4551 huic
1060 4506 1248 4551 sancto
1293 4497 1622 4553 Vercellensi
1657 4499 1910 4570 episcopo
1929 4497 2162 4552 Eusebio
2193 4498 2464 4568 inscripsit
2499 4497 2656 4551 aliam
2699 4493 3090 4549 confessionem
3144 4491 3400 4545 adversus

147 4593 407 4654 Arianos,
444 4607 602 4660 quam
654 4592 800 4648 illam
851 4593 1141 4663 vulgariter
1189 4593 1506 4662 appellatam
1550 4593 1850 4662 Symbolum
1889 4593 2222 4662 quicumque,
2264 4591 2333 4646 de
2389 4590 2788 4659 quolscribunt
2836 4587 3068 4640 Joannes
3091 4583 3397 4651 Stephanus

147 4681 426 4739 Ferrerius
451 4685 810 4742 Vercellensis
835 4686 1068 4762 Prazsul,
1099 4687 1158 4740 P.
1183 4683 1468 4741 Corbellini
1489 4728 1504 4752 ,
1533 4685 1743 4739 Marcus
1762 4685 2014 4739 Aurelius
2044 4684 2314 4748 (Insanus,
2343 4683 2556 4748 aliique.
2583 4679 2686 4735 Sed
2710 4680 2754 4732 si
2784 4686 2985 4731 attente
3011 4672 3387 4752 perpendimus

145 4775 330 4850 qu:eS.
349 4779 541 4833 doctor
565 4780 924 4849 scripsitcum
953 4781 1012 4836 S.
1037 4781 1331 4836 Athanasio
1372 4783 1437 4836 ad
1480 4781 1878 4845 Antiochenos,
1905 4795 2009 4833 non
2041 4794 2323 4847 possumus
2366 4777 2485 4828 huic
2501 4772 2748 4842 ‘Opinioni
2781 4783 3100 4825 consensum
3143 4768 3392 4836 prrehere

145 4871 386 4940 adeoque
417 4870 718 4938 Symbolum
736 4873 1032 4943 quicumque
1053 4873 1346 4928 conﬂatum
1374 4875 1762 4942 posterioribus
1788 4873 1999 4927 saeculis
2020 4871 2358 4938 indicandum
2381 4867 2649 4921 duxerunt
2670 4861 3138 4932 permulti,quihus
3160 4861 3390 4916 libenter

144 4961 487 5015 assentimus.
514 4958 657 5028 Opus
680 4960 743 5015 de
768 4961 974 5018 Unitate
998 4963 1264 5020 Trinitatis
1303 4964 1580 5031 scripsisse
1605 4963 1664 5017 8.
1698 4961 1987 5016 Eusebium
2011 4961 2172 5015 tradit
2196 4959 2437 5012 laudatus
2459 4958 2743 5024 episcOpus
2777 4954 3058 5008 Ferrerius
3090 4951 3191 5005 lide
3223 4951 3384 5004 unius

145 5050 354 5106 Codicis
379 5053 431 5104 in
457 5050 704 5106 Vaticana
730 5053 1053 5108 Bibliotheca
1083 5053 1399 5118 existentis,
1429 5068 1587 5121 quem
1616 5051 1857 5120 sequitur
1881 5051 2208 5120 Hyacinthus
2234 5047 2429 5102 Galizia
2465 5046 2580 5100 Vite
2608 5046 2687 5097 de’
2713 5046 2885 5106 Santi.
2920 5055 3050 5099 tom.
3075 5045 3113 5110 l,
3149 5060 3198 5112 p.
3262 5043 3386 5105 I77,

143 5145 382 5198 Scriberis
413 5144 687 5211 exemplar
718 5144 874 5212 hujus
910 5144 1085 5213 operis
1117 5146 1167 5197 in
1217 5143 1550 5198 Bibliotheca
1584 5142 1689 5194 PP.
1735 5142 1966 5196 Oratorii
2009 5140 2066 5193 S.
2112 5137 2339 5206 Philippi
2391 5135 2534 5189 Nerii
2575 5135 2790 5209 Taurini
2818 5134 3085 5189 asservari
3139 5148 3200 5187 ex
3246 5131 3389 5184 dono

145 5233 351 5287 abbatis
381 5229 648 5298 Laurentii
675 5231 843 5287 Scoti.
868 5233 1018 5298 Quod
1045 5234 1322 5300 exemplar
1350 5232 1454 5286 vidi
1483 5246 1622 5285 anno
1651 5231 1811 5297 1762,
1837 5247 1903 5285 ex
1933 5243 2038 5297 quo
2061 5215 2201 5281 aliud
2231 5228 2593 5282 transcribere
2623 5241 2957 5281 curaveram.
2983 5225 3100 5291 Quo
3127 5221 3394 5286 exscripto

145 5325 301 5381 didici
334 5322 498 5377 alium
538 5323 734 5378 librum
761 5323 1042 5393 scripsisse
1065 5325 1127 5377 de
1156 5326 1349 5392 Optimo
1377 5339 1557 5395 genere
1580 5322 1946 5391 interpretandi
1972 5337 2168 5374 sacram
2190 5319 2515 5386 Scripturam
2541 5334 2704 5388 super
2731 5319 2825 5372 illa
2851 5316 3032 5370 verba:
3057 5313 3135 5366 Ea:
3158 5311 3389 5379 [Egyplo

146 5416 313 5470 vocavi
347 5414 514 5482 ﬁlium
534 5429 723 5480 meum,
752 5423 812 5468 ut
842 5415 892 5468 in
926 5416 1031 5468 line
1071 5414 1191 5468 libri
1219 5431 1252 5467 v
1285 5414 1478 5484 legitur
1511 5423 1630 5482 post
1673 5413 2057 5484 professionem
2089 5413 2427 5492 Arianorum.
2459 5411 2731 5466 Consultis
2783 5419 2958 5462 tamen
2991 5405 3138 5459 hisce
3167 5405 3396 5471 quinque

145 5506 334 5570 libris,
389 5519 483 5559 seu
527 5517 690 5573 opere
718 5505 786 5559 de
817 5504 1033 5560 Unitate
1070 5503 1347 5559 Trinitatis
1387 5519 1507 5559 cum
1550 5507 1803 5573 operibus
1836 5507 1897 5559 S.
1942 5505 2224 5560 Athanasii
2253 5505 2427 5574 reperi
2475 5508 2570 5559 hos
2619 5505 2804 5566 libros,
2829 5516 2920 5555 seu
2967 5514 3100 5566 opus
3136 5496 3390 5549 Faustino

145 5597 462 5669 presbytero
487 5593 799 5648 attributum
819 5636 834 5660 ,
871 5594 974 5650 etsi
1010 5594 1225 5650 div’erso
1249 5596 1439 5650 ordine
1484 5610 1641 5664 quam
1688 5597 1737 5649 in
1767 5597 1924 5652 editis
1953 5596 2296 5652 distributum
2326 5597 2418 5650 sit.
2447 5596 2818 5650 Pcrscrutatus
2853 5592 3012 5644 etiam
3043 5589 3112 5642 fui
3159 5587 3388 5641 maxima

145 5705 262 5746 cum
294 5686 572 5754 diligentia
603 5686 648 5741 si
671 5701 790 5755 qua:
811 5686 996 5742 in'hoc
1022 5701 1188 5756 opere
1209 5687 1490 5749 adessent,
1518 5701 1635 5754 quae
1667 5687 1825 5742 nobis
1850 5695 2054 5742 certum
2079 5695 2351 5740 auctorem
2379 5687 2715 5747 indicarent,
2736 5690 2790 5736 et
2818 5678 3049 5735 maxime
3080 5677 3132 5731 in
3161 5675 3386 5746 epistola

145 5782 403 5850 Augustae
423 5774 684 5833 Flaccilla:
709 5775 855 5846 data,
882 5791 985 5848 qua
1005 5792 1142 5847 opus
1165 5790 1319 5832 suum
1345 5775 1580 5840 dicavit;
1605 5775 1736 5832 nihil
1771 5785 1948 5832 tamen
1975 5775 2186 5840 inveni,
2220 5776 2326 5832 nisi
2353 5775 2622 5833 variantes
2647 5772 2831 5840 plures
2857 5766 3115 5824 lectiones
3137 5809 3153 5836 ,
3193 5775 3248 5824 et
3272 5777 3395 5836 post
