3936 6418
520 314 628 371 955
1595 320 1836 378 SANCTI
1876 322 2141 380 EUSEBII
2179 323 2692 385 VEBCELLENSIS
3670 334 3773 389 936

524 441 909 515 I’rofessionem
935 448 1180 503 Arianam
1209 492 1222 515 ,
1264 465 1383 521 qua:
1414 450 1500 505 hic
1540 452 1592 506 iu
1624 454 1812 522 quinm
1842 452 2188 511 libro’exstat
2208 499 2224 523 ,
2252 458 2596 527 reperiuntur
2624 462 2775 530 plura
2805 462 3004 518 inedita
3024 506 3037 530 ,
3063 465 3225 521 inter‘
3239 480 3387 536 quae,
3423 478 3479 522 ut
3495 469 3604 539 jam
3626 470 3769 537 dixi,

530 547 796 629 memorat
821 555 977 595 suum
1000 541 1193 597 librum
1228 543 1296 597 de
1320 545 1529 614 optimo
1555 558 1756 613 genere
1785 544 2174 615 interpretandi
2206 562 2414 602 sacram
2452 549 2805 629 Scripturarn.
2835 553 2971 609 Num
3005 570 3133 611 vero
3162 556 3263 611 hoc
3303 539 3438 627 opus
3464 574 3492 612 a
3518 559 3575 616 S.
3609 560 3777 614 Ense-

521 628 612 683 bio
645 632 1011 700 conscriptum
1051 635 1121 687 sit
1148 650 1176 687 a
1206 635 1389 689 multis
1411 636 1821 703 sapienliSsitttis
1847 637 1976 691 viris
2000 636 2298 692 dubitatum
2330 639 2421 693 fuit
2447 680 2463 705 ,
2488 634 2633 695 inter
2659 628 2798 711 quos
2829 658 2935 698 non
2966 653 3049 699 est
3069 646 3398 702 omittendus
3425 648 3496 702 cl.
3524 648 3582 703 F.
3612 648 3775 703 Joan-

518 735 616 777 nes
648 722 882 791 Baptista
913 724 1191 779 Audifredi
1223 741 1287 779 ex
1318 726 1517 780 Ordine
1547 726 1721 805 Prted.
1746 726 2126 783 Casanatcnsis
2168 729 2507 785 bibliotheca:
2540 732 2855 800 praefectus,
2878 736 2968 803 qui
2991 737 3113 791 cum
3136 752 3258 792 eum
3284 714 3608 807 rogavissem
3629 783 3644 806 ,
3663 742 3773 811 jam

516 814 585 867 ab
613 829 755 868 anno
784 816 941 878 1771,
969 826 1026 871 ut
1046 832 1140 870 sua
1172 818 1418 887 pervigili
1442 834 1567 895 cura
1593 818 2022 887 perscrutaretur
2044 821 2096 873 in
2122 818 2376 874 Vaticana
2402 820 2546 877 hunc
2576 822 2841 889 codicem,
2864 822 2996 880 mihi
3024 842 3117 895 sua
3138 829 3456 897 epistolade
3475 833 3563 887 die
3589 832 3659 887 29
3682 848 3775 889 uo-

514 906 751 961 vembris
785 907 942 967 1776,
974 922 1293 976 responsum
1316 908 1464 963 dedit
1492 910 1544 963 in
1569 908 1754 963 codice
1777 908 1915 978 sign.
1952 909 2182 980 13l9,p.
2206 911 2331 974 255,
2362 920 2576 965 exstare
2607 930 2834 979 optts....
2870 912 2929 969 S.
2960 915 3163 970 Eusebii
3184 919 3411 989 episcOpi
3435 916 3621 989 incipit
3648 921 3799 976 liber.

515 995 579 1048 de
629 996 839 1050 Unitnte
869 995 1155 1051 Trinitatis.
1188 998 1401 1052 Initium
1445 1000 1626 1066 operis
1674 1000 1820 1053 hisce
1861 1000 2046 1054 verbis
2072 1001 2295 1069 incipit:
2323 1000 2398 1055 Tu
2430 1019 2558 1055 unus
2580 1002 2755 1068 Pater,
2786 1016 2832 1059 et
2859 1002 3064 1069 Filius,
3088 1018 3137 1062 et
3171 1007 3233 1064 S.
3259 1010 3515 1079 Spiritus,
3548 1015 3632 1082 qui
3660 1014 3775 1067 uni-

514 1092 700 1147 ta'em,
732 1084 964 1138 deitatem
995 1087 1139 1139 nobis
1166 1087 1472 1152 declarasti,
1501 1095 1633 1153 elc.,
1675 1087 1895 1155 exitlicit
1922 1099 2152 1158 quatuor
2175 1091 2345 1145 libris.
2377 1090 2539 1146 Liber
2568 1093 2786 1147 ultimus
2816 1094 2932 1150 finit
2962 1098 3046 1151 his
3072 1099 3281 1153 verbis:
3315 1100 3470 1155 (Inita
3503 1114 3577 1157 est
3601 1121 3774 1159 eorum

510 1175 743 1242 Operatio
779 1174 833 1227 in
863 1177 1066 1244 facttu'a
1086 1216 1102 1242 ,
1146 1185 1201 1231 et
1226 1178 1469 1245 sequitur
1497 1178 1837 1231 immediate:
1870 1176 2099 1246 Explicit
2136 1176 2266 1233 liber
2290 1191 2523 1249 quartus.
2554 1179 2743 1250 Incipit
2775 1183 2901 1238 liber
2935 1186 2999 1239 de
3040 1188 3355 1257 professione
3391 1188 3688 1256 Catholica,
3718 1202 3776 1249 et

515 1265 824 1329 immediate
864 1266 1003 1320 alter
1032 1266 1169 1321 liber
1199 1266 1276 1321 De
1302 1270 1619 1338 professione
1664 1268 1823 1337 impia
1862 1267 2172 1323 Arianorum
2217 1273 2308 1339 qui
2350 1273 2463 1327 linit
2500 1274 2647 1330 hisce
2686 1278 2897 1331 verbis:
2942 1277 3005 1334 Si
3032 1296 3183 1335 aures
3211 1283 3383 1337 surda:
3408 1294 3528 1337 sunt
3565 1296 3774 1341 cratera-

517 1372 631 1411 rum
657 1398 671 1421 ,
706 1370 836 1423 etc.,
871 1374 922 1412 tn
950 1374 1051 1423 qua
1082 1374 1175 1412 sua
1208 1360 1441 1427 epistola
1479 1375 1584 1413 non
1615 1359 1877 1414 dubitavit
1896 1359 2165 1415 aftirtnare
2194 1361 2435 1419 Faustini
2468 1368 2762 1438 presbyteri
2797 1384 2902 1424 non
2931 1386 3085 1440 esse,
3113 1374 3207 1428 sed
3241 1378 3415 1443 potius
3436 1376 3503 1442 ⁴8.
3531 1377 3771 1436 Eusebii.

514 1446 826 1513 Quinimmo
856 1448 907 1502 in
937 1450 1041 1503 alia
1071 1464 1164 1503 sua
1204 1450 1430 1517 epistola
1461 1449 1528 1503 de
1551 1450 1640 1504 die
1684 1450 1750 1505 15
1772 1450 1910 1516 jttttii
1941 1451 2076 1506 i778
2113 1453 2430 1521 epistolam,
2464 1469 2560 1509 seu
2608 1458 2842 1512 libellum
2870 1459 2938 1514 de
2968 1461 3278 1519 Canouibus
3322 1462 3733 1535 Evangeliorum
3756 1510 3772 1536 ,

512 1542 623 1621 qui‘
651 1541 842 1609 legitur
890 1541 940 1594 in
985 1540 1224 1609 pluribus
1257 1540 1586 1593 editionibtts
1624 1541 1681 1595 8.
1713 1540 2035 1609 Scripturre,
2076 1556 2198 1596 esse
2232 1544 2472 1611 ejusdem
2520 1550 2756 1603 auctoris
2796 1550 3120 1619 affirmavit,
3171 1555 3377 1610 etiamsi
3428 1558 3670 1626 pluribus
3712 1561 3771 1616 S.

520 1629 813 1699 Scriptura:
842 1630 1170 1685 editionibus
1197 1626 1384 1685 Grtcce
1433 1639 1633 1684 tantum
1693 1632 1807 1714 haec
1851 1632 2095 1702 legatur:
2141 1630 2356 1688 tandem
2395 1637 2701 1693 obsccvavit
2752 1640 2806 1695 in
2853 1643 3085 1699 editione
3133 1645 3773 1717 Orthodoxographorum

521 1719 660 1805 hanc
711 1721 993 1791 epistolam
1035 1736 1248 1775 exsmrc
1279 1723 1465 1776 erce
1504 1731 1557 1774 et
1599 1721 1789 1776 Latine
1828 1724 2079 1791 scriptam
2124 1738 2190 1779 ex
2234 1729 2397 1780 veteri
2450 1730 2697 1786 versione
2738 1731 2952 1797 Latina,
2985 1743 3040 1789 et
3088 1735 3138 1789 in
3173 1736 3408 1805 linguam
3440 1738 3677 1794 Latinam
3721 1743 3773 1797 in

503 1804 667 1867 “tonio
698 1812 761 1866 Vi
800 1812 1148 1867 Bibliotheca:
1186 1811 1374 1867 Grecae
1412 1812 1674 1879 Fabricii,
1714 1829 1833 1882 qua:
1874 1814 2089 1884 quidem
2142 1819 2315 1870 omnia
2351 1821 2626 1875 maturiori
2664 1816 2892 1877 cohsilio
2926 1827 3201 1881 tractanda
3244 1804 3436 1896 erunt,
3484 1841 3539 1885 ut
3576 1834 3774 1891 veritas

514 1908 739 1963 oriatur.
772 1907 904 1961 Nam
952 1907 1161 1964 etiamsi
1209 1906 1359 1963 hisce
1388 1907 1858 1963 observationibus
1907 1911 2189 1977 perpensis
2236 1901 2513 1982 exemplar
2558 1915 2904 1973 Taurincnsis
2952 1917 3400 1991 Congrcgationis
3441 1924 3498 1980 8.
3541 1928 3776 2000 Philippi

513 1999 661 2054 Nerii
687 1999 1007 2067 reperissem
1040 1997 1318 2054 confortne
1348 2000 1521 2068 quoad
1557 1998 1933 2064 substantiam,
1966 2015 2085 2053 cum
2121 2010 2298 2055 tamen
2343 2002 2581 2058 siluisset
2605 2047 2619 2069 ,
2662 2023 2787 2062 num
2819 2011 2985 2066 codex
3018 2012 3110 2068 ille
3141 2014 3407 2071 Vaticana:
3430 1997 3775 2077 Bibliotltecie

520 2092 592 2143 sit
634 2092 686 2144 in
729 2092 1042 2143 membrana
1088 2092 1430 2158 conscriptus
1469 2103 1669 2153 necne,
1700 2088 1942 2142 sifuisset
1978 2094 2350 2147 characternm
2397 2093 2646 2161 formam,
2680 2107 2733 2151 et
2761 2100 2961 2154 codicis
3013 2111 3227 2159 a-tatcm
3254 2092 3613 2175 ’reticuiSsct,
3644 2110 3773 2186 mihi

516 2188 687 2239 visum
721 2186 806 2239 hic
838 2185 935 2238 fuit
975 2184 1228 2237 utendum
1269 2201 1373 2237 non
1401 2197 1517 2253 esse
1547 2182 1766 2250 hujusce
1793 2183 1972 2250 operis
2004 2186 2354 2247 auctoritate,
2384 2188 2449 2239 ad
2482 2190 2867 2246 ostendendam
2896 2191 3153 2249 doctrina:
3186 2198 3442 2253 unitatem
3472 2199 3530 2255 S.
3560 2182 3774 2258 Eusebii

514 2278 771 2333 adversus
796 2278 1021 2332 Arianos
1045 2280 1099 2331 in
1126 2277 1221 2330 hac
1240 2276 1580 2331 confessione
1602 2291 1629 2328 a
1664 2273 1820 2327 nobis
1846 2273 2051 2328 edenda
2078 2315 2092 2338 ,
2124 2268 2486 2345 nequeetiam
2518 2289 2877 2349 opportunum
2906 2282 3069 2339 edere
3098 2303 3157 2339 ea
3190 2289 3369 2343 omnia
3391 2328 3405 2350 .
3432 2306 3549 2358 qmc
3574 2292 3774 2347 inedita

514 2380 729 2440 reperta
761 2378 888 2425 sunt
918 2371 971 2424 in
995 2370 1095 2424 hoc
1120 2384 1287 2437 Opere
1314 2367 1565 2422 Faustino
1595 2365 1874 2435 attributo.
1924 2364 2119 2431 Quanti
2149 2367 2218 2419 sit
2261 2368 2505 2423 facienda
2553 2370 2823 2425 confessio
2870 2374 2994 2428 lidei
3041 2376 3196 2447 bujns
3233 2382 3400 2433 nostri
3442 2380 3498 2435 8.
3540 2381 3775 2437 doctoris

514 2465 763 2528 Eusebii,
802 2465 1060 2519 lectorem
1114 2465 1332 2518 remitto
1378 2460 1444 2515 ad
1495 2458 1956 2530 pnefutiunculatn
2002 2460 2301 2527 appositam
2347 2468 2471 2515 ante
2520 2474 2719 2516 testum
2747 2504 2762 2530 ,
2805 2472 2859 2518 et
2889 2466 2952 2517 ad
3001 2483 3162 2535 parva
3192 2470 3579 2525 commentaria
3611 2487 3776 2542 super

518 2557 685 2625 ipsam
732 2553 1126 2608 c0nfessionem
1174 2552 1337 2616 facta,
1391 2553 1441 2605 in
1496 2550 1689 2619 quibus
1728 2557 1873 2603 certa
1916 2560 1967 2603 et
2008 2548 2343 2605 evidentiora
2384 2564 2697 2621 argumenta
2737 2555 3002 2611 habentur
3032 2559 3097 2612 de
3140 2576 3266 2617 vero
3307 2576 3524 2619 auctore
3551 2565 3772 2636 hujusce

508 2648 734 2719 symboli
757 2688 771 2709 ,
795 2640 975 2715 deque
1017 2660 1139 2699 vera
1171 2658 1283 2699 sua:
1321 2639 1444 2696 lidei
1481 2639 1841 2711 professione,
1871 2648 1927 2693 et
1954 2640 2223 2695 catholico
2250 2642 2531 2712 dogmate,
2576 2646 2645 2697 ita
2684 2658 2736 2700 ut
2775 2648 3029 2705 lectorem
3072 2667 3100 2704 a
3130 2643 3386 2717 consilio,
3419 2665 3473 2709 et
3496 2657 3761 2713 sententia

514 2758 629 2798 mea
670 2744 1028 2797 discessurum
1068 2756 1174 2795 non
1203 2738 1365 2793 credo
1397 2737 1543 2791 hisce
1572 2735 1824 2789 omnibus
1863 2735 2162 2803 perpensis.
2204 2734 2336 2789 Nam
2370 2736 2418 2787 in
2467 2734 2578 2789 illis
2614 2752 2771 2807 quem
2800 2754 3036 2796 consona
3079 2743 3151 2797 sit
3192 2744 3433 2800 doctrina
3464 2748 3520 2799 8.
3554 2748 3769 2802 Eusebii

511 2834 618 2889 ξιιςυ
641 2834 699 2890 8.
724 2830 1385 2897 Athattasii;Alexandri:e,
1411 2829 1740 2896 reliquorum
1766 2838 2071 2884 sanctorum
2097 2826 2340 2891 Patrum,
2370 2829 2647 2896 probatmn
2680 2841 2781 2885 est.
2813 2832 2957 2899 Quas
2985 2850 3112 2890 vero
3142 2838 3437 2903 peculiares
3474 2842 3774 2897 sententias

516 2928 803 2997 protulerit
851 2926 909 2981 S.
960 2924 1227 2981 Eusebius
1264 2932 1317 2977 et
1360 2920 1665 2977 conformes
1708 2934 1879 2974 sacra:
1917 2919 2243 2989 Scriptum,
2291 2922 2524 2990 antiquis
2548 2923 2833 2989 Patribus,
2876 2940 2929 2981 ct
2976 2931 3220 2986 conciliis
3249 2932 3679 2990 άεηιοηειε-ειηη,
3717 2937 3771 2991 in

510 3021 619 3075 illis
663 3019 781 3075 fuit.
816 3020 974 3074 Hisce
1010 3019 1087 3072 sic
1119 3017 1281 3073 editis
1323 3015 1540 3070 habebit
1571 3016 1739 3069 lector
1784 3030 1916 3067 nova
1966 3024 2279 3081 argumenta
2312 3015 2376 3069 ad
2426 3016 2746 3073 Arianorum
2789 3018 3036 3078 btcresim
3082 3024 3428 3092 confutanda,
3460 3043 3630 3084 novas
3669 3032 3772 3087 cir—

511 3110 865 3164 cumstantias
904 3108 969 3161 ad
1002 3106 1374 3161 illustrandam
1414 3104 1693 3158 historiam
1723 3102 1869 3156 illius
1902 3103 2179 3170 temporis.

1656 3198 1678 3214 α

1498 3293 2203 3405 DISQUISITIO
2311 3297 2769 3383 PR/EVIA

1168 3455 1272 3516 DE
1314 3453 1617 3516 EUSEBII
1654 3451 2235 3513 VERCELLENSIS
2275 3453 2489 3517 FIDE]
2528 3456 3079 3537 EXPOSITIONE,
3177 3457 3183 3464 ’

1578 3597 1696 3649 SEU
1732 3597 1813 3649 DE
1845 3596 2137 3650 AUCTORE
2169 3598 2369 3649 HUJUS
2406 3599 2698 3654 SYMBOLI.

535 3220 3712 3255 Ἃ

580 3828 789 3884 Acriter
828 3827 938 3895 jam
991 3842 1020 3879 a
1053 3825 1235 3878 multis
1264 3822 1578 3881 clarissimis
1605 3820 1733 3874 viris
1760 3820 2088 3887 disputatum

2195 3824 2382 3906 relata:
2408 3842 2435 3877 a
2461 3826 2767 3897 Tlteologis.
2798 3828 2907 3898 ﬂos
2929 3838 3105 3885 autem
3130 3832 3319 3889 Patres
3343 3835 3571 3893 :ctaleS.
3597 3837 3765 3892 Atha-

512 3922 615 3976 l’uit
641 3919 709 3975 de
734 3917 980 3991 symbolo
1011 3916 1348 3984 Quicumque,
1370 3912 1490 3967 aliis
1514 3913 1570 3968 S.
1602 3912 1895 3967 Athanasio
1921 3910 2097 3965 vindi-
2140 3916 2141 3919 “
2194 3906 2354 3980 nasii,
2380 3929 2440 3973 ct
2468 3919 2525 3972 S.
2555 3918 2768 3975 Eusebii
2799 3920 3161 3980 Vercellensis
3198 3929 3437 3998 episcopi
3469 3929 3634 3983 fuisse
3664 3945 3762 3984 ne-

510 4012 760 4069 cantibus
798 4008 960 4073 illud,
992 4009 1113 4061 aliis
1158 4003 1443 4061 Anastasio
1486 4003 1706 4060 Sinaita:
1733 4045 1749 4068 ,
1800 4002 1982 4056 multis
2026 4000 2091 4054 ab

509 4117 728 4160 auctore
759 4103 950 4157 Latino
980 4102 1295 4157 adornatum
1336 4099 1499 4155 fuisse
1549 4098 1927 4168 pugnantibus,
1959 4112 2093 4151 non-
2134 4148 2143 4153 _

512 4197 674 4251 nullis
702 4212 729 4249 a
762 4195 968 4250 Gallico
992 4196 1260 4263 scriptore
1288 4192 1588 4246 confectum
1618 4191 2086 4257 contendentibus,

510 4303 577 4341 ex
614 4287 810 4356 quibus
863 4285 1109 4353 Vigiliutn
1162 4282 1511 4351 Tapsitanum
1565 4282 1714 4336 n.ulti
1760 4282 2092 4335 contendunt

511 4388 809 4438 auctorem,
841 4374 929 4426 alii
977 4373 1314 4426 Vincentium
1342 4372 1674 4425 Lirinensetn
1698 4388 1713 4437 ;
1740 4381 1791 4426 et
1818 4386 1944 4425 suas
1968 4386 2091 4427 sett-

512 4468 707 4523 tentias
736 4464 960 4519 fulciuut
990 4462 1320 4517 ostendendo
1349 4463 1398 4513 in
1429 4462 1517 4513 illo
1544 4462 1787 4529 symbolo
1813 4462 2091 4515 damnatas

512 4560 747 4615 hmrcscs
774 4554 1108 4623 Eutychetis,
1137 4561 1194 4608 et
1219 4551 1451 4606 Nestorii
1478 4560 1595 4619 post
1617 4551 1817 4603 obitum
1844 4551 1899 4603 8.
1918 4550 2088 4603 Atha-

512 4651 648 4707 nasii
666 4645 991 4710 exortas.At
1015 4644 1138 4715 quid
1169 4643 1295 4697 inde
1322 4641 1365 4696 si
1383 4643 1500 4711 quis
1524 4640 1725 4695 diceret
1748 4650 1961 4693 sanctos
1990 4640 2090 4693 Pa-

512 4753 621 4799 tres
651 4754 1059 4811 praeoccupasse
1086 4779 1100 4803 ,
1149 4747 1204 4793 et
1250 4735 1567 4805 pm'cavisse
1614 4733 1709 4786 has
1740 4733 2001 4799 lucrcses,
2032 4742 2089 4787 ut

504 4839 617 4908 jam
647 4838 992 4890 observatum
1025 4844 1108 4890 est
1137 4834 1204 4889 ab
1257 4832 1552 4899 historicis,
1592 4845 1758 4901 penes
1804 4829 1985 4899 plures
2024 4830 2082 4887 8.

511 4931 700 4985 Patres
729 4928 1261 4997 antiquiores?Tuuc
1288 4928 1485 4982 nullius
1516 4926 1769 4981 momenti
1800 4936 1981 4979 essent
2004 4925 2086 4980 ha“:

510 5020 768 5077 rationes.
814 5018 965 5086 Quod
1018 5027 1194 5073 autem
1250 5020 1477 5088 alicujus
1520 5020 1717 5088 negotii
1760 5032 1790 5071 a
1840 5016 2085 5086 pluribus

507 5111 795 5180 Thcologis
837 5108 1131 5175 judicatum
1168 5109 1305 5174 fuit,
1354 5110 1480 5164 illud
1528 5125 1649 5165 esse
1678 5110 1896 5175 dicam,
1942 5108 2084 5178 quod

508 5199 827 5257 auctoritate
848 5198 993 5251 illius
1023 5200 1250 5269 symboli
1290 5209 1619 5270 nequaquam
1647 5200 1818 5255 Latini
1851 5200 1931 5255 usi
1960 5208 2086 5253 sunt

509 5296 574 5349 ad
605 5290 1077 5348 demonstrandam
1128 5292 1388 5346 adversus
1440 5280 2081 5347 Grtecosschismaticos

510 5386 772 5455 originem
802 5385 943 5438 iliatn
975 5381 1207 5451 Spiritus
1238 5383 1407 5435 sancti
1432 5397 1461 5435 a
1488 5382 1645 5448 Filio,
1669 5400 1764 5441 seu
1790 5384 2080 5454 processio-

509 5496 643 5541 nem,
677 5489 733 5531 ut
757 5477 952 5530 docent
974 5474 1255 5543 Theologi.
1276 5472 1372 5528 Cui
1405 5476 1593 5530 rationi
1619 5477 1772 5533 facile
1801 5476 2079 5547 quisquam

510 5587 781 5640 opponere
825 5580 1003 5639 passet
1030 5572 1087 5626 S.
1118 5570 1376 5624 Basilium
1409 5568 1649 5647 Magnum
1674 5616 1687 5635 ,
1720 5584 1771 5641 et
1797 5572 2079 5643 Didymum

516 5664 933 5721 Alexandrinum
979 5664 1115 5719 hanc
1143 5663 1510 5734 processionem
1534 5665 1844 5733 agnovisse,
1879 5672 1933 5718 ct
1979 5674 2077 5715 tra-

534 5752 753 5825 didisse,
785 5772 1012 5833 quorum
1044 5758 1391 5816 auctoritates
1416 5764 1601 5815 contra
1631 5757 1846 5817 Gra'cos
1871 5758 2084 5815 fuerunt
2138 5793 2142 5799 -

2192 4024 2280 4063 mo
2312 4009 2576 4065 iuliciatur
2602 4028 2616 4064 :
2646 4010 2889 4088 adeoque
2910 4028 3136 4070 necesse
3178 4030 3282 4070 nou
3326 4018 3420 4071 iuit
3446 4032 3636 4072 omnes
3658 4018 3760 4072 Pa-

2195 4112 2324 4167 tres,
2356 4112 2410 4157 et
2436 4105 2633 4173 scripta
2664 4120 2852 4159 eorum
2878 4106 2981 4159 illis
3002 4106 3271 4176 objicere,
3303 4117 3355 4161 et
3387 4110 3623 4162 ittaxiute
3654 4108 3765 4163 for-

2187 4208 2281 4248 san
2306 4211 2422 4263 qum
2450 4197 2499 4249 in
2533 4197 2775 4251 omnium
2802 4212 2895 4251 ore
2938 4199 3326 4263 versabantur,
3377 4208 3432 4254 ut
3472 4198 3759 4267 probetur,

2187 4302 2307 4355 qua:
2337 4288 2623 4343 traditione
2648 4288 2934 4353 dabantur,
2965 4290 3284 4345 auctoritate
3329 4288 3547 4342 Patrum
3592 4289 3756 4344 robo-

2190 4388 2302 4431 rata
2331 4378 2513 4433 fuisse.
2541 4379 2690 4443 Nam,
2722 4380 2824 4434 Chi
2844 4397 2905 4434 ex
2934 4379 3037 4442 bis,
3068 4382 3158 4452 qui
3183 4396 3281 4451 pro
3306 4394 3470 4450 supra
3496 4382 3760 4436 enarratis

2188 4472 2497 4523 auctoribus
2525 4472 2962 4541 pugnant,'pauci
2991 4474 3095 4527 sint
3121 4514 3136 4538 ,
3168 4474 3261 4543 qui
3314 4488 3409 4543 pro
3439 4474 3494 4525 8.
3527 4471 3758 4527 Eusebio

2194 4559 2520 4614 Vcrcellcnsi
2572 4562 2928 4629 scripserint.
2976 4572 3031 4617 et
3083 4563 3410 4617 sententiam
3462 4563 3600 4617 hanc
3625 4570 3757 4616 tant-

2188 4664 2345 4716 quatn
2370 4650 3015 4713 communemretulerint
3040 4652 3269 4714 :scitnus
3299 4661 3473 4705 tamen
3497 4653 3757 4721 antiquis-

2189 4741 2329 4793 sitno
2359 4748 2603 4809 tempore
2621 4740 2923 4809 symbolum
2949 4740 3143 4796 illuditt
3173 4738 3757 4795 EcclesiaVcrcellensi

2188 4830 2405 4886 recitari
2438 4829 2803 4897 consuevisse,
2844 4845 2899 4887 et
2943 4834 3286 4887 traditionem
3317 4834 3458 4887 illius
3497 4831 3756 4887 Ecclesia:

2188 4940 2286 4979 nos
2332 4924 2560 4981 educere
2594 4924 2694 4979 hoc
2748 4926 3047 4995 symbolum
3079 4926 3559 5004 Latine‘scriptum
3592 4924 3755 4979 fuisse

2186 5010 2525 5073 Alexandria!)
2558 5015 2911 5087 pricsentibus
2942 5016 3039 5073 SS.
3072 5017 3384 5084 Athanasio,
3423 5028 3476 5073 et
3516 5016 3751 5083 ASterin,

2191 5123 2245 5167 et
2276 5111 2333 5167 S.
2368 5111 2599 5166 Eusebio
2629 5110 2843 5166 laudato
2866 5152 2879 5178 ,
2921 5122 2975 5166 et
3004 5128 3123 5166 cum
3153 5112 3286 5164 actis
3316 5111 3425 5164 illic
3470 5109 3753 5165 celebratis

2190 5202 2378 5257 Latine
2406 5203 2629 5257 redditis
2654 5203 2721 5257 ab
2751 5202 2938 5257 eodem
2952 5202 3151 5274 oblatis
3172 5217 3382 5257 summo
3404 5199 3638 5270 pootilici
3661 5197 3751 5253 Li-

2188 5292 2359 5348 berio.
2390 5296 2588 5349 Omnes
2608 5293 2895 5361 scriptores
2926 5294 2992 5348 de
3022 5294 3263 5351 Ecclesia
3292 5290 3621 5349 Ver-cellensi
3648 5299 3755 5342 tra-

2188 5386 2321 5441 dunt
2350 5388 2399 5440 in
2432 5388 2539 5441 ritu
2592 5386 2895 5440 Eusebiaun
2920 5427 2935 5453 ,
2967 5397 3022 5442 et
3053 5388 3104 5441 itt
3139 5384 3287 5439 horis
3318 5383 3588 5439 canonicis
3612 5380 3750 5433 anti-

2186 5479 2363 5545 quitus
2395 5481 2761 5548 praescriptam
2794 5478 2957 5533 fuisse
2976 5478 3339 5533 recitationem
3365 5477 3585 5545 hujusce
3611 5488 3753 5544 synt-

2189 5572 2291 5626 boli
2323 5614 2336 5637 ,
2363 5584 2413 5628 et
2444 5572 2636 5628 festum
2668 5572 2931 5637 celebrari
2979 5574 3047 5627 de
3091 5573 3429 5627 sanctissima
3460 5569 3749 5632 Trinitatc,

2190 5682 2254 5723 ex
2287 5684 2393 5738 quo
2415 5669 2518 5721 ritu
2544 5666 2804 5733 Alcuinus
2831 5664 3055 5720 Flaccus
3084 5674 3326 5731 tempore
3353 5659 3529 5716 Caroli
3557 5657 3747 5725 Magni,

2194 5768 2251 5814 ut
2278 5758 2491 5814 novitiis
2515 5756 2886 5815 sacerdotibus
2927 5756 3163 5833 traderet
3195 5753 3409 5811 facilem
3443 5748 3750 5815 methodutu
