3936 6410
107 303 203 392 ρδέι

1247 328 1336 385 Di}
1372 325 1741 384 TRINI‘I’ATE
1778 322 2169 383 CONFESSIO.

3223 323 3329 379 958

102 442 397 500 celebrandi
424 457 661 510 sacrum,
693 442 905 498 Missam
942 442 1010 499 de
1029 441 1369 513 sanctissima
1392 439 1658 495 Trinitate
1683 443 1733 501 Α
1759 438 2059 516 emendatis
2084 438 2385 505 erroribus,
2415 444 2472 492 ut
2495 436 2724 507 quisque
2768 434 3052 505 impolluta
3106 444 3161 490 et
3192 432 3326 515 inor-

104 536 152 589 in
199 532 435 589 Ecclesia
467 532 799 599 Vcrcellensi
838 534 1051 589 recitari
1091 532 1293 603 pluries
1318 537 1657 595 consuetam,

100 623 278 680 diebus
297 622 939 703 dominieispraiscripsit
968 623 1058 696 (ne
1080 623 1259 679 dicam
1284 622 1449 677 alium
1480 619 1657 674 Alcui-

102 714 217 768 num
231 713 539 788 episcopum
547 712 591 769 γ
596 715 942 770 ercellensem
959 715 1059 769 hac
1082 715 1194 784 ipsa
1220 720 1539 781 tempestate
1553 709 1659 765 Ec-

98 801 306 859 clesiam
359 801 507 858 illam
550 801 1055 873 administrantem)
1090 794 1278 857 donec
1316 800 1458 855 facili
1499 797 1659 853 modo

101 899 311 967 possent
337 892 417 947 illi
448 895 728 951 scerdotes
764 895 951 969 novitii
981 894 1221 949 ediscere
1250 906 1404 945 usum
1431 890 1658 944 aliorum

98 985 444 1065 plurimarum
477 985 743 1042 codicum.
790 970 896 1042 ~Ct'ti
922 985 1156 1055 opinioni
1180 984 1343 1039 robur
1363 998 1521 1052 quatn
1548 996 1660 1035 ma-

98 1077 288 1131 simum
318 1075 477 1132 affert
502 1077 731 1147 epistola
768 1076 1021 1147 synodica
1046 1075 1208 1129 missu
1251 1074 1322 1127 ab
1362 1072 1659 1128 Athanasio

98 1168 159 1223 ad
186 1156 576 1234 Antiochenos,
606 1169 746 1227 circa
774 1166 933 1222 linem
963 1166 1077 1221 haec
1105 1163 1312 1219 habens
1338 1182 1352 1219 :
1396 1162 1522 1219 lith
1545 1164 1659 1234 qui-

97 1259 209 1317 dem.
230 1275 320 1313 nas
347 1266 459 1313 tum
485 1261 606 1329 quia
631 1263 777 1331 nefas
820 1268 896 1313 est
934 1258 1195 1327 quicquam
1225 1258 1362 1311 ultra
1388 1254 1659 1311 Nicanum

96 1353 357 1407 concilium
386 1352 661 1422 requirere,
692 1361 779 1405 aut
804 1353 1137 1408 contentiosas
1162 1350 1436 1417 sententias
1460 1350 1656 1418 recipe-

95 1459 165 1508 re,
192 1453 292 1503 tum
322 1442 401 1496 rel
446 1443 509 1496 ab
552 1458 728 1513 pacem
756 1443 942 1504 solum,
974 1454 1019 1495 et
1056 1456 1118 1495 ne
1152 1440 1404 1511 qui‘recte
1432 1440 1658 1493 sentiunt

97 1552 181 1606 pro
201 1536 399 1608 rejectis
430 1533 712 1588 habeantur
754 1535 820 1589 ad
846 1535 999 1589 istum
1025 1518 1228 1588 inodum
1265 1533 1581 1595 censuimus,
1611 1541 1659 1587 et

96 1636 260 1681 eorum
290 1625 693 1681 Canrssstouest
733 1625 899 1695 qualis
924 1626 1099 1695 fuerit,
1131 1639 1245 1690 nas,
1272 1624 1360 1693 qui
1384 1624 1547 1678 relicti
1570 1639 1657 1678 stt-

97 1734 201 1772 mus
228 1718 556 1773 Alexandriae
580 1758 595 1782 ,
641 1719 819 1789 paucis
842 1716 1172 1771 indicavimus
1196 1731 1218 1781 ς
1256 1716 1409 1786 idque
1435 1718 1487 1768 in
1514 1730 1656 1769 cont-

1762 529 1913 585 l‘enso
1932 531 2068 600 pede
2089 546 2186 587 eos
2211 532 2387 603 legere
2412 530 2693 610 possctﬂn
2716 530 2817 584 hac
2839 544 2968 584 vero
2989 529 3332 587 confessiOnc

1760 623 1829 701 de
1870 624 2027 694 hujus
2073 635 2275 681 nostra:
2321 626 2499 681 carnis
2532 623 2945 680 resurrectione
2994 633 3337 691 pertractans

1759 730 2000 772 errorem
2059 716 2310 786 Origenis
2355 718 2495 772 circa
2542 729 2831 786 corporum
2878 714 3336 769 resurrectionem

1760 808 2001 878 corripit.
2024 809 2167 881 Ergo
2188 810 2320 865 nulli
2350 809 2545 874 melius
2569 824 2724 877 quam
2751 807 2812 863 S.
2842 806 3076 861 Eusebio
3094 805 3340 861 ll‘lbllCﬂ-

1759 899 1884 954 dum
1934 900 2035 955 hoc
2074 900 2379 972 symbolum
2414 900 2716 969 crederem.
2752 897 2817 952 Et
2845 897 2947 952 hoc
2985 896 3163 951 forsan
3204 894 3335 950 illud

1759 1008 1903 1059 esse,
1924 1008 1992 1049 ex
2016 1009 2122 1065 quo
2142 992 2431 1048 conﬂatum
2458 990 2846 1061 posterioribus
2859 988 3187 1061 temporibus
3202 985 3333 1042 illud

1760 1087 2050 1155 vulgariter
2076 1086 2404 1156 appellatum
2439 1085 2769 1153 Quicumque.
3074 1137 3078 1141 .

1828 1178 1886 1234 Si
1917 1181 2128 1233 tandem
2167 1190 2283 1233 acta
2315 1176 2555 1245 ejusdem
2586 1174 2644 1232 S.
2677 1174 2893 1230 Eusebii
2930 1172 3341 1227 considerentur

1758 1270 1827 1325 ab
1855 1256 2082 1338 Ugltello
2108 1269 2227 1324 Ital.
2255 1269 2380 1324 Sac.
2408 1277 2537 1322 tam.
2563 1266 2651 1329 IV,
2681 1272 2732 1335 p.
2764 1264 2887 1329 759,
2910 1265 3076 1330 edita,
3105 1263 3339 1331 ipsemet

1760 1376 1859 1417 nos
1889 1355 2157 1416 instruunt
2180 1360 2580 1417 confessionem
2607 1350 2769 1414 suam
2800 1358 3016 1414 Liberio
3047 1356 3334 1426 papze‘deo

1760 1453 1905 1508 disse
1944 1452 2162 1518 Romae,
2194 1444 2482 1521 antequam
2514 1450 2616 1505 iter
2640 1465 2796 1511 suum
2833 1436 3106 1504 Vercellas
3141 1446 3341 1516 dit-"ige-

1760 1555 1861 1602 ret.
1889 1542 2123 1601 Sanctui
2144 1554 2316 1599 autem
2344 1543 2596 1599 Eusebius
2631 1542 2821 1595 athleta
2848 1538 3042 1595 Christi
3068 1540 3190 1593 data
3215 1551 3339 1591 can-

1759 1639 1979 1706 [essiane
2025 1637 2149 1707 ﬁdei
2190 1653 2331 1702 sure,
2378 1647 2424 1691 et
2456 1636 2622 1708 posita
2662 1632 2841 1689 Romae
2885 1634 2937 1687 in
2976 1648 3121 1687 sacra
3149 1630 3339 1686 scrinio

1758 1729 2067 1797 patefaciens
2088 1729 2289 1784 Liberia
2318 1744 2467 1800 papa:
2488 1743 2605 1782 cum
2626 1726 2818 1781 cceteris
2848 1724 3095 1796 fratribus
3120 1725 3217 1778 iter
3241 1739 3333 1792 ag-

97 1825 237 1863 mune
257 1813 359 1864 una
388 1812 507 1864 cum
533 1810 741 1881 reliquis
771 1810 1130 1864 camministrrs
1150 1824 1413 1863 sacrarum
1456 1808 1655 1863 Asteria

1765 1836 1962 1898 gressus
1989 1832 2081 1876 est.
2112 1820 2242 1889 Quae
2271 1833 2448 1879 autem
2475 1820 2655 1873 omnia
2678 1832 2914 1873 consona
2944 1817 3195 1872 videntur
3214 1829 3337 1870 esse

97 1910 141 1955 et
177 1899 420 1955 Eusebia.
464 1898 601 1955 Nam
636 1900 817 1971 reliqui
844 1916 906 1955 ex
930 1901 1111 1955 nostris
1127 1899 1401 1969 quisquam
1439 1899 1658 1953 ad'suas

99 1994 378 2061 prouincias
407 1991 661 2048 abierunt.
704 1991 801 2046 Vas
828 2007 1004 2046 rursus
1026 1992 1077 2045 in
1105 2006 1390 2056 commune,
1418 1989 1504 2044 ubi
1529 1990 1659 2044 sale-

100 2083 160 2136 tis
186 2091 456 2136 concentus
481 2098 651 2149 agere,
675 2084 773 2136 ista
793 2082 1016 2143 uidebitis
1044 2081 1351 2152 pervulgari,
1375 2093 1529 2146 eaque
1552 2096 1663 2133 cm-

102 2190 183 2228 nes
208 2185 426 2229 evocate.
453 2171 686 2245 Equum
725 2186 797 2230 est
837 2175 967 2229 enim
1005 2184 1062 2230 ut
1100 2177 1151 2230 in
1185 2192 1244 2229 ea
1290 2176 1401 2230 loca
1439 2176 1663 2245 primum

102 2266 308 2339 epistola
328 2267 580 2333 recitatur,
608 2281 719 2331 etc:
740 2268 891 2339 Ergo
908 2284 972 2323 ex
996 2268 1094 2324 hac
1116 2268 1438 2324 auctoritate
1462 2278 1518 2322 et
1535 2283 1664 2323 con-

104 2338 333 2411 iussione
356 2358 413 2413 S.
433 2358 647 2413 Eusebii
692 2368 746 2415 et
760 2338 957 2413 Asterii
977 2359 1202 2413 indicata
1222 2358 1573 2413 Antiochenis
1593 2358 1663 2411 ab

103 2437 392 2504 Athanasio
415 2449 753 2529 probatu’r,et
773 2464 926 2503 suum
947 2449 1245 2521 symbolum
1269 2464 1387 2504 cum
1409 2450 1661 2519 epistola.

168 2536 421 2607 Quasnam
463 2530 675 2595 inerunt
705 2541 813 2597 illae
859 2542 1259 2603 centussiones.
1292 2557 1386 2596 seu
1418 2542 1673 2612 symboia

107 2629 253 2685 nobis
281 2631 675 2700 incompertum
710 2642 813 2698 est,
842 2648 963 2688 num
990 2635 1290 2713 symbolum
1322 2633 1679 2706 Quicumque,

106 2721 185 2775 vel
212 2723 323 2776 haec
352 2721 644 2789 confessio,
671 2740 827 2794 quam
853 2726 991 2796 typis
1018 2724 1352 2780 mandamds.
1385 2726 1463 2782 De
1493 2728 1667 2796 primo

107 2814 432 2869 contendunt
461 2818 757 2884 scriptores
785 2818 922 2872 inter
940 2831 1021 2885 se,
1054 2826 1111 2871 ut
1137 2817 1481 2881 observatum
1510 2835 1665 2889 supe-

108 2901 214 2957 rius
239 2902 359 2959 fuit.
388 2906 574 2983 Altera
606 2921 771 2974 vero,
812 2908 881 2963 de
912 2922 1017 2977 qua
1042 2894 1406 2978 qumstioneml
1426 2913 1667 2967 institui-

112 3009 222 3048 mus
258 2994 677 3055 conleSsiobaec
705 3010 821 3067 est,
849 3016 1007 3069 quam
1045 3002 1160 3057 sine
1185 3004 1422 3060 auctoris
1454 3003 1670 3063 nemine

110 3087 363 3167 tribus-in
395 3088 547 3147 foliis
583 3092 829 3148 maximis
850 3092 1209 3163 conscriptam
1250 3096 1450 3161 sacculo
1488 3112 1563 3165 Ix,
1613 3106 1669 3153 ut

1759 1914 1861 1977 eis,
1893 1926 2012 1979 quae
2048 1912 2269 1979 scripsit
2287 1909 2655 1965 Ruﬁnus‘hist.
2680 1927 2717 1976 ι,
2740 1922 2862 1976 cap.
2880 1907 2973 1970 28,
2996 1906 3087 1969 29,
3111 1907 3199 1974 30,
3225 1916 3337 1964 etc.

1761 2002 1951 2060 Narrat
1976 2003 2117 2057 enim
2146 2002 2441 2056 Eusebium
2467 1999 2849 2056 Alexandriam
2880 1996 3185 2067 perrexisse
3213 2010 3334 2051 cum

1759 2096 1880 2151 aliis
1917 2093 2317 2150 confessortbns
2359 2094 2461 2147 lide
2502 2092 2729 2163 integris
2770 2092 2950 2161 ibique
2987 2091 3173 2145 mitius
3212 2079 3335 2167 cum

1762 2188 1927 2259 lapsis
1971 2188 2185 2257 egisse,
2228 2197 2281 2242 et
2329 2187 2760 2256 procurationem
2809 2184 3116 2240 Occidentis
3158 2183 3336 2239 eidem
3420 2242 3427 2247 ,

1761 2280 1963 2343 delata,
1990 2289 2052 2333 ut
2074 2277 2295 2333 Asteria
2324 2277 2578 2341 Orientis,
2610 2275 2821 2329 additur
2845 2285 2968 2329 sane
3012 2275 3064 2328 in
3095 2274 3187 2328 illa
3219 2289 3339 2327 can-

1760 2373 1867 2426 cilii
1905 2372 2106 2424 decreta
2134 2371 2284 2425 etiam
2315 2369 2380 2422 de
2415 2345 2622 2435 Spiritu
2637 2366 3058 2438 "sanctapieniar
3099 2366 3336 2433 disputa-

1762 2466 1853 2527 tio,
1885 2475 1937 2517 ut
1961 2463 2187 2535 ejusdem
2217 2460 2532 2525 substantiae,
2560 2474 2621 2511 ac
2645 2459 2865 2521 deitatis,
2900 2460 3048 2529 cujus
3081 2453 3254 2518 Pater,
3288 2462 3338 2508 et

1710 2565 1726 2598 ἲ
1765 2555 1952 2619 Filius,
2004 2555 2156 2608 etiam
2208 2552 2435 2625 Spiritus
2478 2561 2683 2605 sanctus
2731 2548 3018 2617 crederetur
3065 2547 3208 2618 (cap.
3239 2543 3331 2613 29,

1766 2663 1818 2718 p.
1849 2645 2000 2716 2H).
2030 2662 2123 2699 nec
2147 2644 2422 2715 quidquam
2455 2658 2662 2709 prorsus
2692 2642 2743 2692 in
2770 2638 3023 2693 Triuitate
3042 2680 3055 2703 ,
3082 2647 3170 2691 aut
3199 2654 3341 2692 crea-

1761 2748 1890 2807 tum,
1920 2748 2007 2791 aut
2023 2732 2258 2805 inferius,
2287 2728 2885 2801 pasteriusuediceretur.
2900 2726 3005 2784 Sed
3028 2727 3156 2780 etde
3178 2725 3341 2797 diffe-

1764 2829 1928 2883 rentia
1980 2826 2413 2887 substantiarum,
2459 2833 2506 2877 et
2552 2821 2996 2875 subsistentiarum
3034 2834 3200 2873 sermo
3231 2818 3342 2888 ejus

1766 2936 1855 2989 per
1875 2920 2178 2988 scripturam
2218 2926 2382 2968 motus
2407 2922 2499 2967 est.
2532 2902 2698 2966 Graeci
2723 2912 2926 2977 οὖσίας,
2960 2920 3005 2963 et
3028 2909 3339 2969 ὑποστάσεις

1768 3017 1977 3075 uacant,
2017 3004 2228 3078 quidam
2259 3005 2443 3058 etenim
2466 3003 2705 3071 dicebant
2734 3000 3107 3065 substantiam,
3141 3009 3189 3053 et
3223 2997 3344 3051 sub-

1768 3097 2048 3156 sislentiam
2079 3115 2237 3153 unum
2279 3097 2440 3151 rideri
2472 3111 2489 3151 :
2520 3108 2565 3150 et
2592 3095 2710 3165 quia
2751 3102 2852 3148 tres
2892 3091 3198 3147 substantias
3243 3101 3344 3144 non

111 3180 435 3238 cltaracteris
466 3182 635 3239 forma
677 3185 832 3240 nobis
859 3185 1095 3242 indicare
1134 3186 1364 3254 videtur,
1398 3204 1516 3258 quae
1547 3192 1666 3259 qni-
1689 3174 1734 3237 C
1766 3193 1983 3248 dicimus
2003 3194 2055 3247 in
2074 3190 2203 3256 Dea,
2223 3206 2314 3244 nec
2331 3199 2432 3243 tres
2455 3187 2804 3242 subsistentias
2818 3185 2985 3240 dicere
3002 3184 3342 3239 debeamus..-

112 3269 222 3323 dem
252 3272 424 3327 tribus
462 3272 608 3329 l’oliis
637 3275 1059 3333 membranaceis
1099 3278 1242 3333 inter
1268 3280 1410 3346 alia,
1438 3294 1556 3349 quas
1600 3280 1667 3336 ad

113 3364 487 3417 monasterium
514 3362 611 3419 SS.
642 3365 917 3421 Michaelis
944 3378 997 3423 et
1022 3368 1260 3425 Januarii
1297 3369 1369 3425 M.
1398 3372 1465 3431 de
1499 3370 1668 3427 Luce-

110 3453 192 3507 dio
228 3454 481 3510 dimcesis
532 3454 887 3514 Vercellensis
913 3460 1249 3528 pertinebunt
1299 3464 1469 3516 relata
1516 3473 1661 3529 sunt,

111 3544 333 3599 exscribi
361 3547 689 3602 curavimus.
734 3548 928 3603 Parum
970 3550 1184 3619 quidem
1224 3551 1481 3607 diﬁbrnnt
1526 3553 1669 3608 inter

113 3649 164 3689 se
201 3636 502 3714 symbolum
544 3638 891 3708 Quicumque,
919 3648 974 3698 et
1011 3641 1124 3697 haec
1164 3642 1434 3699 confessio
1458 3685 1471 3708 ,
1516 3645 1561 3700 si
1600 3645 1667 3702 de

111 3728 239 3796 ston
269 3729 562 3799 loquimur,
592 3739 771 3787 tamen
812 3735 864 3787 in
904 3734 1102 3790 multis
1122 3744 1248 3791 sunt
1281 3736 1585 3804 dissimilia,
1614 3746 1672 3794 ct

114 3819 239 3877 hanc
261 3820 626 3902 antiquiorem
653 3827 745 3882 illo
773 3827 1073 3884 crederem.
1108 3828 1168 3885 Si
1197 3845 1328 3886 vero
1362 3831 1672 3886 considere-

115 3928 241 3980 mus,
255 3914 560 3986 hypaetasis
572 3917 761 3987 dogma
782 3918 983 3974 eisdem
1002 3919 1207 3975 ϐιηθεὶς
1230 3923 1408 3976 verbis
1423 3921 1553 3976 illud
1576 3937 1671 3976 ex-

113 4005 281 4075 plicat,
306 4009 501 4079 quibus
523 4009 579 4066 S.
601 4008 929 4066 Athanasius
954 4014 1005 4067 in
1034 4026 1128 4066 sua
1159 4013 1381 4081 epistola
1408 4014 1669 4083 synodica

119 4098 219 4166 jam
250 4103 750 4174 laudata,adeaqtte
779 4103 1061 4176 ὁμοούσιον,
1097 4104 1276 4163 οὐσίας
1320 4103 1569 4173 leguntur
1614 4104 1667 4159 in

112 4187 206 4243 hoc
225 4190 473 4263 symbolo
494 4190 559 4245 ad
588 4192 956 4261 espiieandam
982 4190 1123 4255 Filii,
1146 4190 1396 4245 et'Patris
1422 4193 1667 4246 substan-

114 4283 227 4335 tiam
259 4296 443 4347 unam,
475 4284 828 4351 eamdemque
853 4295 993 4345 esse,
1023 4290 1077 4336 et
1107 4281 1377 4351 loquendo
1407 4283 1468 4339 S.
1500 4284 1671 4339 Euse-

112 4370 219 4425 hius
245 4371 315 4426 de
343 4372 725 4443 bypnstasihus
745 4372 795 4423 in
818 4383 911 4424 sua
937 4367 1278 4450 confessione
1302 4370 1437 4426 facta
1462 4375 1513 4427 in
1536 4389 1665 4445 syn-

110 4461 204 4514 odo
240 4460 629 4525 Alexandrina,
659 4469 714 4515 et
750 4462 920 4516 relata
947 4462 997 4515 in
1022 4461 1126 4516 line
1144 4462 1387 4535 eiusdem
1417 4465 1664 4535 epistolae

1769 3285 1907 3350 Sed,
1949 3294 1996 3337 et
2021 3283 2085 3336 de
2125 3281 2479 3335 incarnatione
2522 3276 2734 3332 Domini
2776 3274 3192 3346 comprehensum
3236 3280 3340 3336 est,

1764 3378 1886 3446 quia
1928 3391 2112 3446 corpus
2157 3373 2293 3443 quod
2340 3382 2633 3436 susceperat
2682 3367 2967 3435 Dominus,
3000 3382 3184 3437 neque
3232 3365 3342 3418 sine

1765 3481 1913 3521 sensu
1934 3505 1949 3529 ,
1978 3479 2137 3533 neque
2179 3464 2287 3517 sine
2325 3464 2499 3515 anima
2536 3462 2854 3533 suscepisset.
2885 3457 3079 3524 Quibus
3109 3455 3344 3510 omnibus

1766 3566 1937 3623 caute,
1963 3532 2319 3626 moderateque
2354 3532 2647 3622 compositis
2673 3550 3023 3618 unusquisque
3045 3549 3224 3601 itinere
3249 3562 3340 3630 suo

1765 3665 1883 3703 cum
1909 3664 2030 3717 pace
2046 3646 2291 3717 perrexit.
2310 3645 2549 3715 Dehisce
2572 3640 2878 3697 omnibusin
2894 3640 2993 3693 bac
3004 3621 3346 3693 confessione

1768 3750 2141 3814 pertractatur.
2174 3738 2479 3805 Quinimmo
2500 3734 2724 3791 Rufinus
2746 3743 2801 3789 et
2823 3733 3107 3788 Eusebium
3144 3729 3334 3787 eodem
3417 3732 3423 3755 ’

1766 3833 1861 3889 lib.
1892 3846 1991 3903 cap
2019 3832 2123 3897 30.,
2153 3831 2574 3899 circumeuntem
2606 3825 2881 3881 Orientem
2906 3866 2922 3893 ,
2951 3835 3110 3893 atque
3135 3822 3343 3878 Italiam

1768 3924 1963 3999 medici
1993 3923 2213 3991 pariter,
2246 3931 2299 3976 et
2342 3920 2636 3993 sacerdotis
2669 3920 2972 3987 fungentem
3030 3917 3207 3970 oﬂicio
3247 3916 3347 3971 de-

1766 4014 2079 4083 scribit,qui
2111 4014 2340 4082 singulas
2366 4027 2589 4079 quasque
2610 4010 2867 4063 Ecelesias
2895 4011 3129 4080 nbjurata
3158 4009 3345 4073 inﬁde-

1766 4106 1911 4158 litare
1932 4104 2001 4157 ad
2027 4079 2294 4156 sanitatem
2327 4112 2460 4155 recte
2484 4101 2605 4169 ﬁdei
2626 4100 2912 4162 revocabat,
2950 4079 3168 4152 maxime
3205 4079 3366 4170 quod.

1768 4195 2029 4279 Hilarium
2072 4191 2530 4265 (Pictaviensent),
2580 4208 2728 4265 quem
2766 4191 2958 4244 dudum
2986 4208 3099 4245 cum
3144 4194 3339 4249 cteteris

1766 4285 2095 4362 Episcopisin
2114 4284 2350 4339 exsiliunt
2372 4294 2564 4337 trusum
2588 4279 2695 4336 esse
2716 4283 3121 4349 memoravimus,
3144 4300 3342 4353 regres-

1765 4394 1875 4431 sum
1893 4380 2029 4450 jam,
2061 4386 2107 4429 et
2135 4373 2381 4429 in'ltalia
2410 4375 2633 4439 positum
2662 4372 2769 4427 lucc
2796 4374 2969 4427 eadem
2996 4389 3115 4443 erga
3140 4373 3340 4427 instau-

1764 4469 1954 4521 randas
1980 4465 2254 4531 Ecclesiae,
2284 4465 2535 4533 ﬁdemque
2559 4475 2759 4534 patrum
2784 4466 3125 4545 reparandum
3149 4465 3339 4527 reperit

104 4552 201 4619 jam
231 4550 464 4607 laudatae
488 4550 553 4605 ad
580 4550 947 4608 Autiochenas
971 4555 1082 4609 ait:
1110 4531 1365 4620 Quantum
1396 4531 1572 4615 attinet
1595 4562 1663 4615 ad
1690 4531 1741 4589 Ῑ)
1762 4560 2072 4614 molientem.
2134 4556 2214 4613 En
2275 4531 2568 4629 quomodo;
2605 4555 2744 4624 apud
2811 4531 2971 4610 Italos
3029 4536 3083 4609 et
3153 4555 3339 4611 Gallos

108 4641 413 4712 hypastases.
443 4640 607 4717 fatear
633 4660 713 4700 me
740 4662 935 4715 quoque
958 4646 1090 4701 idem
1118 4648 1328 4717 sentire,
1354 4666 1516 4720 neque
1534 4655 1588 4705 in
1610 4653 1665 4708 id

108 4736 260 4789 solum
288 4739 547 4791 calculum
574 4738 922 4803 meum—addo,
951 4737 1040 4793 sed
1066 4738 1225 4794 etiam
1261 4740 1665 4799 incarnationem

111 4823 382 4881 Saluatoris
413 4829 574 4881 nostri
608 4829 889 4901 consentio,
929 4845 1043 4883 eum
1067 4830 1316 4895 videlicet,
1348 4849 1463 4886 cum
1493 4833 1665 4895 Filius

110 4914 195 4970 Dei
214 4919 373 4981 esset,
390 4916 645 4971 hominem
666 4935 773 4973 esse
795 4923 1005 4989 factum.
1026 4931 1075 4975 et
1096 4934 1305 5001 excepta
1330 4935 1534 4992 peccata
1557 4930 1666 4980 ant-'-

110 5007 204 5071 nia,
234 5022 348 5075 quas
376 5007 564 5060 ueteris
582 5019 727 5061 erant
756 5020 939 5064 nostra:
959 5013 1286 5066 humanitatis
1302 5008 1661 5085 assumpsisse.

112 5093 259 5166 quue
286 5108 441 5168 prout
484 5098 630 5154 habet
656 5102 882 5181 epistolae
911 5114 1264 5174 argumentum
1311 5107 1439 5161 meis
1468 5106 1662 5176 suma-

110 5188 194 5253 giis
217 5189 489 5253 confirma.
1274 5196 1280 5201 ”
1601 5216 1607 5225 ε

168 5278 300 5347 Quid
330 5294 465 5350 ergo
508 5277 706 5344 clarius
757 5283 955 5340 habere
997 5277 1409 5356 desideramus,
1462 5300 1570 5347 tum
1597 5308 1667 5349 ex

110 5370 157 5425 S.
184 5370 503 5438 Athanasio,
532 5385 642 5427 tum
667 5377 732 5431 ex
757 5375 987 5444 ipsemet
1007 5379 1062 5434 S.
1085 5380 1316 5436 Eusebio
1336 5384 1668 5452 approbante

109 5476 160 5515 ea
186 5462 385 5527 omnia,
414 5472 537 5533 qua:
566 5462 973 5523 S..Athanasius
999 5470 1233 5539 scripsit.
1262 5472 1573 5539 Quinimmo
1598 5491 1664 5540 ex

108 5551 156 5607 S.
187 5550 515 5637 Hieronymo
540 5552 713 5609 edocti
737 5571 921 5611 sumus
948 5558 1002 5612 S.
1035 5558 1325 5616 Eusebium
1362 5564 1667 5621 Vercellen-

110 5658 205 5701 sem
244 5645 543 5702 antistitem
592 5644 838 5715 Origenis
880 5653 1295 5709 commentarios
1341 5656 1664 5718 in.Davidis

138 5741 328 5799 salinas
358 5739 427 5795 de
452 5736 639 5799 Grze'co
664 5737 716 5801 in
751 5737 995 5803 Latinum
1022 5749 1399 5821 transtulisse,
1442 5752 1663 5829 ejusque

1764 4652 1955 4720 dogma
1984 4659 2166 4705 contra
2188 4650 2420 4705 Arianos
2439 4647 2690 4703 diiIusnm
2738 4655 2792 4701 et
2812 4646 3196 4715 pl‘mttulgutttm
3215 4643 3337 4700 fuit.

1833 4742 2014 4811 Neque
2059 4741 2339 4795 crederem
2392 4755 2479 4795 me
2523 4740 2813 4806 deceptum
2875 4737 3140 4789 dicentem
3200 4736 3339 4792 hanc

1766 4835 2176 4894 confessionem,
2212 4845 2307 4884 seu
2342 4824 2647 4899 symbolum
2676 4828 2881 4881 auctori
2926 4826 3186 4883 Breviarii
3213 4828 3338 4884 ﬁdei

1768 4935 1973 4989 notum,
1998 4916 2138 4992 quod
2168 4920 2501 4975 Breviarium
2529 4920 2651 4973 tidei
2681 4918 2941 4975 adversus
2965 4918 3196 4985 Arianos
3220 4919 3340 4974 Bal-

1767 5021 1920 5075 lerini
1950 5018 2141 5073 fratres
2169 5014 2336 5071 Leoni
2366 5013 2407 5068 Ι.
2445 5015 2501 5068 S.
2533 5015 2592 5069 P.
2625 5014 2677 5068 in
2708 5014 2813 5069 (ide
2839 5014 3064 5069 duorum
3090 5004 3353 5073 codicum

1768 5109 2105 5170 tribuendum
2138 5107 2362 5172 volunt,
2407 5107 2508 5161 etsi
2544 5106 2670 5160 olim
2715 5106 3035 5163 Sirmundus
3059 5147 3073 5171 ,
3120 5105 3337 5160 Gallan-

1601 5216 1609 5225 λ
1700 5264 1701 5267 η
1766 5202 1905 5265 dius,
1942 5208 1993 5254 et
2040 5197 2283 5252 nonnulli
2326 5196 2415 5251 alii
2459 5199 2673 5255 incerto
2712 5197 2937 5251 auctori.
2979 5196 3107 5251 Nam
3156 5196 3338 5263 plures

1766 5291 2045 5349 sententia:
2073 5289 2139 5344 de
2170 5289 2335 5345 verba
2361 5288 2426 5343 ad
2468 5289 2691 5357 yerbutn
2722 5289 3059 5356 transcripta:
3086 5287 3335 5355 leguntur

1771 5385 1822 5440 in
1852 5384 1962 5437 illo.
2004 5380 2263 5435 Alcuinus
2294 5395 2423 5435 vero
2465 5363 2690 5435 Flaccus
2729 5380 2781 5433 in
2825 5394 2921 5432 suo
2958 5378 3098 5446 libra
3126 5376 3193 5430 de
3234 5375 3337 5446 ﬁde

1772 5470 2047 5549 Trinitatis
2074 5470 2140 5524 ad
2170 5471 2419 5526 Carolum
2458 5472 2723 5539 Magnum,
2768 5468 2900 5523 etin
2940 5445 3336 5534 omnionibui
3384 5468 3387 5469 ί

1760 5562 1835 5623 ad
1863 5563 2236 5633 Fredegesium
2265 5565 2491 5632 sparsim
2524 5562 2763 5632 qumdam
2788 5561 2967 5637 retulit
3005 5562 3123 5623 sine
3149 5569 3340 5615 aucto-

1767 5637 1842 5718 ris
1871 5657 2079 5713 nomine
2102 5697 2117 5721 ,
2142 5669 2307 5727 pauca
2339 5664 2518 5711 autem
2552 5654 2778 5709 indicma
2808 5660 2933 5707 sunt
2958 5652 3071 5712 suis
3100 5652 3153 5707 in
3183 5652 3337 5726 locis,

1771 5767 1838 5816 ne
1864 5742 2257 5828 slm'proiisiar
2280 5762 2448 5829 quam
2472 5762 2559 5807 res
2585 5745 2835 5824 postulat.
