3928 6398
178 364 284 419 965

1348 362 1437 417 DE
1476 350 1850 419 TRINITATE
1888 352 2279 419 CONFESSIO.

3333 367 3435 423 966

105 528 111 533 .
174 488 255 535 est
284 488 463 533 tamen
494 460 1295 548 uniCuique-perso‘na:manens
1319 492 1410 530 sua
1435 477 1752 546 proprietas.
1787 479 1830 535 Α
1861 476 2031 530 denda
2063 486 2143 532 est
2170 517 2184 540 ,
2236 475 2767 549 quia-inseparabilia
2796 486 2920 531 sunt
2949 493 3109 547 opera
3139 476 3437 531 Trinitatis.

179 568 332 623 Pater
356 568 500 623 enim
528 570 885 623 aeternitatem
913 567 1073 622 habet
1097 568 1214 621 sine
1242 569 1521 622 nativitate
1545 608 1561 634 ,
1589 565 1756 621 Filius

177 660 507 715 nativitatem
534 675 655 715 cum
682 659 985 714 aeternitate
1008 699 1025 721 .
1079 658 1317 727 Spiritus
1354 674 1483 713 vero
1528 659 1758 715 Sanctus

179 750 579 817 processioncm
609 750 727 805 sine
761 749 1036 805 nativitate
1065 765 1183 803 cnm
1215 750 1535 803 :eternitate.
1573 748 1645 802 De
1674 748 1757 803 his

178 843 341 897 tribus
372 842 622 907 personis
650 843 820 896 solam
851 841 970 896 Filii
1001 856 1283 911 personam
1316 854 1412 907 pro
1434 839 1757 911 liberatione

180 931 397 986 humani
439 932 658 1001 generis
704 932 975 985 hominem
1022 946 1205 984 verum
1237 932 1353 985 sine
1384 938 1606 998 peccato
1632 937 1660 965 ι
1687 928 1757 983 de

178 1031 357 1077 sancta
413 1030 471 1076 et
520 1007 864 1077 immaculata
895 1020 1057 1085 Maria
1089 1019 1309 1089 Virgine
1348 1010 1618 1074 credimus
1664 1034 1755 1074 as~

178 1114 474 1185 sumpsisse
499 1156 515 1180 ,
543 1113 611 1169 de
635 1129 739 1185 qua
767 1128 906 1169 novo
932 1114 1123 1169 ordine
1148 1155 1163 1179 ,
1195 1129 1436 1183 novaque
1482 1114 1780 1186 natiritate

178 1214 255 1260 est
281 1205 498 1274 genitus
521 1246 537 1270 ,
564 1207 721 1275 quia.
758 1192 954 1259 intacta
982 1202 1269 1275 Virginius
1316 1206 1523 1261 virilem
1557 1206 1756 1267 coitum

178 1296 441 1359 nescivit.
491 1306 547 1349 et
586 1294 813 1350 fecunda
849 1309 955 1364 per
1000 1293 1260 1363 Spiritum
1305 1304 1548 1355 sanctum
1578 1296 1757 1359 carnis

178 1387 459 1441 materiam
492 1385 834 1450 ministravit.
895 1385 999 1450 Qui
1041 1394 1222 1455 partus
1262 1384 1497 1451 Virginis
1528 1400 1625 1440 nec
1670 1376 1792 1440 ra-'

178 1480 323 1534 tione
347 1478 661 1543 colligitur,
711 1492 810 1532 nec
836 1477 1087 1546 exemplo
1112 1481 1482 1539 monstratur;
1514 1475 1665 1545 Quod
1710 1477 1755 1530 si

175 1572 382 1625 ratione
409 1552 700 1637 colligitur,
721 1582 826 1622 non
844 1576 930 1635 est
953 1567 1218 1623 mirabile.
1248 1568 1303 1623 Si
1324 1566 1574 1635 exemplo
1596 1582 1753 1620 mon-

177 1669 398 1725 stratur,
430 1674 535 1715 neu
562 1668 651 1714 est‘
669 1658 964 1729 singulare.
992 1658 1102 1713 Nec
1127 1670 1303 1713 tamen
1331 1659 1561 1727 Spiritus
1600 1672 1756 1715 sanc-

114 1768 134 1775 -
178 1760 263 1806 tus
294 1750 459 1805 Pater
487 1764 609 1805 esse
637 1750 938 1805 credendus
963 1759 1045 1806 est
1072 1748 1196 1805 Filii
1228 1764 1325 1817 pro
1350 1765 1415 1804 eo
1439 1792 1454 1815 ,
1481 1750 1622 1817 quod
1648 1749 1756 1803 tta-

1859 564 2021 643 Solus
2059 574 2235 619 tamen
2268 565 2433 619 Filius
2460 564 2686 619 formam
2719 567 2927 635 accepit
2974 568 3024 621 in
3072 568 3442 633 singularitate

1860 670 2099 724 personae
2122 698 2136 721 ,
2166 672 2270 710 non
2304 658 2357 711 in
2392 657 2593 711 unitate
2619 657 2820 712 Divinm
2852 670 3075 714 naturae.
3126 660 3181 714 In
3213 659 3264 713 id
3293 659 3436 729 quod

1859 757 1941 800 est
1974 749 2256 821 proprium
2308 747 2467 810 Filii,
2517 763 2623 800 non
2666 744 2806 818 quod
2838 736 3430 816 commune'Trinitati,

1852 851 1977 903 qua:
2008 835 2175 891 forma
2209 837 2293 890 illa
2339 838 2404 890 ad
2453 839 2711 893 unitatem
2762 853 3003 903 personae
3033 840 3245 908 quidem
3276 841 3439 895 allata

1859 938 1974 989 est.
2004 929 2137 983 adeo
2164 942 2219 982 ut
2254 929 2421 983 Filius
2455 916 2582 994 Dei,
2634 941 2688 983 et
2717 929 2885 984 Filius
2917 929 3151 984 hominis
3190 947 3327 985 unus
3367 931 3436 983 sit

1860 1017 2123 1083 Christus,
2149 1019 2199 1072 id
2224 1018 2569 1074 (’SlCltI‘isIllS
2602 1021 2651 1073 in
2684 1019 2768 1071 Itis
2798 1021 3006 1073 duabus
3036 1022 3240 1074 naturis
3267 1021 3438 1075 tribus

1861 1119 2031 1161 cxsmt
2053 1110 2368 1165 substantiis
2398 1109 2716 1177 verbi,quod
2739 1111 2805 1163 ad
2832 1111 3003 1180 solius
3027 1112 3122 1165 Dei
3146 1113 3433 1167 essentiam

1861 1196 2200 1252 referendum
2234 1209 2335 1266 est,
2382 1201 2625 1269 corporis
2655 1207 2711 1253 t-t
2735 1201 2947 1263 animae.
2980 1203 3121 1270 quod
3153 1202 3217 1256 ad
3246 1220 3431 1257 Verum

1860 1286 2131 1355 hominem
2164 1290 2419 1357 pertinet.
2456 1290 2627 1344 Habet
2655 1290 2813 1359 igitur
2839 1291 2890 1343 in
2916 1306 2975 1345 se
3002 1282 3279 1359 gemit-am
3307 1294 3433 1346 sub-

1859 1378 2107 1431 stantiam
2131 1377 2432 1431 divinitatis
2463 1394 2572 1431 su:e
2604 1380 3033 1434 et'humanitatis
3079 1390 3296 1434 nostrm.
3341 1382 3436 1436 llic

1859 1467 2019 1521 etiam
2052 1481 2145 1536 per
2173 1466 2294 1529 hoc.
2327 1469 2466 1537 quod
2498 1469 2564 1532 de
2599 1471 2706 1524 lteo
2736 1470 2894 1525 Patre
2921 1473 3037 1524 sine
3070 1472 3198 1525 vitio
3240 1475 3437 1542 prodiit

1860 1572 2015 1616 natus
2041 1568 2271 1615 tantum.
2298 1560 2433 1629 Nam
2462 1578 2637 1633 neque
2664 1563 2856 1629 factus,
2886 1579 3059 1634 neque
3093 1565 3440 1633 pra-destina-

1858 1660 1945 1708 tus
1971 1654 2248 1723 accipitur.

1929 1742 2071 1798 XIV.
2107 1744 2209 1798 Per
2242 1747 2344 1800 hoc
2371 1756 2547 1799 tamen
2571 1786 2586 1810 ,
2628 1746 2771 1815 quod
2804 1745 2870 1800 de
2900 1746 3064 1820 thria
3099 1746 3312 1817 Virgine
3340 1763 3435 1802 na-

176 1840 252 1894 ria
276 1842 470 1895 eodem
502 1840 705 1909 Spiritu
734 1850 921 1895 sancto
951 1839 1265 1894 obun‘ibrata
1311 1841 1560 1906 cencepit
1580 1837 1639 1900 δ,
1686 1838 1829 1917 ne’B
1858 1842 1942 1887 lus
1966 1845 2047 1887 est
2071 1875 2083 1896 ς
2115 1846 2166 1889 et
2198 1837 2607 1902 praedestinatns
2632 1852 2754 1891 esse
2778 1838 3083 1891 credendus
3115 1848 3214 1892 est.
3236 1838 3427 1893 Ambze

177 1932 363 1988 Patres
387 1930 510 1986 Filii
538 1930 815 1991 videamur
838 1945 1082 1986 asserere
1108 1972 1118 1990 .
1148 1929 1288 1999 quod
1323 1929 1470 1983 nel‘as
1500 1938 1586 1983 est
1621 1928 1747 1982 dici.

175 2020 233 2077 In
283 2038 391 2091 quo
432 2020 666 2076 mirabili
697 2031 961 2091 conceptu
1006 2020 1305 2075 trdilicaute
1338 2021 1440 2083 sibi
1476 2019 1753 2085 Sapientia

86 2152 91 2155 -
180 2123 202 2151 ε
223 2113 465 2176 domum,
505 2110 719 2179 Verbum
739 2127 861 2165 caro
877 2113 1071 2182 factum
1095 2122 1188 2173 est,
1206 2121 1253 2165 et
1276 2109 1519 2164 habitavit
1537 2111 1589 2161 in
1609 2109 1753 2162 nobis

177 2188 378 2276 (ἰοαιι.
430 2219 484 2269 ι,
516 2200 582 2257 14
608 2202 648 2274 ).
700 2202 809 2257 Nec
837 2212 1015 2257 tamen
1050 2204 1271 2259 verbum
1298 2204 1473 2269 ipsum
1507 2203 1557 2254 in
1587 2215 1753 2263 carne

172 2310 533 2359 conversum,
578 2303 737 2365 atque
766 2304 1026 2349 mutatum
1046 2282 1170 2360 est,
1218 2302 1274 2347 ut
1315 2293 1602 2350 desiSteret
1634 2304 1755 2347 esse

177 2387 343 2453 Deos,
370 2386 509 2457 quod
533 2385 693 2440 homo
709 2400 831 2440 esse
859 2385 1137 2439 voluisset.
1160 2383 1266 2438 Sed
1288 2383 1359 2437 ita
1398 2382 1614 2435 Verbum
1634 2372 1754 2435 caro

176 2481 373 2549 factum
397 2487 492 2541 est,
524 2484 580 2530 ut
606 2490 710 2530 non
738 2484 944 2529 tantum
974 2474 1049 2528 ibi
1078 2474 1145 2527 sit
1177 2477 1405 2543 verbum
1429 2472 1549 2537 Dei,
1577 2482 1631 2526 et
1658 2472 1753 2526 bo-

176 2569 339 2624 minis
368 2581 518 2631 caro,
542 2559 636 2621 séd
660 2565 823 2619 etiam
848 2564 1127 2619 rationalis
1156 2562 1395 2617 hominis
1439 2560 1640 2626 anima,
1674 2572 1755 2615 at-

174 2674 282 2730 que
309 2658 411 2713 hoc
440 2664 611 2711 totum
634 2697 650 2721 ,
698 2666 752 2711 et
781 2656 919 2710 Deus
945 2655 1156 2709 dicatur
1189 2664 1405 2722 propter
1443 2653 1609 2713 Deum
1634 2693 1650 2717 ,
1699 2659 1756 2707 et

179 2754 342 2803 homo
371 2758 593 2818 propter
620 2747 913 2801 hominem.
948 2745 1003 2800 In
1030 2745 1260 2815 quo‘Dci
1303 2743 1441 2798 Filio
1476 2744 1608 2799 duas
1636 2758 1756 2799 ore-

176 2841 356 2896 dimus
380 2854 500 2895 esse
526 2848 745 2894 naturas
766 2880 781 2902 ,
834 2818 993 2893 unam
1023 2836 1324 2901 Diiinitatis
1347 2875 1364 2900 ,
1405 2836 1639 2892 alteram
1656 2835 1770 2904 hu-p

177 2931 474 2985 manitatis.

249 3019 363 3075 XII.
397 3020 542 3087 Quas
570 3020 647 3085 ita
672 3019 725 3074 in
754 3032 815 3074 se
842 3032 948 3073 una
976 3017 1177 3074 Christi
1207 3032 1431 3088 persona
1457 3018 1626 3071 nnivit
1650 3058 1665 3082 ,
1699 3028 1756 3073 ut

180 3127 282 3167 nec
307 3112 572 3166 Divinitas
596 3112 668 3165 ab
694 3110 1023 3165 humanitate
1048 3151 1063 3175 ,
1096 3125 1194 3165 nec
1225 3111 1529 3164 humanitas
1555 3126 1584 3164 a
1621 3110 1756 3165 Diti-

1855 1934 2031 1987 tamen
2072 1926 2123 1979 in
2147 1927 2237 1981 illo
2262 1928 2637 2003 generationes
2661 1929 2956 1994 mirabiles,
2983 1929 3129 1992 quia,
3157 1939 3207 1983 et
3238 1929 3304 1982 de
3335 1929 3435 1984 Pa-

1856 2026 1934 2069 tre
1964 2024 2085 2070 ante
2113 2016 2305 2069 saecula
2337 2019 2454 2070 sine
2487 2028 2658 2071 matre
2685 2030 2919 2086 genitus,
2953 2025 3009 2070 rt
3034 2019 3086 2071 in
3120 2020 3223 2071 line
3260 2006 3433 2083 siccu-

1855 2110 2026 2163 Iorum
2058 2111 2122 2162 de
2141 2117 2309 2162 matre
2331 2110 2447 2162 sine
2474 2119 2622 2175 patre
2649 2117 2733 2162 est
2746 2118 3051 2176 generatus.
3074 2110 3227 2177 Quod
3252 2119 3430 2165 tamen

1854 2201 2147 2256 srcundum
2178 2202 2317 2270 quod
2346 2211 2431 2256 est
2458 2200 2834 2271 Deus‘creavit
2860 2200 3105 2269 Mariam,
3132 2203 3428 2257 set'untlum

1855 2294 1997 2360 quod
2033 2295 2192 2347 homo
2223 2304 2307 2347 est
2338 2305 2551 2348 creatus
2585 2309 2649 2349 ex
2683 2293 2871 2362 Maria,
2918 2296 3033 2363 ipse
3074 2294 3233 2350 Pater
3261 2294 3438 2349 Marias

1856 2386 2047 2438 matris
2074 2400 2205 2446 sum,
2241 2396 2293 2439 et
2324 2385 2515 2438 Filius.
3252 2430 3255 2433 λ

1925 2474 2040 2528 XV.
2093 2475 2221 2529 Item
2276 2490 2373 2544 per
2421 2475 2524 2529 hoc
2555 2476 2697 2540 quod
2730 2476 2873 2529 Dcus
2918 2487 3035 2543 est,
3083 2477 3303 2546 aequalis
3354 2485 3437 2532 est

1856 2566 2035 2631 Patri,
2087 2582 2181 2633 per
2210 2566 2311 2619 hoc
2362 2565 2501 2632 quod
2551 2566 2733 2631 homo,
2765 2568 2940 2621 minor
2969 2576 3051 2621 est
3078 2566 3256 2622 Patre.
3303 2568 3433 2623 Item

1855 2666 1911 2711 ct
1951 2656 2142 2724 major.
2194 2667 2243 2710 et
2294 2658 2470 2710 minor
2512 2673 2632 2711 esse
2679 2657 2980 2712 eradendus
3018 2669 3119 2714 est.
3175 2660 3231 2714 In
3265 2659 3435 2714 forma

1856 2745 1998 2801 enim
2032 2745 2125 2799 Itei
2153 2745 2316 2799 etiam
2350 2746 2463 2813 ipse
2494 2745 2669 2803 Filius
2698 2742 2724 2781 ἀ
2748 2760 2807 2800 se
2836 2748 2949 2815 ipso
2972 2748 3145 2815 major
3173 2757 3256 2800 est
3274 2764 3436 2815 prop-

1858 2846 1940 2891 ter
1972 2836 2362 2890 humanitatem
2409 2847 2761 2907 assumptam.
2793 2837 2928 2904 Quia
2958 2838 3221 2891 Divinitas
3265 2839 3439 2909 major

1856 2937 1957 2984 est.
1988 2927 2044 2982 In
2076 2928 2247 2982 forma
2291 2937 2471 2982 autem
2514 2928 2747 2983 hominis
2788 2929 2953 2983 etiam
3006 2930 3120 3000 ipsc
3150 2928 3323 2986 Filius
3378 2945 3439 2987 se

1858 3021 1974 3090 ipso
1994 3019 2165 3092 major
2192 3029 2275 3075 est
2295 3019 2358 3075 ad
2383 3020 2793 3087 humanitatem,
2815 3036 2933 3091 quae
2962 3024 3138 3085 minor
3160 3023 3439 3079 divinitate

1858 3110 2139 3183 accipitur.
2173 3110 2248 3165 Ita
2276 3112 2567 3166 secundum
2590 3111 2950 3177 divinitatem.
2968 3130 3087 3182 qua:
3115 3108 3338 3184 aequalis
3359 3123 3443 3170 est

179 3204 348 3259 nitate
409 3203 578 3273 possit
634 3203 921 3271 aliquando
967 3203 1193 3272 sejnngi.
1230 3234 1236 3245 -
1276 3201 1431 3257 Unde
1490 3201 1757 3271 perfectus
1785 3190 1828 3251 C
1863 3203 2040 3269 Patri,
2073 3204 2208 3273 ipse,
2262 3216 2316 3259 et
2346 3203 2504 3259 Pater
2552 3205 2725 3273 major
2754 3217 2837 3259 est
2866 3205 3102 3267 homine,
3136 3223 3295 3275 quem
3327 3211 3439 3261 sola

181 3295 346 3356 Dens,
382 3292 653 3358 perlectus
684 3292 855 3347 Homo
882 3292 934 3346 in
971 3294 1176 3347 unitate
1205 3307 1467 3360 personae.
1504 3308 1640 3359 unus
1675 3303 1759 3347 est

179 3382 445 3439 Christus.
490 3382 599 3437 Nec
624 3394 801 3446 tamen
838 3383 962 3453 quia
992 3382 1127 3437 duas
1152 3384 1380 3441 diximus
1413 3384 1461 3434 in
1491 3381 1627 3435 Filio
1648 3382 1755 3436 Dei

182 3489 303 3528 esse
353 3480 592 3535 naturas,
622 3470 757 3525 duas
785 3472 1126 3525 causabimus
1148 3473 1197 3523 in
1224 3485 1290 3524 eo
1318 3485 1439 3525 esse
1472 3485 1749 3536 personas,

181 3579 250 3619 ne
261 3562 534 3622 Triuitati.
550 3560 689 3627 quod
704 3560 863 3622 absit,
878 3554 1133 3615 accedere
1147 3559 1387 3612 videatur
1400 3560 1751 3627 quaternitas.

244 3652 393 3709 'Xlll.
442 3652 587 3707 Deus
628 3653 771 3706 enim
804 3651 1027 3706 verbum
1076 3665 1183 3705 non
1226 3650 1441 3716 accepit
1472 3663 1753 3717 personam

183 3745 439 3807 hominis,
473 3743 567 3797 sed
596 3751 839 3796 naturam
866 3782 879 3807 ,
908 3750 963 3796 et
987 3741 1039 3795 in
1067 3750 1321 3796 aeternam
1348 3753 1629 3807 personam
1674 3739 1758 3791 Di-

183 3838 429 3894 vinitatis
484 3836 835 3903 temporalem
896 3832 1106 3904 accepit
1140 3834 1496 3914 substantiam
1557 3831 1753 3885 carnis.

186 3931 315 3987 Item
341 3946 464 3985 cum
494 3928 653 3984 unius
696 3928 1018 3984 substantia:
1052 3927 1323 3982 credimus
1354 3920 1476 3982 esse
1508 3925 1753 3989 Patrem,

184 4035 236 4078 et
266 4022 484 4087 Filium,
513 4030 569 4075 et
582 4012 854 4088 'Spiritum
880 4006 1146 4083 sanctum,
1178 4032 1282 4071 non
1310 4029 1484 4069 tamen
1508 4016 1755 4081 dicimus,

188 4123 245 4169 ut
275 4112 433 4182 hujus
461 4110 741 4181 Trinitatis
773 4110 1031 4165 unitatem
1078 4107 1240 4161 Maria
1272 4106 1431 4175 Virgo
1470 4106 1755 4174 genuerit,

187 4206 281 4262 sed
313 4188 684 4260 tantummodo
714 4203 930 4266 Filium,
963 4200 1049 4267 qui
1078 4199 1223 4253 solus
1246 4209 1489 4252 naturam
1522 4208 1757 4253 nostram

189 4298 242 4352 in
271 4298 477 4351 unitate
514 4311 625 4348 suae
672 4304 913 4362 persona:
958 4288 1268 4356 assumpsit.
1327 4278 1757 4343 Incarnationem

187 4403 405 4461 quoque
432 4385 737 4455 hujus‘Fitii
768 4382 865 4437 Dei
906 4380 1015 4436 tuta
1058 4379 1294 4435 Trinitas
1342 4394 1597 4451 operasse
1636 4396 1759 4436 cre-

1854 3294 1983 3349 ‘Filii
2009 3310 2235 3362 persona
2261 3294 2575 3364 assumpsit.
2609 3295 2740 3351 Item
2772 3297 2823 3350 in
2857 3312 2945 3361 eo,
2973 3297 3119 3367 quod
3150 3300 3313 3365 quaari
3342 3313 3443 3367 po-

1864 3395 1967 3438 trst
1988 3425 2003 3449 ,
2030 3384 2197 3441 Filius
2217 3386 2295 3439 sic
2325 3386 2565 3455 aequalis,
2600 3394 2657 3441 et
2689 3388 2863 3441 minor
2886 3402 3006 3442 esse
3046 3388 3305 3441 creditur.
3337 3388 3443 3443 Re-

1861 3466 2219 3544 ερινιιάειιιιῖιιε
2239 3477 2515 3528 secundum
2540 3480 2758 3545 formant
2777 3476 2876 3530 'Dei
2902 3479 3033 3531 servi
3055 3477 3277 3548 (Philip.
3303 3494 3362 3543 lt,
3383 3476 3438 3548 7)
3455 3528 3466 3541 .

1858 3564 2034 3617 minor
2061 3575 2114 3618 et
2142 3563 2301 3619 Patre
2327 3574 2382 3618 et
2413 3564 2630 3633 Spiritu
2656 3576 2865 3619 sancto.
2908 3552 3173 3631 Quia-uec
3203 3567 3437 3635 Spiritus

1856 3655 2088 3711 Sanctus
2115 3656 2315 3715 dicitur
2343 3655 2502 3710 Pater
2531 3666 2576 3709 ε.
2612 3656 2719 3710 Sed
2751 3658 2863 3711 sola
2891 3657 3012 3711 Filii
3045 3673 3275 3726 persona
3318 3673 3437 3713 sus-

1858 3749 2263 3816 cepitcarnem,
2324 3763 2419 3815 per
2447 3762 2607 3815 quam
2652 3747 2828 3801 minor
2876 3763 3000 3803 esse
3045 3748 3282 3803 creditur
3329 3749 3438 3806 illis

1861 3838 2111 3907 personis
2160 3838 2391 3893 duabus.
2451 3838 2586 3893 Item
2634 3839 2719 3893 hic
2767 3824 2933 3899 Filius
2962 3854 2990 3892 a
3044 3839 3151 3894 Deo
3183 3841 3353 3914 Patre.
3385 3850 3440 3896 et

1864 3926 2066 3995 Spiritu
2097 3938 2282 3981 sancto
2316 3928 3030 3995 inseparabiliterdiscretus
3048 3932 3289 3986 creditur
3316 3948 3438 3987 esse

1863 4031 2089 4085 persona
2118 4018 2185 4070 ab
2216 4017 2431 4071 homine
2460 4030 2734 4086 assumpto
2763 4034 2827 4072 ex
2861 4020 3046 4073 Maria.
3079 4020 3206 4074 Item
3238 4038 3357 4074 rum
3383 4024 3434 4077 in

1865 4108 2081 4162 homine
2124 4124 2225 4161 una
2276 4118 2449 4186 exstat
2480 4123 2707 4176 persona
2741 4108 2760 4146 ί
2784 4149 2799 4173 ,
2827 4124 2948 4163 cum
2992 4109 3152 4186 Patre
3192 4127 3319 4167 vero
3347 4154 3361 4178 ,
3385 4123 3440 4169 et

1865 4198 2067 4267 Spiritu
2115 4208 2299 4252 sancto
2356 4175 2545 4253 natura
2597 4199 2906 4254 Divinitatis
2938 4175 3050 4255 suai
3096 4203 3435 4272 substantia,

1867 4292 2062 4345 missus
2090 4300 2268 4342 tamen
2306 4287 2478 4342 Filius
2504 4303 2608 4342 non
2633 4288 2810 4343 solum
2842 4305 2869 4344 s
2903 4290 3084 4357 Patre,
3109 4293 3202 4346 sed
3242 4307 3273 4346 ιι
3316 4295 3438 4364 Spi-

1868 4384 1971 4437 ritu
2022 4384 2225 4455 Saucto
2274 4390 2299 4428 ε
2338 4380 2536 4436 missus
2581 4397 2702 4437 esse
2752 4383 3076 4440 credendus-
3105 4396 3209 4441 est.
3256 4386 3310 4441 In
3340 4403 3440 4460 eo,

258 4530 286 4557 κ
317 4519 375 4571 S.
407 4517 644 4572 Hilarius
674 4515 775 4569 hoc
801 4522 1172 4590 argumentum
1218 4516 1271 4568 iu
1309 4524 1536 4590 tractatu
1566 4520 1757 4586 psaIm.
1790 4525 1841 4585 D
1867 4520 2049 4590 gelista
2070 4519 2339 4586 cenﬁrmat
2368 4519 2542 4573 omnia
2563 4534 2593 4571 a
2619 4518 2754 4573 Filio
2780 4538 2889 4576 esse
2913 4531 3152 4576 creata...
3186 4522 3313 4578 Cum
3337 4533 3441 4579 tam
3486 4566 3489 4569 μ

188 4603 452 4653 cuum",
478 4602 575 4655 per
612 4596 783 4639 totum
814 4583 1017 4655 diserte
1051 4595 1356 4655 pertractat.
1378 4596 1431 4640 et
1461 4589 1512 4640 in
1538 4583 1673 4643 libro
1702 4608 1758 4655 x,

190 4679 241 4714 ιι.
280 4654 770 4729 17,-όςΤιὶιιίιᾳιε.
805 4654 1171 4729 ριιιιιψιίᾴθιιι
1201 4658 1620 4729 respondenteis
1641 4654 1761 4729 qua:

187 4724 406 4798 deﬁnita
439 4724 649 4781 fuerunt
674 4727 727 4780 iu
753 4724 1384 4798 conuiiio’Alexandi-iuo,
1407 4739 1622 4796 propter
1643 4724 1759 4798 qua:

188 4800 246 4859 S.
281 4794 547 4853 Eusebius
592 4811 652 4861 se
695 4795 1040 4867 Sttb~cribens
1072 4798 1334 4863 epistola
1379 4794 1761 4867 synodiraa'ad

190 4871 560 4937 Annochenos
586 4871 766 4937 missa:
794 4882 822 4916 a
840 4866 897 4937 S.
919 4866 1215 4920 Athanasio
1237 4866 1450 4923 scribit:
1478 4868 1587 4923 Sed
1611 4871 1763 4924 etiam

188 4939 593 4996 incarnationem
622 4936 909 5003 Saluatoris
936 4940 1095 4991 nostri
1126 4939 1409 4990 consensio.

259 5011 287 5054 ιι
316 5007 644 5090 ᾇβςιιιτίιις
669 5006 910 5090 (ιοτιλξητ
946 5006 1045 5090 ιιι).
1077 5023 1110 5060 x
1136 5047 1150 5070 ,
1172 5023 1233 5090 ιι.
1270 5007 1334 5060 15
1361 5023 1384 5090 ε,
1433 5005 1589 5090 Virgo
1629 5010 1766 5090 quin:

190 5081 399 5141 nonnisi
417 5096 480 5133 ea:
497 5096 590 5132 suo
611 5087 786 5133 sancto
813 5077 1014 5144 Spiritu
1034 5077 1224 5144 genuit,
1247 5076 1384 5147 quod
1406 5076 1597 5147 genuit.
1633 5076 1648 5109 δ

264 5164 289 5193 ο
319 5152 394 5207 Ac
436 5149 655 5219 Verlmm
682 5165 803 5203 caro
836 5150 1041 5219 factum,
1066 5156 1157 5199 aut
1176 5146 1468 5219 aliude'sse,
1491 5162 1651 5219 quan:
1674 5165 1765 5219 no-

188 5234 311 5280 stra
330 5222 505 5276 carnis
527 5214 665 5274 Deus
688 5235 807 5272 caro
837 5214 1002 5341 ructus
1019 5226 1165 5269 esset.
1191 5217 1251 5270 S.
1274 5216 1506 5268 Hilarius
1526 5216 1593 5270 de
1610 5216 1761 5274 Trin.

192 5296 282 5341 lib-
315 5309 366 5341 xi
392 5334 407 5341 -
433 5309 487 5341 n.
526 5289 590 5341 16
614 5331 627 5341 .
657 5302 711 5341 et
752 5288 806 5341 in
861 5288 976 5341 ibro
1016 5286 1084 5339 de
1119 5286 1347 5341 Stmodis
1368 5326 1382 5341 .
1416 5299 1508 5340 seu
1541 5287 1607 5341 de
1633 5286 1761 5341 Fide

192 5296 282 5349 lib.
315 5309 367 5348 st
392 5334 407 5356 ,
433 5309 487 5345 ιι.
526 5289 590 5344 16
614 5331 627 5349 .
657 5302 711 5343 et
752 5288 806 5343 iu
838 5286 976 5341 libro
1016 5286 1084 5339 de
1119 5286 1347 5356 Synodis
1368 5326 1382 5349 ,
1416 5299 1508 5340 seu
1541 5287 1607 5341 de
1633 5286 1764 5344 Fide

190 5354 404 5421 Orient.
435 5360 717 5414 anathema
741 5374 795 5413 n.
831 5358 916 5417 Η,
942 5370 1062 5425 pag.
1092 5354 1215 5411 381.
1326 5424 1329 5425 ν
1731 5408 1739 5416 _

264 5431 293 5471 (ι
323 5431 444 5486 Hac
466 5444 616 5499 carne
652 5430 819 5499 major
841 5434 915 5480 est
937 5424 1134 5499 Patre:
1163 5424 1376 5499 aequalis
1400 5426 1569 5499 veroo,
1597 5428 1766 5499 ιπτήοη

193 5517 370 5562 cerne,
422 5497 634 5565 mqualis
669 5495 746 5557 et",
783 5502 1064 5566 per'__quem
1087 5497 1217 5566 {erit
1246 5510 1377 5566 nos,
1405 5495 1573 5566 major
1598 5513 1656 5549 eo
1681 5496 1769 5565 qui

195 5560 366 5648 factus
389 5560 697 5648 estj'propter‘
716 5560 827 5617 nos.
857 5560 993 5645 nam
1019 5560 1155 5648 quod
1184 5563 1402 5648 Deussit
1435 5560 1625 5648 Filius,
1649 5560 1764 5648 licet

195 5633 359 5695 multa
383 5633 667 5690 testimonia
696 5634 930 5698 superius
959 5633 1121 5696 posita
1137 5634 1387 5687 evidenter
1417 5633 1720 5697 perdoceaut
1745 5674 1762 5698 ,

199 5722 369 5766 tamen
426 5704 795 5776 adhugpaucu
827 5701 1020 5776 credidi
1067 5703 1470 5776 subjungendas
1496 5701 1556 5756 In
1587 5703 1769 5776 (imm

196 5780 448 5851 scriptum
476 5784 545 5834 est
576 5771 821 5831 :‘Creavit
846 5772 989 5828 Deus
1008 5771 1298 5829 oculum”;
1324 5782 1369 5828 et
1399 5773 1568 5842 utique
1594 5771 1765 5827 Evan-

1866 4590 2216 4662 prteseutibus,
2231 4606 2381 4657 quam
2403 4590 2673 4662 praeteritis
2700 4593 3020 4662 testimoniis,
3038 4608 3150 4662 qua
3176 4594 3238 4644 de
3262 4593 3439 4662 Scrip-

1865 4658 1991 4713 turis
2022 4661 2207 4730 smrctt's
2236 4660 2519 4730 prostulato
2546 4658 2843 4723 sunt,Dens
2893 4676 3001 4713 esse
3034 4660 3202 4713 Filius
3226 4658 3439 4715 demou-

1864 4739 2050 4784 εει-σιω·
2078 4770 2093 4793 ,
2127 4728 2283 4781 miror
2320 4745 2413 4780 cur
2456 4728 2586 4796 forte
2624 4745 2736 4780 eum
2760 4731 2920 4796 aliqui
2946 4740 3181 4784 amount
3224 4731 3438 4787 dicendo

1867 4800 2212 4866 blasphemare
2241 4813 2342 4849 non
2373 4808 2621 4859 metuunt,
2645 4813 2761 4849 cum
2781 4814 3031 4860 nusquam
3056 4800 3262 4852 omnino
3303 4799 3438 4857 Deus

1865 4872 2033 4924 minor
2048 4884 2154 4919 esse
2174 4866 2735 4937 legaturBreviarium
2761 4868 2879 4921 lidci
2901 4871 3164 4924 adversus
3185 4870 3432 4928 Arianos.

1941 4948 1964 4975 ο
1998 4938 2194 5002 Snpple
2223 4936 2315 4987 nec
2339 4936 2612 5003 assumpsit
2640 4950 2866 4990 carnem.

1868 5028 1873 5032 ’
1940 5006 1961 5045 τ
1993 5006 2210 5062 Scilicet
2235 5019 2460 5071 persona
2488 5008 2719 5059 discreta
2742 5008 3064 5071 ahhomine.
3099 5023 3190 5062 seu
3249 5008 3435 5063 huma-

1868 5077 2034 5148 nitate
2078 5083 2348 5148 aSsumpta
2380 5073 2660 5148 cultoris.
2694 5074 2934 5144 Namque
2990 5081 3168 5148 posnit
3219 5092 3434 5141 semper
3518 5094 3521 5097 λ

1869 5146 2120 5218 hominem
2152 5159 2247 5211 pro
2275 5142 2604 5218 humanitate
2646 5142 3091 5218 quotiescumque
3124 5148 3173 5201 id
3204 5149 3435 5203 nominis

1867 5214 2176 5287 usurpavit,
2209 5220 2266 5265 ut
2289 5213 2472 5287 yiilere
2498 5222 2583 5267 est
2626 5213 2868 5280 pluribus
2901 5220 2951 5271 in
2993 5213 3159 5282 locis,
3193 5218 3436 5287 adeoque

1854 5286 1956 5350 ,hic
1995 5281 2340 5355 solummodo
2369 5281 2471 5337 hoc
2488 5287 2742 5355 annotari
2788 5288 2856 5341 ab
2897 5281 3152 5342 omnibus
3174 5281 3436 5354 epto,'ne

1864 5354 2071 5423 longior
2101 5354 2225 5423 sim,
2256 5368 2414 5422 quam
2442 5369 2531 5407 res
2560 5357 2814 5423 posmlat.

1937 5421 1970 5470 ιι
1996 5421 2144 5488 Quod
2165 5422 2228 5475 de
2253 5421 2662 5494 cwlodescendit
2684 5466 2697 5488 .
2725 5436 2979 5493 concepta
3005 5428 3067 5480 de
3092 5429 3291 5494 Spiritu
3322 5432 3431 5486 ori.

1863 5494 1995 5567 ginis
2023 5509 2179 5567 causa
2204 5501 2319 5567 est._
2343 5492 2462 5546 Non
2490 5494 2626 5546 enim
2640 5497 2853 5563 corpori
2878 5492 3047 5549 Maria
3074 5492 3319 5567 originem
3342 5502 3429 5554 de-

1867 5562 1941 5617 dit
1988 5578 2006 5636 ς
2045 5562 2161 5615 licet
2207 5563 2646 5636 ad‘incrementat
2683 5562 2981 5636 partumque
3020 5562 3246 5636 corporis
3289 5586 3437 5625 omne
3480 5590 3483 5593 '

1870 5631 2005 5701 quod
2048 5637 2198 5701 sexus
2222 5633 2303 5685 sui
2330 5642 2405 5685 est
2443 5632 2673 5684 naturale
2700 5631 2986 5701 contulerit.
3023 5631 3172 5701 Quod
3198 5654 3313 5691 vero
3342 5640 3440 5694 Ito-

1871 5698 2025 5777 rnint's
2054 5698 2224 5754 Filius
2247 5710 2342 5777 est,
2367 5710 2696 5777 susceptam:
2740 5700 2943 5771 Virgine
2962 5698 3131 5759 carnis
3152 5717 3222 5761 est
3241 5722 3441 5777 partus.

1880 5770 2025 5839 Quod
2058 5780 2224 5823 natm:
2246 5771 2296 5823 in
2328 5773 2481 5835 «telis,
2511 5782 2555 5823 et
2575 5781 2981 5840 nuturtesemper
3001 5770 3254 5833 araneolis
3276 5789 3444 5847 potes-
