3936 6422
543 300 645 354 967

1133 295 1373 367 SANGTI
1407 294 1677 356 EUSEBII
1714 294 2225 355 VERCELLENSIS
2266 299 2350 355 DE
2391 298 2755 357 TRINITATE
2790 296 3182 357 CONFESSIO.

3632 296 3771 372 ωδ

541 412 683 481 quod
714 412 830 480 ipse
882 425 979 483 per
1008 412 1329 483 Prophetam
1366 413 1537 469 dicit:
1582 414 1650 468 Et
1674 430 1809 468 nunc
1848 412 2100 468 Dominus
2126 420 2179 483 Α
2206 415 2362 470 finem
2401 415 2722 485 saeculorum
2754 414 2925 471 Judex
2952 412 3192 470 omnium
3232 394 3479 466 vivorum
3524 416 3580 466 et
3624 419 3772 463 mor-

543 506 680 557 misit
699 521 806 571 me,
836 513 883 558 et
911 504 1121 573 spiritus
1146 506 1258 573 eius
1286 502 1442 577 (Isai.
1472 520 1634 560 nvm
1653 545 1667 571 ,
1702 505 1815 575 16).
1838 506 1881 561 A
1905 520 1964 559 se
1990 505 2107 574 ipso

543 608 756 664 quoque
786 596 983 650 missus
1031 596 1295 665 accipitur
1324 605 1349 632 ιι
1372 610 1470 665 pro
1497 610 1586 660 eo,
1614 595 1756 665 quod
1782 594 1899 650 sine
1949 606 2109 663 para-
2163 630 2166 634 ι

543 686 701 751 bolis,
725 702 829 740 non
854 687 1032 741 solum
1063 687 1335 753 voluntas,
1358 687 1455 741 sed
1484 697 1537 742 et
1552 687 1985 756 operatiototius
2011 686 2110 740 tri-

544 776 722 830 uitatis
744 777 1073 846 agnoscitur.
1107 776 1202 831 Hic
1232 777 1375 833 enim
1421 778 1512 847 qui
1533 784 1658 832 ante
1696 777 1891 833 saecula
1922 777 2110 848 unige-

541 867 684 922 nitus
706 877 792 923 est
811 878 1033 923 vocatus
1062 868 1440 937 spiritualiter,
1474 869 1858 937 primogenitus
1890 878 1971 923 est
1997 869 2108 923 fac-

529 954 645 1035 tus.
669 957 993 1028 Unigenitus
1016 970 1239 1029 propter
1263 958 1566 1013 Divinitatis
1587 958 1962 1013 substantiam.
1987 958 2108 1013 Pri~

541 1049 840 1118 mogeuitus
868 1035 1088 1121 propter
1112 1061 1405 1119 assumpta;
1432 1051 1612 1104 carnis
1629 1058 1893 1114 naturam,
1925 1050 1976 1102 in
2006 1064 2110 1118 qua

540 1140 775 1209 suscepti
810 1140 1041 1195 hominis
1072 1140 1404 1211 formajuxta
1428 1142 1788 1211 evangelicum
1820 1140 2107 1195 veritatem

544 1227 569 1267 δ
600 1230 716 1285 sine
744 1240 966 1300 peccato
993 1241 1305 1301 conceptus,
1348 1232 1464 1287 sine
1510 1241 1735 1300 peccato
1781 1244 1967 1297 natus,
1994 1232 2110 1285 sine

541 1332 765 1389 peccato
789 1333 1029 1377 mortuus
1052 1323 1316 1391 creditur,
1345 1324 1434 1392 qui
1460 1323 1607 1378 solus
1630 1338 1723 1389 pro
1747 1322 1900 1377 nobis
1922 1336 2111 1391 pecca-

546 1424 630 1467 tor
654 1422 739 1468 est
765 1413 957 1479 factus,
983 1413 1034 1468 id
1054 1421 1138 1469 est
1163 1414 1483 1468 saerificium
1511 1429 1605 1483 pro
1632 1416 1865 1484 peccatis
1886 1413 2107 1468 nostris.

544 1504 611 1558 Et
632 1514 810 1560 tamen
836 1506 1138 1573 passionem
1170 1506 1340 1574 ipsam
1359 1547 1374 1570 ,
1405 1490 1551 1561 salva
1581 1507 1871 1561 Divinitate
1894 1521 1989 1561 sua
2012 1519 2111 1576 pro

541 1595 755 1651 delictis
798 1597 1000 1652 nostris
1028 1597 1334 1665 sustinuit,
1391 1599 1655 1666 mortique
1691 1597 2002 1666 judicatus,
2057 1602 2113 1651 et

554 1686 699 1741 cruci
730 1700 911 1741 veram
940 1686 1118 1742 carnis
1159 1696 1389 1742 mortem
1432 1687 1659 1757 excepit.
1689 1688 1867 1743 Tertia
1897 1702 2112 1759 quoque

2210 520 2444 564 tuorum.
3246 563 3250 568 _

2276 598 2440 655 XVII.
2480 598 2608 656 lude
2628 613 2749 667 cum
2778 599 2978 655 sanctis
3001 586 3453 654 omnibus'veniet
3479 593 3545 651 ad
3571 592 3772 649 facien-

2207 691 2334 746 dum
2379 690 2676 761 judicium,
2727 690 2953 745 reddere
3009 690 3297 759 unicuique
3321 685 3622 743 mercedem
3648 696 3774 754 pro-

2210 785 2322 854 prie
2350 784 2586 839 debitam
2610 824 2627 852 ,
2666 793 2817 855 prout
2844 782 3054 852 quisque
3081 782 3288 851 gesserit
3317 781 3371 835 in
3398 793 3606 849 corpore
3632 774 3772 845 posi-

2208 887 2289 931 tus
2308 918 2323 943 ,
2351 872 2455 931 sive
2482 876 2671 929 bonum
2690 916 2705 941 ,
2732 876 2835 930 sive
2860 874 3051 927 malum
3081 872 3099 941 (
3126 872 3145 926 Ι
3169 873 3286 927 Cor.
3318 888 3381 938 v,
3424 870 3536 941 ιον.

2278 964 2574 1019 Ecclesium
2599 973 2836 1018 sanctam
2860 961 3172 1017 catholicam
3201 959 3373 1031 pretio
3393 961 3475 1019 sui
3503 954 3781 1029 sanguinis

2208 1064 2570 1127 comparatam
2599 1070 2720 1110 cum
2765 1070 2831 1110 eo
2868 1053 3136 1109 credimus
3164 1052 3214 1105 in
3246 1060 3555 1121 perpetuum
3580 1061 3771 1118 regna-

2210 1155 2402 1201 turam.
2435 1147 2577 1201 intra
2605 1146 2758 1215 cujus
2786 1145 3043 1215 gremium
3071 1142 3348 1198 constituti
3391 1155 3550 1196 unum
3578 1138 3776 1208 baptis-

2211 1255 2295 1293 ma
2340 1240 2639 1306 credimus;
2671 1249 2724 1294 et
2766 1238 3081 1294 confitemur
3118 1236 3172 1291 in
3203 1233 3514 1290 remissione
3539 1230 3773 1288 omnium

2213 1340 2575 1399 peccatorum.
2610 1330 2720 1386 Sub
2746 1345 2850 1399 qua
2876 1329 2999 1394 fide,
3028 1336 3085 1384 et
3120 1324 3773 1393 resurrectione‘mortuo-

2213 1434 2328 1475 rum
2356 1420 2625 1476 veraciter
2649 1420 2921 1476 credimus
2938 1462 2952 1486 ,
2987 1428 3041 1475 et
3067 1417 3236 1497 futuri
3258 1413 3439 1471 saeculi
3465 1413 3653 1485 gaudia
3676 1429 3774 1469 cx-

2213 1521 2541 1582 spectamus.
3557 1546 3564 1553 .
3609 1516 3616 1522 ·

2284 1603 2396 1659 Hoc
2442 1612 2647 1659 tantum
2694 1594 2850 1660 nobis
2878 1605 3275 1672 orandumfest,
3306 1612 3359 1660 et
3386 1599 3673 1673 petendum
3716 1608 3776 1655 ut

2213 1713 2337 1753 cum
2367 1706 2589 1769 peracto
2609 1740 2623 1765 ,
2655 1698 2909 1767 ﬁnitoque
2933 1698 3133 1768 judicio
3162 1697 3436 1754 tradiderit
3462 1695 3629 1760 Filius
3686 1708 3777 1750 re-

553 1776 645 1832 die
692 1778 890 1833 virtute
935 1776 1149 1849 propria
1196 1777 1487 1835 suscitatus
1554 1779 1622 1835 de
1683 1780 1931 1850 sepulcro
1992 1794 2111 1834 sur-
2139 1784 2186 1844 B
2212 1806 2373 1861 gnum
2406 1790 2513 1844 Dco
2541 1798 2595 1844 et
2621 1789 2787 1854 Patri,
2816 1790 3108 1859 participes
3137 1802 3230 1842 nos
3256 1785 3450 1841 efﬁciat
3476 1783 3623 1854 regni
3646 1783 3774 1850 sui,

546 1870 704 1924 rexit.

608 1960 747 2016 XVI.
790 1961 901 2017 Hoc
924 1976 1053 2034 ergo
1082 1963 1332 2034 exemplo
1367 1963 1557 2033 capitis
1587 1963 1755 2017 nostri
1786 1964 2109 2018 confitemur

537 2066 718 2107 veram
750 2051 864 2105 fieri
912 2052 1366 2108 resurrectionem
1407 2053 1581 2107 carnis
1612 2052 1848 2106 omnium
1877 2060 2114 2106 mortuo-

539 2156 682 2196 rum.
715 2140 828 2195 Nec
871 2141 923 2195 in
973 2143 1153 2207 aeria,
1194 2144 1279 2197 vel
1318 2142 1559 2212 qualibet
1599 2142 1703 2196 alia
1751 2158 1916 2197 carne
1959 2152 2014 2208 ο,
2058 2148 2116 2196 ιιι
2158 2159 2164 2164 ’
2200 2156 2203 2157 ⁷

540 2232 757 2303 quidam
780 2232 1012 2287 delirant
1041 2242 1445 2288 resurrecturos
1470 2248 1567 2289 vos
1594 2232 1866 2288 credimus
1890 2274 1904 2299 ,
1927 2233 2032 2313 sed
2062 2234 2114 2287 in

540 2324 643 2377 ista
660 2362 675 2387 ,
705 2337 809 2392 qua
833 2322 1084 2391 vivimus,
1110 2323 1454 2379 consistimus
1486 2333 1540 2379 et
1565 2338 1863 2380 movemus.
1890 2323 2116 2379 Peracto

541 2414 701 2485 hujus
728 2423 927 2469 sancte
954 2416 1371 2470 resurrectionis
1412 2416 1661 2485 exemplo
1692 2414 1830 2470 idem
1862 2415 2118 2471 Dominus

542 2515 758 2572 noster,
789 2516 952 2575 atque
980 2506 1229 2561 Salvator
1258 2517 1537 2576 paternam
1564 2506 1906 2563 ascendendo
1932 2507 2114 2563 sedem

543 2598 793 2667 repetivit
818 2612 843 2662 ,‘
866 2596 935 2652 de
964 2612 1067 2667 qua
1100 2608 1392 2669 numquam
1422 2615 1519 2669 per
1545 2600 1879 2655 divinitatem
1909 2600 2115 2654 disces-

540 2689 629 2743 sit.
659 2689 792 2744 llluc
818 2688 885 2742 ad
912 2688 1185 2743 dexteram
1213 2689 1388 2746 Patris
1430 2689 1623 2744 sedens
1669 2678 2011 2758 exspectatus
2060 2690 2112 2744 in

543 2856 618 2901 tas
645 2856 742 2909 est,
771 2861 885 2915 qua:
910 2847 1127 2911 initiata,
1175 2845 1478 2915 conditaque
1508 2862 1596 2913 per
1632 2860 1686 2899 se
1713 2860 1882 2907 carne,
1926 2862 2025 2899 non
2053 2861 2107 2898 se

545 2934 610 2971 ea:
638 2917 909 2984 inﬁnitatis
931 2926 1037 2969 sum
1061 2918 1243 2985 virtute
1263 2916 1398 2969 intra
1425 2918 1678 2985 regionem
1704 2916 1898 2985 deﬁniti
1929 2932 2109 2980 corpo-

545 2935 610 2971 ea:
638 2935 909 2984 tnpnunus
931 2935 1037 2969 sum
1061 2935 1243 2969 virtute
1263 2935 1398 2969 intra
1425 2935 1477 2968 re
1518 2935 1678 2969 tonem
1704 2935 1897 2985 αεμηιιι
1929 2935 2100 2980 σοι-μοι

544 2988 617 3038 ris
646 2987 933 3039 conrctauit.
968 2987 1025 3041 S.
1069 2985 1172 3038 llil.
1206 2983 1272 3038 de
1300 2985 1449 3038 Trin.
1472 2935 1653 3047 films,
1685 3002 1739 3039 n.
1774 2986 1869 3048 16,
1898 3000 1951 3053 p.
1978 2986 2100 3039 55L

620 3064 645 3091 ο
668 3054 771 3107 Sed
802 3059 930 3122 forte
957 3055 1077 3108 dicit
1099 3056 1283 3122 aliquis
1299 3053 1455 3107 :Ideo
1479 3056 1643 3107 minor
1667 3064 1761 3119 est,
1782 3057 1903 3122 quia
1924 3056 2105 3108 missus

513 3188 519 3192 ἓ
549 3125 755 3194 legitur.
790 3123 851 3175 Et
880 3126 1001 3193 quid
1021 3126 1248 3177 dicturus
1273 3134 1345 3177 est
1368 3139 1481 3190 cum
1520 3123 1864 3194 legit'lsaionc
1896 3123 2109 3193 prophe-

550 3192 650 3247 tam
678 3209 739 3246 ea:
767 3209 982 3261 persona
1010 3194 1195 3247 Christi
1225 3194 1469 3246 dicentem
1497 3208 1517 3246 :
1545 3192 1801 3246 Dominus
1828 3192 2105 3255 misit’me,

2216 1890 2272 1937 ut
2313 1874 2403 1952 qui
2432 1895 2527 1952 per
2556 1882 2691 1936 hanc
2724 1881 2880 1936 fidem
2924 1880 2999 1935 illi
3028 1880 3344 1935 inlunremus
3381 1892 3504 1932 cum
3528 1876 3619 1931 illo
3656 1875 3777 1932 sine

2216 1976 2323 2033 fine
2357 1989 2660 2046 regnemus.
3293 1962 3302 1971 ’
3678 1970 3683 1973 ’

2286 2065 2412 2120 Ηαξο
2433 2062 2461 2104 ἀ
2491 2076 2574 2120 est
2602 2065 2956 2121 confessionis
3000 2074 3194 2121 nostra:
3220 2062 3346 2118 ﬁdes
3372 2060 3610 2132 exposita
3634 2099 3650 2126 ,
3676 2072 3776 2129 per

2218 2174 2377 2229 quam
2410 2160 2779 2213 haereticorum
2821 2158 3009 2228 dOgma
3054 2157 3357 2227 perimitur,
3387 2169 3484 2223 per
3508 2168 3668 2225 quam
3712 2153 3775 2207 fl-

2220 2251 2420 2305 delium
2465 2251 2624 2304 corda
2656 2250 2993 2313 mnndantur,
3026 2264 3123 2319 per
3149 2262 3301 2316 quam
3328 2246 3488 2302 etiam
3518 2245 3585 2301 ad
3608 2246 3774 2300 Deum

2219 2345 2454 2413 gloriose
2466 2342 2780 2411 acceditur,
2803 2342 2955 2413 cujus
2980 2349 3315 2399 sacrosancto
3337 2332 3529 2408 sapore
3556 2338 3656 2394 sub
3680 2338 3775 2393 tri-

2218 2434 2396 2491 duano
2419 2434 2623 2490 dierum
2646 2433 2852 2503 jejunio
2877 2434 3124 2490 continua
3150 2431 3467 2507 relationum
3489 2430 3773 2486 collatione

2218 2537 2488 2584 ructantes
2510 2526 2575 2579 ad
2601 2540 2661 2579 ea
2680 2540 2837 2596 ,quze
2865 2525 3083 2581 subnixa
3110 2508 3498 2591 sunTsequenti
3547 2521 3637 2577 die
3678 2535 3774 2577 ex-

2219 2619 2463 2690 ponenda
2511 2618 2874 2673 transivimus.

2206 2843 2417 2896 fuerunt
2468 2838 2803 2894 Bardesanus
2850 2837 3049 2907 Syrus,
3096 2846 3149 2892 et
3199 2833 3285 2907 alii
3328 2833 3557 2907 plures,
3584 2846 3769 2893 contra

2205 2927 2339 2981 quos
2372 2912 2559 2981 Patres
2586 2903 2955 2981 Aquileienses
2980 2907 3050 2981 _in
3082 2903 3653 2981 symbolo'apostolico
3676 2908 3771 2961 ad-

2207 2975 2457 3035 diderunt
2498 2980 2564 3033 ad
2612 2978 2761 3032 illum
2802 2975 3085 3031 articulum
3112 2975 3297 3029 carnis
3321 2975 3771 3031 resurrectionem

2207 3065 2503 3119 pronomen
2534 3049 2720 3119 hujus,
2752 3057 2807 3100 ut
2848 3042 3407 3119 do_cel-,Ruiinus_!ib.
3456 3059 3485 3119 l_
3515 3042 3767 3119 Invectiv.

2209 3110 2260 3174 in
2283 3114 2358 3174 'S.
2391 3110 2874 3187 HierOnimmum.
2899 3117 2931 3167 4
2959 3131 2971 3165 :
3003 3113 3162 3167 Sacra
3189 3110 3510 3234 ayuileiensis
3540 3112 3771 3171 Ecclesia

2214 3190 2304 3234 Dei
2331 3188 2513 3234 snirittt
2544 3191 2741 3234 futuras
2768 3185 3027 3234 adversum
3051 3199 3140 3234 nos
3164 3199 3222 3234 ca
3247 3181 3442 3234 umnias
3465 3185 3771 3234 nranidente

2211 3190 2304 3243 Dei
2331 3188 2513 3254 spiritu
2542 3181 2741 3256 futuras
2768 3185 3027 3256 adversum
3051 3199 3140 3236 nos
3164 3181 3442 3256 caiunmias
3465 3185 3771 3256 precidente

548 3273 602 3317 et
632 3252 865 3337 Spiritus
902 3264 1098 3337 _ejus.._._
1140 3262 1461 3337 Credendunt
1489 3263 1743 3337 est'mitti,
1796 3263 1899 3329 quis
1927 3252 2108 3337 ubique
2134 3275 2178 3337 ρ
2210 3252 2659 3337 αὸξιιιςάάὶιεὰϊηὶε
2685 3252 3261 3337 resurrectionemmddit
3290 3252 3441 3329 unius
3456 3255 3772 3337 pronominis"

547 3348 653 3403 esse
670 3332 1053 3403 dignoscitur.“
1069 3333 1221 3403 Brev:
1256 3333 1499 3403 lid.adv.
1542 3335 1740 3397 Arian,
1782 3342 1838 3385 ut
1867 3332 2108 3400 sequitur

551 3402 610 3457 S.
646 3400 897 3454 Hilarius.
928 3404 983 3452 Α
1007 3400 1147 3455 Filio
1179 3400 1504 3455 Paracletam
1530 3405 1739 3455 missum
1762 3404 2124 3467 mentinimus,,

548 3480 596 3524 et
621 3472 673 3525 in
725 3472 980 3538 principio
1009 3473 1103 3525 hoc
1130 3471 1263 3539 ﬁdes.
1297 3471 1410 3538 ipsa
1437 3473 1688 3539 exposuit.
1722 3473 1826 3525 Sed
1849 3472 1967 3534 quia
2001 3473 2107 3539 fre-

545 3550 765 3611 quentet:
784 3558 872 3608 per
893 3540 1229 3607 indi/ferentis
1267 3542 1734 3611 naturtegvirtulem
1779 3558 1933 3611 Opera
1974 3558 2067 3594 sua
2091 3580 2106 3607 ,

547 3626 702 3679 opera
732 3609 905 3665 Patris
933 3628 1042 3666 esse
1078 3612 1209 3665 dixit
1236 3612 1428 3676 dicens,
1465 3609 1617 3664 Joan.
1650 3627 1705 3673 Χ,
1735 3609 1824 3666 37.
1856 3609 2108 3664 Missurus

532 3696 742 3746 quoque
770 3680 1098 3734 Paracletum
1119 3682 1270 3733 sicuti
1320 3684 1605 3749 frequenter
1645 3681 2108 3746 spoponditinter-

547 3750 670 3801 dum
698 3766 808 3802 eum
834 3760 881 3803 et
907 3751 1203 3803 mittendum
1230 3750 1358 3800 dixit
1382 3766 1412 3799 a
1432 3748 1610 3809 Patre,
1635 3748 1758 3799 dum
1781 3764 1943 3810 omne,
1975 3749 2110 3815 quod
2144 3786 2151 3793 ς

547 3827 738 3886 ageret,
763 3820 843 3888 pie
870 3822 1060 3887 referre
1080 3827 1182 3881 est,
1211 3818 1389 3869 solitus
1427 3817 1494 3888 ad
1530 3815 1758 3888 Patrem,
1793 3832 1857 3888 ea:
1880 3831 1977 3883 quo
2003 3817 2109 3867 Iuc-

544 3884 691 3956 rjtici
714 3884 1027 3941 occasionem
1052 3891 1338 3956 frequenter
1384 3886 1671 3956 arripjunt,
1702 3894 1757 3937 ut
1797 3884 1965 3953 ipsum
2003 3899 2110 3937 esse

544 3954 741 4010 Filium
764 3954 1087 4011 Paraclctuin
1114 3955 1411 4009 mittendum
1436 3973 1467 4007 a
1500 3954 1657 4007 Patre
1696 3956 1761 4009 sit
1786 3963 2105 4022 precaturus,

543 4025 885 4097 di/ferentiam
922 4029 1059 4081 missi
1104 4027 1425 4097 rogantisque
1452 4025 1721 4097 signiﬁcet.
1756 4024 1843 4097 Sic
1966 4024 2106 4078 Hila-

548 4096 657 4167 rius
688 4098 781 4151 lib.
833 4098 899 4154 tie
945 4092 1187 4167 Syttodis
1206 4092 1434 4167 Qriet:t.,
1482 4092 1594 4167 sen—
1620 4096 1687 4148 de
1727 4095 1830 4147 [ide
1854 4092 2106 4167 oricula:

548 4164 677 4236 lium
697 4181 785 4236 _n.
816 4166 917 4236 20,
962 4163 1080 4236 p'ag.
1130 4164 1294 4229 494.;
1342 4175 1395 4220 et
1438 4165 1695 4236 sequitur.
1727 4178 1874 4225 num.
1904 4163 2108 4236 2138i

546 4233 1211 4307 quis_Spiritumistittctum
1254 4244 1444 4307 portent
1466 4233 1599 4287 dicat
1644 4233 1927 4288 Patrisrel
1956 4233 2101 4301 Filii,

546 4302 815 4355 anathema
840 4306 925 4369 sit,

616 4370 644 4407 δ
669 4371 821 4436 Quod
864 4373 955 4427 hic
998 4373 1207 4441 legatur
1238 4390 1249 4423 :
1296 4373 1403 4426 sine
1431 4382 1632 4439 peccato
1660 4381 1951 4438 conceptus,
1997 4373 2109 4426 sine

547 4448 749 4509 peccato
776 4452 946 4509 natus,
1002 4443 1109 4492 sine
1160 4450 1637 4509 peccatormortuus
1685 4441 1945 4504 creditur,
1991 4442 2107 4499 haec

545 4508 711 4563 credo
764 4508 1045 4564 referenda
1075 4523 1196 4563 esse
1248 4508 1313 4559 ad
1363 4508 1561 4561 illamet
1602 4509 1760 4561 verba
1798 4509 1855 4563 S.
1892 4509 2105 4563 Eusebii

539 4579 928 4633 subscribentis
966 4578 1213 4647 epistola:
1256 4577 1526 4647 synodica:
1570 4576 1679 4647 jam
1718 4576 1947 4647 laudata:
1974 4592 2003 4629 a
2026 4577 2100 4647 _S.

545 4630 935 4721 subsidioin
960 4630 1330 4721 Arntiocliends
1360 4646 1537 4711 missae
1561 4630 1614 4699 i'n
1640 4646 1744 4699 fmc
1759 4645 1911 4721 cujus
1936 4630 2105 4721 scrip¥
2131 4630 2179 4688 Ῐ)

545 4719 616 4770 sit
646 4718 784 4773 idem
814 4720 1079 4775 Eusebius
1113 4738 1127 4772 :
1173 4718 1240 4771 Et
1268 4724 1471 4787 excepto
1520 4725 1728 4785 peccata
1754 4715 1945 4781 omnia,
1972 4715 2103 4783 'qua:

544 4789 724 4840 ueteris
751 4800 893 4842 erant
918 4800 1103 4843 nostra:
1123 4787 1454 4841 humanitatis
1471 4827 1485 4851 ,
1508 4797 1614 4841 etc.
1941 4810 1946 4814 '

620 4866 641 4893 ο
683 4857 761 4910 Ex
790 4858 892 4911 hoc
919 4868 1103 4926 aperte
1142 4859 1348 4913 eruitur
1378 4871 1609 4926 pugnare
1653 4854 1960 4926 Eusebium
1982 4866 2109 4907 con-

544 4932 629 4979 tra
648 4940 887 4997 errorem
914 4922 1161 4997 Origenis
1182 4927 1429 4982 docentis
1452 4922 1559 4981 non
1586 4942 1836 4997 carnem.
1869 4922 1970 4997 sed
1990 4937 2111 4997 cor-

547 5009 677 5063 pora
725 4992 1073 5063 suscitanda,
1124 5012 1297 5064 neque
1340 4998 1525 5051 cadem
1553 5038 1567 5060 ,
1612 4998 1703 5051 sed
1741 4996 1844 5049 alia
1890 4992 2105 5047 subtilia

541 5078 696 5120 aerea
728 5065 998 5125 caelestia,
1031 5080 1149 5132 qua:
1177 5065 1419 5120 indutura
1447 5076 1570 5120 sunt
1601 5069 1791 5120 animm
1822 5067 1936 5118 loco
1965 5076 2111 5115 cras-

545 5133 705 5188 sioris
732 5136 875 5189 illius
899 5134 1190 5206 materialis
1207 5174 1220 5197 ,
1244 5144 1297 5188 et
1320 5139 1499 5190 carnei
1519 5177 1533 5200 ,
1562 5139 1703 5206 quod
1730 5149 1869 5206 nunc
1890 5139 2110 5206 regunt,

545 5212 599 5273 et
643 5206 902 5273 animant.
950 5204 1101 5273 Quod
1150 5203 1377 5273 dogma,
1418 5219 1509 5258 seu
1563 5201 1805 5260 timresim
1853 5204 1906 5258 in
1954 5201 2106 5273 Com.

542 5270 740 5344 Psalm.
779 5284 909 5328 tom.
954 5274 976 5329 Ι
1016 5272 1145 5344 edit.
1174 5270 1366 5344 Véuet.
1393 5285 1604 5344 recent.
1638 5290 1756 5344 pag.
1799 5271 2107 5344 598L599,

544 5342 791 5407 tradidit,
822 5355 875 5399 et
902 5344 952 5397 in
982 5342 1165 5412 Matth.
1194 5356 1314 5412 pag.
1345 5340 1479 5412 544,
1511 5340 1653 5409 Ηϐζ
1684 5340 1810 5399 ῑῦηιο
1833 5342 1984 5407 XI".
2017 5356 2113 5407 seu.

543 5416 677 5465 tom.
719 5412 821 5482 ΙΙΙ,
852 5408 1401 5477 οοηῧτηὶανὶιξρῖιίιιιι
1439 5411 1685 5467 haeresim
1730 5415 1895 5469 secuti
1924 5420 2106 5483 postea

2210 3330 2701 3400 syllabam,r.et‘pro
2740 3339 2831 3386 eo,
2880 3322 3010 3391 quod
3035 3324 3207 3375 dicunt
3246 3322 3412 3375 carnis
3448 3326 3773 3381 resurrectio-

2210 3396 2322 3455 n'em
2348 3440 2360 3463 ,
2389 3415 2481 3453 nos
2507 3396 2724 3449 dicimus
2745 3409 2763 3446 :
2790 3407 2947 3447 ausus
2973 3408 3151 3448 csums
3179 3404 3659 3449 ursunnncrtonsu.

2280 3470 2343 3524 In’
2367 3469 2469 3523 hoc
2497 3463 2744 3536 symbolo
2765 3478 2865 3517 nec
2888 3463 2943 3515 in
2970 3464 3107 3536 aeria
3124 3504 3138 3528 ,
3164 3464 3251 3517 ‘vel
3283 3464 3632 3536 qualibetolia
3656 3481 3773 3535 car.

2210 3558 2272 3595 ne
2294 3581 2308 3605 ,
2334 3550 2390 3594 ut
2410 3533 2615 3608 quidam
2645 3534 2864 3608 dotirant
2890 3535 3260 3608 resurrecturos
3288 3546 3385 3586 nos
3411 3533 3593 3608 tradit.
3627 3533 3770 3605 Ergo

2210 3603 2397 3666 contra
2422 3603 2545 3662 illos
2566 3626 2589 3668 ,·
2611 3604 3165 3672 qui‘resurrectionem
3196 3603 3380 3656 alienae
3412 3605 3589 3659 carnis
3613 3645 3628 3669 ,
3673 3603 3771 3661 seu

2212 3680 2488 3740 materia),
2546 3671 2701 3741 quam
2730 3671 2910 3741 fhpjus
2962 3673 3129 3725 nostri
3175 3672 3412 3741 corporis
3467 3672 3771 3731 docuerunt

2211 3751 2399 3815 dogma
2437 3739 2986 3815 statuitur_._adeoque
3010 3779 3025 3801 ,
3044 3742 3190 3815 sicpt
3222 3740 3336 3815 jam
3376 3739 3428 3792 in
3460 3744 3770 3807 praefatione

2212 3807 2442 3869 difimns
2469 3807 3015 3881 ctuti].S.'l_iieroii_yni_o
3042 3808 3099 3881 ξ.
3132 3808 3771 3881 Eusebiumcommenta-

2212 3888 2321 3939 rios
2342 3878 2667 3954 psalmorum
2689 3876 2929 3954 _Or_i_genis
2951 3875 3017 3954 de
3036 3877 3219 3954 Gnaeo
3242 3878 3292 3931 in
3310 3876 3557 3954 Latinum
3584 3896 3773 3939 emcn-

2211 3946 2643 4010 datis'erroribus
2672 3946 2883 4021 dedisse
2902 3985 2915 4007 ,
2948 3946 3104 4021 facile
3132 3948 3322 4021 cuique
3346 3950 3462 4021 erit
3491 3951 3575 4021 hic
3604 3967 3775 4021 agnon

2210 4041 2359 4093 scere
2383 4066 2398 4089 ,
2431 4030 2618 4093 contra
2646 4032 2801 4093 quem
2833 4018 2933 4093 hoc
2958 4017 3173 4093 _dogma_
3198 4017 3475 4093 deﬁnitum
3506 4017 3665 4093 fuerit
3701 4024 3770 4077 ab

2210 4085 2427 4150 auctore
2449 4092 2607 4159 huius
2648 4085 3001 4159 confessionis
3042 4085 3422 4159 maximecum
3464 4088 3514 4140 in
3546 4088 3769 4158 reliquis
3830 4130 3831 4133 η

2209 4155 2634 4238 symbolis,_nihi_l
2664 4166 2918 4238 statutum
2947 4157 3107 4238 fuerit
3128 4155 3767 4238 tamclarumcopjra-‘ct,

2209 4225 2384 4291 rorem
2414 4225 2660 4301 Urigenis
2690 4227 2856 4301 verbo
2887 4229 2997 4294 ipsa
3016 4225 3401 4301 referentibus,
3440 4226 3611 4301 ut_hic
3641 4228 3771 4297 legi-

2186 4312 2318 4360 ’tur.
2348 4306 2419 4357 De
2441 4295 2537 4369 qua
2566 4299 2807 4369 Origcuis
2835 4299 3047 4369 lmresi,
3068 4298 3144 4351 sic
3164 4296 3220 4352 S.
3252 4295 3574 4369 Epiphanius
3599 4295 3771 4369 scrip-

2207 4376 2278 4428 sit
2306 4365 2584 4441 speciatim
2616 4365 2679 4423 in'
2696 4368 2789 4421 lib.
2817 4365 3114 4437 Ancoratus
3142 4380 3261 4441 pag.
3284 4365 3425 4441 mihi
3444 4366 3585 4441 356:
3618 4367 3682 4422 At
3705 4365 3771 4423 de

2208 4446 2288 4498 his
2323 4436 2446 4497 satis
2495 4439 2684 4492 dictum
2728 4451 2835 4507 esse
2858 4436 2983 4507 puto
3006 4479 3019 4500 ,
3049 4436 3223 4507 paucis
3265 4452 3293 4490 e
3319 4436 3491 4507 ututtis
3526 4440 3771 4506 exemplis

2207 4531 2237 4565 a
2267 4513 2410 4565 nobis
2437 4504 2988 4579 productisLCtrterum
3013 4504 3071 4579 de
3101 4508 3209 4566 his.
3239 4508 3324 4576 qui
3355 4504 3634 4562 Christiani
3660 4504 3769 4565 esse

2207 4573 2465 4643 videntur,
2495 4592 2663 4631 verum
2695 4573 2902 4647 Origem'
2927 4578 3132 4630 credunt
3158 4586 3203 4629 et
3231 4573 3543 4629 mortuorum
3568 4579 3771 4647 quidem

2205 4650 2614 4704 resurrectionem
2658 4644 2961 4711 conﬁtentur
2985 4688 2997 4708 ,
3044 4648 3356 4714 tumtcarnis
3395 4644 3621 4714 nostris,
3661 4660 3768 4705 tum

2208 4718 2434 4788 corporis
2460 4714 2693 4776 Domini,
2714 4707 2880 4766 sancti
2898 4714 3039 4785 illius
3064 4732 3126 4788 ea;
3148 4707 3315 4769 Maria
3340 4707 3618 4788 assumpti
3638 4719 3769 4775 hanc

2209 4785 2375 4858 autem
2403 4799 2602 4858 carnem
2628 4799 2729 4835 non
2758 4798 3015 4858 resurgere
3039 4787 3243 4846 dicunt,
3272 4785 3359 4840 sed
3382 4785 3529 4841 etiam
3555 4805 3647 4858 pro
3670 4790 3768 4844 hac

2212 4875 2272 4913 ea:
2300 4857 2407 4929 Deo
2431 4854 2547 4929 dari
2564 4868 2587 4929 _:
2616 4852 2869 4929 quomodo
2907 4852 3005 4909 non
3045 4858 3320 4929 dixerimus
3356 4859 3518 4929 magis
3556 4852 3767 4927 intpiam

2214 4929 2327 4999 aliis
2354 4926 2531 4978 habere
2558 4924 2701 4999 ipsos
2710 4923 3044 4999 opinionem,
3072 4938 3117 4978 et
3146 4923 3479 4999 ualidiorem
3498 4923 3649 4999 quani
3692 4942 3769 4984 est

2217 4998 2422 5066 Grieca,
2448 4990 2604 5066 quam
2635 4990 2758 5046 alibi
2791 4993 3029 5066 Interesim
3062 5004 3117 5047 ut
3146 4996 3232 5049 hic
3259 4990 3527 5051 refutavit'.
3588 5061 3593 5066 ἰ

2282 5065 2309 5102 ἀ
2340 5066 2448 5119 Etsi
2470 5062 2544 5117 in
2593 5063 2691 5114 bac
2723 5062 2938 5129 periodo
2966 5066 3207 5118 videatur
3245 5077 3516 5122 auctorem
3561 5062 3767 5123 duobus

2211 5136 2326 5189 aliis
2360 5134 2547 5205 diebus
2571 5131 2804 5205 locutum
2824 5151 2829 5157 ο
2849 5132 3012 5205 fuisse
3034 5134 3102 5189 de
3130 5134 3235 5205 hoc
3261 5137 3515 5205 mysterio
3540 5139 3769 5192 sanctis-

2211 5208 2369 5279 sima;
2405 5201 2682 5279 Trinitatis
2700 5217 2724 5279 ;‘
2748 5209 2930 5257 tamen
2960 5204 3012 5257 in
3043 5204 3228 5279 codice
3254 5201 3553 5279 uiitilaliud
3582 5207 3764 5279 adest,

2211 5284 2265 5329 ct
2287 5276 2519 5333 uitimam
2566 5271 2811 5342 paginam
2840 5285 3055 5327 vacuam
3078 5273 3265 5340 habet,
3288 5274 3414 5330 alibi
3444 5274 3557 5330 inec
3584 5274 3762 5330 fon-an

2211 5344 2433 5414 petenda
2467 5352 2638 5397 erunt.
