3928 6408
173 363 271 424 969

859 371 1398 434 EUSEBIANORUM
1433 373 1719 432 OI’EBUM
1754 376 2092 436 EDl'IIONlS
2128 376 2718 449 COill’LEMENTUM,

3314 385 3420 444 970

175 479 3396 518 ._.._..._.._________________________________

170 545 1096 660 EUSEBIANORUM
1173 555 1673 639 OPERUM
1727 557 2323 644 EDITIONIS
2401 561 3421 658 COMPLEMENTUM,

946 665 1029 728 IN
1078 666 1241 743 QUO
1288 668 1394 728 DE
1438 667 1822 731 AUCTORIS
1871 672 2068 732 VITA
2107 673 2209 735 ET
2257 674 2598 738 SCRIPTIS

1148 822 1151 824 _
1223 766 1527 820 NOTANDA
1567 768 1851 829 QUIEDAM
1892 772 2343 829 EXPONUNTUR.

169 939 207 996 l.
227 938 304 996 De
322 938 531 998 Eusebii
557 940 890 1000 Vercellensis
910 941 1013 997 vita
1039 947 1084 996 et
1105 940 1328 1013 scriptis,
1346 955 1411 995 ea:
1430 937 1729 996 Gallandio.
1757 940 1811 1000 A
1835 939 2222 1007 Alexandriam
2253 965 2482 1025 rogante
2525 926 2821 1022 Athanasio
2849 983 2911 1024 se
2951 973 3215 1043 contulit,
3245 977 3336 1033 ubi
3375 986 3432 1036 οι

234 1033 495 1091 Eusebius
525 1036 742 1092 natione
771 1033 974 1091 Sardus
1007 1033 1115 1105 (a),
1148 1041 1294 1089 terra
1331 1047 1427 1088 sua
1459 1039 1514 1087 et
1540 1045 1740 1100 cogna-

169 1126 304 1181 tione
341 1127 524 1184 relicta
543 1170 557 1196 ,
587 1136 749 1201 atque
785 1127 898 1185 otio
923 1127 1221 1183 domestico
1250 1124 1740 1197 peregrinationem

167 1216 491 1285 prmierens,
539 1226 599 1275 ut
639 1219 811 1288 inquit
846 1227 1066 1273 sanctus
1115 1215 1436 1273 Ambrosius
1487 1213 1594 1288 (ὁ),
1634 1214 1742 1285 pri-

167 1321 305 1362 mum
349 1308 606 1366 Ecclesia:
632 1308 889 1364 Romana:
913 1309 1083 1365 lector
1103 1350 1118 1375 ,
1155 1308 1349 1364 deinde
1379 1306 1742 1364 Vcrcellensis

166 1401 443 1473 episcopus
471 1409 557 1458 est
593 1402 893 1459 ordinatus.
946 1402 1013 1458 Et
1049 1403 1174 1473 jure
1217 1401 1431 1472 quidem
1475 1400 1739 1458 creditum

168 1493 264 1564 (c),
292 1493 437 1564 quod
468 1495 533 1549 ad
560 1480 756 1568 munus
794 1494 1104 1566 episcopale
1132 1494 1315 1550 divino
1345 1501 1493 1550 esset
1538 1492 1745 1549 electus

163 1582 408 1653 judicio:
452 1600 612 1656 quem
667 1586 813 1643 enim
867 1601 1158 1659 numquam
1211 1594 1338 1642 ante
1376 1593 1747 1656 cognoverant

166 1675 460 1746 electores,
491 1677 818 1748 posthabitis
843 1678 1077 1744 civibus,
1121 1677 1281 1733 simul
1319 1687 1381 1732 ut
1407 1677 1660 1733 viderunt
1692 1683 1748 1732 et

167 1769 564 1838 probaverunt;
621 1779 939 1841 tantumque
982 1768 1225 1825 interfuit
1270 1775 1331 1822 ut
1381 1769 1741 1837 probaretur,

166 1871 418 1934 quantum
469 1870 529 1919 ut
572 1863 885 1919 videretur:
927 1862 1172 1934 adeoque
1218 1861 1411 1918 merito
1441 1859 1524 1916 vir
1569 1867 1746 1914 tantus

165 1955 365 2023 evasit,
391 1969 548 2026 quem
577 1954 786 2010 scilicet
825 1952 1090 2009 divinitus
1118 1961 1364 2009 vocatum
1393 1951 1566 2008 omnis
1590 1946 1752 2019 elegit

166 2048 412 2104 ecclesia.
442 2047 657 2104 Primus
698 2047 938 2102 omnium
971 2046 1052 2116 (d)
1082 2046 1137 2101 in
1168 2045 1468 2102 occidentis
1507 2042 1749 2114 partibus

167 2138 517 2193 monasticam
544 2139 708 2192 vitam
738 2137 974 2193 clericali
1019 2137 1301 2208 conjunxit
1333 2154 1346 2190 :
1377 2135 1547 2191 redux
1593 2132 1751 2188 nimi-

166 2245 282 2286 rum
319 2246 387 2286 ex
414 2229 678 2303 Egypto,
708 2229 803 2287 ubi
826 2231 1080 2287 exsulans
1109 2238 1417 2286 sanctorum
1458 2226 1753 2284 monacho-

1840 1037 2048 1105 synodo
2076 1040 2321 1101 interfuit
2345 1048 2412 1103 ab
2442 1051 2632 1108 eodem
2658 1056 2956 1116 Athanasio
2985 1037 3211 1121 coacttei
3236 1069 3344 1124 Sed
3365 1086 3429 1126 ea

1840 1126 2151 1198 singillatim
2165 1150 2422 1195 enarrare
2433 1157 2553 1212 qua:
2575 1145 2630 1199 in
2645 1147 2736 1201 illa
2747 1150 3320 1219 synodoAlexandrina
3335 1177 3429 1230 ge-

1844 1225 1924 1272 sta
1937 1227 2350 1293 sunt,prolixius
2363 1246 2482 1287 esse
2496 1250 2653 1304 quam
2669 1236 2896 1296 instituti
2915 1246 3085 1300 nostri
3109 1252 3243 1303 ratio
3263 1225 3424 1306 feriat.

1915 1308 2048 1408 Illud
2085 1326 2260 1372 tamen
2291 1319 2434 1377 haud
2466 1329 2986 1393 prmtermitteudum
3015 1337 3388 1398 existimamus
3410 1385 3424 1408 ,

1844 1400 2133 1459 Eusebium
2181 1408 2433 1467 nimirum
2464 1413 2608 1472 illius
2647 1422 2840 1490 synodi
2887 1424 3267 1484 Alexandrina:
3295 1433 3432 1488 actis

1843 1492 2031 1589 Latine
2060 1497 2485 1589 subscripsisse;
2517 1509 2660 1578 quod
2691 1513 2907 1580 quidem
2932 1516 3105 1573 refert
3130 1520 3245 1589 ipse
3265 1521 3433 1578 Atha-

1845 1587 2026 1643 nasius
2055 1588 2138 1646 his
2167 1593 2350 1649 verbis
2377 1596 2452 1667 (It)
2481 1615 2494 1654 :
2538 1599 2654 1672 Ego
2682 1601 2958 1674 Eusebius,
2991 1587 3271 1665 secundum
3311 1630 3435 1668 exa—

1846 1688 1977 1733 ctam
2025 1694 2245 1740 vestram
2295 1690 2565 1761 utriusque
2602 1697 2763 1763 partis
2806 1703 3333 1774 confessionem,qua
3381 1707 3439 1760 in

1845 1775 2076 1831 eamdem
2119 1780 2258 1833 circa
2289 1783 2588 1854 bypostases
2635 1792 2938 1846 sententiam
2988 1797 3295 1851 convenistis
3321 1839 3335 1863 ,
3383 1797 3439 1852 in

1845 1869 2078 1923 eamdem
2124 1888 2324 1944 quoque
2352 1881 2565 1934 conveni
2593 1897 2611 1934 :
2642 1883 2732 1936 sed
2761 1886 2911 1938 etiam
2942 1887 3078 1941 circa
3125 1890 3440 1946 incarnatio-

1848 1976 1963 2019 nem
2011 1961 2297 2021 Saluatoris
2339 1971 2533 2038 nostri,
2567 1989 2748 2044 nempe
2797 1974 2899 2030 Dei
2945 1975 3144 2034 Filium
3182 1980 3441 2038 hominem

1850 2056 2039 2123 factum
2068 2072 2176 2114 esse
2194 2103 2208 2127 ,
2242 2068 2289 2114 et
2334 2063 2506 2117 omnia
2535 2075 2718 2135 praeter
2745 2077 3012 2138 peccatum
3060 2077 3404 2145 assumpsisse
3423 2117 3441 2145 ,

1850 2147 2136 2215 cujusmodi
2160 2161 2268 2205 erat
2294 2155 2532 2225 antiquus
2559 2167 2731 2212 noster
2756 2160 2908 2215 homo
2933 2176 2952 2216 .°
2973 2162 3128 2232 idque
3139 2165 3299 2234 juxta
3318 2182 3449 2223 con-

1850 2245 2043 2293 textum
2067 2239 2320 2310 Epistula:
2349 2262 2458 2301 meo
2487 2247 2738 2318 suffragio
2767 2253 3090 2320 conﬁrmavi.
3121 2253 3188 2308 Et
3216 2257 3448 2325 quando-

167 2339 287 2380 rum
309 2325 617 2382 institutum
646 2323 937 2399 diligenter
962 2326 1348 2396 perquisicral,
1379 2333 1437 2379 ιιι
1459 2329 1647 2378 auelor
1669 2329 1752 2376 εει
1779 2343 1828 2404 Β
1853 2330 2054 2398 quidem
2080 2334 2288 2388 exclusa
2315 2337 2506 2392 dicitur
2533 2339 2859 2396 Sardicensis
2887 2345 3096 2396 concilii
3123 2323 3310 2400 tabella
3335 2387 3348 2412 ,
3383 2363 3446 2401 ne

169 2418 432 2475 Batonius
459 2419 552 2492 (e).
581 2420 740 2478 Anno
787 2431 966 2476 autem
995 2420 1099 2476 554
1142 2434 1252 2487 quo
1294 2427 1538 2488 tempore
1587 2415 1754 2485 potis-

168 2509 362 2565 simum
393 2511 696 2567 Ecclesiam
726 2511 1013 2567 divexabat
1056 2509 1255 2566 Ariana
1279 2509 1525 2579 impietas
1545 2547 1562 2573 ,
1595 2503 1755 2560 Libe-

168 2600 280 2656 rius
306 2617 441 2671 papa
466 2602 677 2660 litteras
700 2603 767 2659 ad
794 2603 1091 2661 Eusebium
1120 2601 1267 2658 dedit
1292 2602 1361 2674 (f)
1382 2641 1397 2668 ,
1437 2599 1632 2671 quibus
1675 2598 1757 2668 ip—

170 2706 285 2746 sum
316 2693 576 2763 rogabat,
621 2704 678 2749 ut
706 2710 811 2750 una
849 2708 974 2750 cum
1017 2692 1162 2749 sedis
1203 2693 1517 2762 apostolica:
1565 2690 1755 2760 legatis

169 2784 293 2840 ﬁdei
324 2785 682 2855 patrocinium
710 2785 852 2856 apud
880 2783 1255 2840 Constantium
1285 2782 1602 2852 susciperet.
1647 2779 1758 2834 Ro.

168 2890 331 2932 mane
373 2877 615 2948 pontiﬁci
642 2891 846 2934 morem
875 2891 1072 2946 gerens
1100 2876 1293 2955 beatus
1322 2875 1549 2931 antistes
1569 2915 1583 2941 ,
1613 2873 1756 2942 lega-

170 2967 348 3038 tisque
373 2967 632 3025 Vercellis
659 2966 959 3033 honoriﬁce
985 2966 1323 3037 comiterque
1353 2964 1624 3037 exceptis,
1655 2964 1757 3019 viae

166 3061 324 3134 juxta
352 3073 513 3134 atque
537 3061 821 3134 legationis
848 3061 1105 3118 comitem
1126 3074 1249 3117 sese
1274 3059 1500 3126 obtulit,
1547 3070 1760 3126 unaque

168 3168 290 3210 cum
322 3154 429 3210 illis
457 3154 524 3210 ad
551 3155 938 3224 imperatorem
961 3152 1017 3207 in
1038 3150 1240 3208 Gallias
1269 3148 1568 3206 contendit.
1596 3147 1763 3220 Cujus

169 3244 248 3300 rei
277 3246 479 3300 certior
521 3244 693 3300 lactus
722 3257 968 3300 summus
1005 3242 1249 3314 pontifex
1269 3284 1283 3310 ,
1313 3256 1436 3296 mox
1468 3241 1536 3296 ad
1585 3240 1760 3309 ipsum

170 3335 452 3404 rescripsit
481 3335 595 3404 (g),
642 3332 958 3404 signiﬁcans
997 3342 1194 3403 quanta
1239 3331 1426 3387 laetitia
1477 3329 1641 3386 fuerit
1686 3330 1765 3384 al-

170 3428 367 3494 lectus,
385 3427 511 3482 dum
533 3441 654 3482 eum
669 3426 840 3496 ipsius
859 3427 1049 3496 legatis
1067 3442 1127 3482 se
1143 3425 1452 3495 adjunxisse
1473 3422 1758 3478 intellexit.

236 3519 422 3590 Itaque
449 3520 590 3591 apud
620 3519 998 3575 Constantium
1027 3519 1245 3574 enixius
1273 3531 1436 3587 agens
1461 3513 1723 3570 Eusebius
1744 3553 1759 3578 ,

169 3611 431 3684 quidquid
458 3627 522 3668 ea
552 3611 823 3684 legatione
861 3611 1145 3682 petebatur
1173 3609 1412 3665 obtinuit
1432 3649 1447 3675 ,
1481 3620 1675 3676 nempe
1704 3610 1763 3660 ut

1853 2421 1990 2474 ultra
2014 2420 2282 2477 Nicwnam
2306 2426 2460 2493 ﬁdem
2482 2427 2682 2498 aliquid
2707 2432 2896 2497 exponi
2917 2433 3149 2486 videatur
3171 2451 3188 2486 :
3217 2450 3306 2504 ego
3329 2435 3450 2488 huic

1850 2525 2049 2580 quoque
2074 2513 2148 2566 rei
2175 2516 2477 2583 consentio,
2509 2533 2573 2571 ne
2613 2535 2702 2585 per
2741 2519 2887 2573 illam
2919 2521 3138 2577 Nicwna
3188 2524 3314 2592 ﬁdes
3363 2540 3452 2580 ea:-

1851 2601 1997 2657 clusa
2042 2605 2303 2674 videatur,
2337 2613 2508 2678 neque
2551 2612 2914 2681 proferendam
2960 2629 3071 2666 eam
3113 2630 3222 2670 esse
3263 2618 3447 2670 sentiO'

1857 2695 1993 2765 Opto
2023 2697 2077 2751 in
2124 2697 2349 2755 Domino
2397 2717 2485 2755 vos
2516 2703 2642 2757 bene
2687 2704 2875 2758 valere.
2926 2705 3199 2761 llactenus
3226 2707 3448 2763 Eusebii

1856 2788 2211 2860 subscriptio;
2244 2793 2332 2846 cui
2375 2792 2490 2847 haec
2520 2794 2801 2863 prmmittit
2843 2795 3208 2852 Athanasius;
3241 2800 3454 2860 Τούτοις

1856 2884 1939 2938 καὶ
1980 2884 2219 2944 Εὐσέϐιος
2291 2885 2554 2961 ὑπέγραψε
2615 2885 2933 2959 Ῥωμαῖστὶ,
2992 2887 3056 2943 ὧν
3112 2892 3141 2949 ἡ
3191 2890 3450 2965 έρμηνεὶω

1857 2973 1980 3049 Ἐγώ
2003 2979 2248 3039 Εὐσέϐιος
2275 3002 2324 3034 κ.
2355 3003 2406 3036 τ.
2429 2980 2476 3032 λ.
2507 2978 2604 3034 His
2631 2979 2883 3036 Eusebius
2907 2998 3107 3053 quoque
3121 2981 3305 3039 Latine
3332 2985 3450 3038 sub-

1859 3068 2082 3136 scripsit,
2101 3086 2318 3139 quorum
2332 3071 2440 3125 licet:
2457 3079 2528 3126 est
2542 3071 2865 3142 intepretatio
2880 3088 2899 3126 :
2916 3073 3028 3128 Eco
3047 3073 3326 3141 EUSEBIUS,
3342 3084 3446 3130 etc.

1932 3157 2069 3214 Hine
2100 3174 2230 3216 vero
2252 3160 2430 3216 minus
2458 3171 2609 3217 recte
2647 3163 2890 3232 arguisse
2919 3163 3126 3220 videtur
3156 3165 3452 3220 Tillemon-

1864 3248 1970 3302 tius
1999 3249 2102 3319 (ι),
2144 3250 2436 3307 Eusebium
2472 3251 2706 3308 fortasse
2741 3253 2981 3310 Grrecam
3027 3255 3261 3324 linguam
3308 3256 3452 3309 haud

1864 3338 2135 3404 calluisse,
2170 3350 2455 3409 propterea
2473 3343 2620 3413 quod
2637 3344 2844 3414 synodo
2861 3345 3239 3400 Alexandrina:
3260 3346 3452 3401 Latine

1863 3428 2266 3499 subscripserit.
2285 3432 2505 3489 Scilicet
2531 3434 2720 3490 Graece
2743 3437 3026 3505 imperitus
3052 3436 3216 3492 fuerit
3245 3439 3452 3507 episco-

1863 3533 1967 3590 pus
1993 3520 2081 3576 ille
2107 3521 2497 3591 Vercellensis,
2525 3527 2618 3596 qui
2655 3535 2791 3582 teste
2820 3528 3149 3598 Hieronymo
3170 3530 3264 3596 (in)
3291 3529 3451 3583 edidit

1864 3611 1918 3662 in
1947 3608 2188 3666 Psalmos
2231 3616 2623 3668 commentarios
2651 3615 2862 3670 Eusebii
2910 3616 3240 3671 Cwsariensis
3265 3659 3278 3682 ,
3322 3635 3448 3688 quos

167 3704 454 3761 concilium
477 3705 880 3762 celebraretur:
909 3703 1052 3776 quod
1080 3703 1266 3774 utique
1293 3716 1437 3758 anno
1467 3701 1754 3770 insequen-
1784 3708 1829 3771 ρ
1861 3714 1928 3754 DE
1957 3699 2160 3756 Gnaeo
2198 3717 2249 3756 IN
2279 3703 2522 3759 Lnnvuu
2556 3718 2861 3760 vnnrenn.
2902 3705 3083 3762 Satius
3130 3722 3260 3778 ergo
3286 3708 3451 3764 fuerit

166 3804 218 3853 te
246 3796 538 3854 Mediolani
570 3798 671 3853 iuit
698 3805 967 3854 coactum.
1003 3795 1070 3852 Et
1098 3796 1149 3851 in
1179 3811 1245 3852 eo
1275 3795 1494 3867 quidem
1525 3792 1755 3849 concilio

163 3889 390 3946 eminuit
418 3889 640 3946 Eusebii
671 3889 932 3946 fortitudo
962 3899 1125 3960 atque
1154 3889 1323 3944 animi
1356 3888 1584 3943 ﬁrmitas
1625 3884 1703 3959 (h)
1737 3902 1751 3940 :

162 3983 431 4055 siquidem
462 3997 572 4040 non
616 3983 831 4051 minas,
880 3998 990 4039 non
1032 3982 1279 4046 vincula,
1311 3988 1369 4037 et
1408 3995 1476 4034 ne
1517 3977 1750 4048 gladium

161 4077 381 4148 quidem
409 4076 714 4133 districtum
745 4084 1026 4142 metuens,
1059 4072 1309 4128 exsilium
1340 4085 1439 4138 pro
1466 4065 1749 4122 ministerii

160 4171 246 4226 sui
290 4169 475 4226 ofﬁcio
505 4183 648 4224 anno
677 4166 780 4222 557
832 4163 1101 4234 suscepit,
1140 4158 1514 4231 Scythopolim
1544 4156 1750 4225 relega-

160 4269 287 4318 tns:
318 4261 412 4317 ubi
442 4259 676 4332 primum
704 4258 773 4311 ab
817 4253 1053 4323 Josepho
1098 4250 1296 4306 comite
1345 4245 1750 4317 perhumaniter

158 4359 423 4422 exceptus
444 4351 540 4421 (i);
573 4349 830 4416 deinceps
853 4358 985 4401 vero
1005 4357 1035 4397 a
1059 4338 1376 4410 Patrophilo
1395 4380 1410 4404 ,
1433 4336 1550 4393 Arii
1579 4353 1751 4408 quon-

157 4445 282 4500 dam
313 4444 497 4508 soeio,
528 4439 745 4495 homine
773 4438 932 4507 plane
956 4435 1286 4501 saevissimo,
1319 4431 1436 4489 dire
1469 4431 1567 4487 fuit
1587 4446 1748 4487 vexa-

157 4542 265 4588 tus.
299 4532 433 4600 Quae
461 4537 639 4584 autem
670 4534 725 4583 et
762 4532 962 4598 quanta
1009 4523 1336 4581 fortissimus
1365 4521 1566 4578 Christi
1608 4535 1745 4578 con-

155 4627 334 4684 fessor
362 4635 491 4682 tunc
519 4638 706 4696 passus
734 4622 928 4688 luerit;
961 4620 1162 4691 scripto
1185 4618 1252 4676 ad
1279 4618 1531 4676 eumdem
1557 4616 1745 4673 Patro-

154 4721 367 4792 pbilum
409 4719 667 4774 Arianum
713 4714 941 4782 libello,
972 4728 1131 4785 quem
1167 4713 1366 4770 litteris
1405 4711 1630 4783 illigavit
1673 4710 1739 4766 ad

153 4825 284 4869 suos
303 4813 358 4867 in
381 4810 589 4865 Italiam
614 4807 826 4874 missis,
849 4806 1078 4878 ipsemet
1102 4805 1366 4863 Eusebius
1387 4805 1619 4862 declarat
1648 4805 1736 4876 (j).

1857 3791 1992 3846 illud
2040 3794 2344 3863 suspicari,
2373 3794 2667 3851 Eusebium
2699 3795 2886 3852 Grazce
2916 3797 3062 3868 loqui
3089 3807 3180 3852 aut
3211 3799 3450 3855 scribere

1859 3887 2040 3954 potius
2092 3890 2369 3955 nescisse,
2423 3903 2584 3958 quam
2640 3889 2890 3945 Graecam
2949 3891 3180 3961 linguam
3232 3893 3448 3962 penitus

1856 3977 2136 4044 ignorasse
2163 3996 2176 4028 :
2207 3978 2293 4032 vel
2323 3979 2483 4031 etiam
2506 4017 2521 4043 ,
2553 3979 2695 4046 quod
2744 3979 2959 4046 quidem
3010 3980 3192 4034 malim
3216 4021 3228 4045 ,
3271 3981 3442 4050 ipsum

1851 4066 1978 4121 licet
2009 4067 2197 4122 Graece
2222 4068 2438 4122 doctum
2459 4107 2472 4132 ,
2505 4069 2696 4137 synodi
2727 4069 2930 4124 Grmcae
2951 4070 3084 4124 actis
3104 4069 3290 4127 Latine
3319 4075 3448 4128 sub-

1850 4155 2089 4210 scribere
2106 4156 2363 4226 voluisse,
2380 4173 2486 4227 quo
2500 4157 2756 4214 Ecclesiae
2775 4159 3056 4230 utriusque
3072 4177 3367 4221 consensus
3388 4168 3440 4222 in

1850 4240 2120 4315 dogmaiis
2166 4246 2490 4304 deﬁniendis
2557 4249 2768 4319 plenius
2810 4251 3052 4308 evidenti
3077 4267 3245 4325 usque
3312 4271 3442 4312 cou-

1852 4346 2044 4394 staret.

1920 4432 2039 4488 iam
2078 4449 2211 4490 vero
2234 4475 2248 4502 ,
2299 4433 2572 4491 celebrata
2628 4436 2840 4507 synodo
2871 4436 3231 4495 Alexandrina
3255 4481 3270 4508 ,
3319 4457 3444 4498 san-

1845 4536 1966 4584 ctus
1992 4529 2358 4587 Vercellensis
2392 4531 2714 4596 antistes,ut
2747 4531 3182 4588 habetSocrates
3207 4533 3285 4602 (η)
3319 4544 3440 4604 post

1844 4618 2100 4677 Ruﬁnum
2127 4622 2204 4694 (ο)
2241 4624 2408 4678 instar
2431 4623 2722 4692 prwstantis
2769 4622 2952 4676 medici
2981 4623 3188 4674 orientis
3228 4625 3436 4690 provin-

1837 4714 1946 4768 cias
1974 4730 2254 4785 peragrans
2274 4754 2289 4781 ,
2322 4730 2406 4768 eos
2445 4713 2532 4781 qui
2561 4713 2614 4764 in
2642 4712 2744 4779 ﬁde
2770 4710 2966 4777 inﬁrmi
2992 4720 3135 4763 erant
3159 4751 3174 4778 ,
3203 4711 3269 4764 ad
3306 4712 3437 4767 inte-

1837 4821 1986 4876 gram
2017 4805 2353 4861 valetudinem
2401 4803 2660 4864 restituit,
2693 4801 3040 4856 ecclesiastica
3077 4801 3311 4857 doctrina
3347 4821 3432 4859 eos

152 4900 474 4975 Scythopoli
521 4909 704 4971 postea
737 4900 789 4954 in
829 4898 1227 4970 Cappadociam
1253 4940 1268 4966 ,
1309 4905 1471 4969 atque
1507 4897 1631 4952 inde
1680 4896 1735 4951 in
1836 4879 2106 4953 instituens
2145 4906 2294 4966 atque
2333 4895 2589 4949 erudiens.
2621 4893 2755 4946 Inde
2783 4902 2955 4948 autem
2983 4895 3244 4964 digressus
3271 4895 3327 4949 in
3355 4895 3434 4951 Il-

152 4991 453 5064 Egyptum
480 4989 827 5062 deportatus;
859 4989 1201 5060 promulgato
1225 4987 1442 5044 demum
1468 5002 1609 5041 anno
1629 4986 1736 5040 562

150 5083 357 5141 Juliani
382 5081 562 5140 edicto
587 5080 656 5136 de
681 5079 1062 5152 episcoporum
1089 5081 1335 5136 exsulum
1362 5077 1734 5146 restitutione,

251 5203 306 5267 a)
335 5199 557 5256 Hieron.
578 5197 647 5255 de
671 5195 787 5251 Vir.
821 5195 1026 5267 illustr.
1044 5211 1166 5267 cap.
1191 5195 1280 5252 96.
1489 5264 1530 5267 __
1764 5199 1819 5260 D

251 5221 284 5257 a
335 5203 557 5256 Hieron.
578 5203 647 5255 de
673 5203 787 5251 Vir.
821 5203 1014 5251 illustr.
1044 5211 1166 5267 cap.
1191 5203 1280 5252 96.
1764 5203 1817 5260 Ι)

224 5203 306 5401 {ibi
337 5271 570 5326 Αηιδνοει
609 5267 771 5350 epist:
810 5266 910 5333 65,
945 5264 1105 5337 §68,
1141 5282 1266 5338 opp.
1309 5273 1441 5322 tom.
1488 5264 1567 5332 ll,
1613 5279 1737 5338 pag.
1813 5274 1817 5278 ‘

153 5349 225 5403 10
264 5347 296 5400 8
315 5384 330 5403 .
357 5341 490 5398 edit.
514 5339 620 5393 BB.
645 5338 820 5393 Paris.

264 5337 297 5400 8
315 5384 330 5406 ,
357 5341 490 5398 edit.
514 5339 620 5393 BB.
645 5337 820 5393 Paris.

250 5413 412 5536 31d.
441 5409 570 5492 ibid.
592 5447 607 5474 ,
636 5407 756 5546 ξε,
788 5420 908 5485 pag.
938 5405 1094 5460 1025.

296 5489 312 5546 )
345 5480 426 5534 ld.
451 5477 609 5546 tbtd.,
692 5476 791 5540 66,
823 5491 942 5546 pag.
977 5475 1094 5546 105’s!

250 5434 277 5468 c
332 5417 412 5466 ld.
441 5417 570 5464 ibid.
592 5447 607 5474 ,
691 5417 756 5469 2,
788 5420 908 5485 pag.
938 5417 1094 5460 1025.

225 5417 312 5552 £2)
344 5480 426 5552 id.
450 5477 613 5552 ibid.,_
636 5417 668 5546 ἓ
692 5476 942 5552 66,_p‘ng.

253 5543 305 5613 ei
337 5549 527 5602 Baron.
551 5545 616 5599 ad
646 5543 772 5599 ann.
803 5545 940 5608 528,
972 5543 999 5613 §
1026 5543 1116 5595 (ἐξ.

253 5570 279 5605 e
337 5555 527 5602 Baron.
551 5555 616 5599 ad
648 5561 772 5599 ann.
803 5555 940 5608 528,
972 5555 999 5613 9
1026 5555 1116 5595 ‘22.

224 5555 300 5692 ξιξ
317 5617 500 5692 ‘Liber.
524 5615 680 5692 epist.
706 5613 776 5692 ad
794 5613 1014 5692 Euseb.
1040 5613 1295 5684 Vercell.,
1321 5622 1453 5672 tom.
1505 5616 1614 5674 Vlll
1645 5631 1732 5674 no-

153 5682 289 5752 strai
315 5685 515 5743 Patro].
536 5682 679 5750 ,eol.
711 5682 850 5739 i349
878 5694 930 5737 et
955 5698 1070 5752 seq.
1276 5704 1277 5707 η

225 5760 308 5836 (9)
338 5756 422 5816 ld.
451 5754 575 5812 ibid.

677 5845 950 5909 Panos.
978 5842 1128 5918 ΧΠ.

1844 4988 2062 5060 lyricum
2102 4989 2274 5054 venit;
2317 4988 2622 5055 tandemque
2658 4986 2713 5040 in
2755 4985 2970 5040 Italiam
2999 4988 3226 5054 delatus,
3258 4990 3432 5043 eadem

1843 5080 2044 5152 pietatis
2069 5094 2131 5132 ac
2154 5078 2415 5147 religionis
2442 5078 2616 5148 ofﬁcia
2646 5086 2891 5149 praestare
2918 5078 3162 5146 perrexit.
3185 5078 3264 5133 Ad
3283 5082 3434 5150 cujus

1937 5193 1991 5265 Ir)
2021 5193 2216 5265 gthan.
2244 5193 2384 5265 llist.
2409 5193 2600 5265 Arian.
2644 5192 2672 5265 §
2701 5194 2804 5261 54,
2837 5208 2960 5264 pag.
2992 5194 3114 5249 565.

1939 5263 1981 5334 i)
2012 5262 2208 5334 Epiph.
2235 5263 2381 5334 Hier.
2407 5264 2506 5329 30,
2539 5262 2667 5334 §5f
2758 5289 2762 5292 ·

1915 5193 1936 5405 ἓ

1941 5332 1982 5403 i)
2012 5332 2200 5387 Euseb.
2234 5333 2379 5388 Vere.
2407 5332 2564 5403 epist:
2595 5335 2703 5389 vid.
2738 5348 2926 5403 supra.
3380 5358 3382 5361 -

1930 5402 1983 5474 lt)
2005 5405 2196 5475 Athan.
2213 5405 2425 5460 tom.ad
2443 5402 2696 5461 Antioch.
2715 5402 2838 5475 Opp.
2855 5415 2891 5456 t.
2917 5402 2956 5467 Ι,
2980 5411 3116 5475 part.
3138 5418 3195 5472 ιι,
3213 5419 3265 5475 p.
3292 5407 3422 5464 776.

1932 5472 1972 5544 ι)
2007 5474 2208 5529 Tillem.
2233 5475 2391 5531 Mem.
2417 5478 2548 5530 ecel.
2577 5487 2704 5530 tom.
2731 5474 2848 5538 νη,
2882 5487 3001 5544 pag.
3025 5472 3149 5528 550.

1889 5541 2001 5628 in!)
2032 5544 2254 5628 ierim:
2278 5547 2345 5602 de
2365 5547 2479 5603 Vir.
2509 5548 2707 5602 illustr.
2731 5558 2850 5610 cap.
2878 5541 2969 5608 96,
3000 5544 3226 5613 etepist.
3253 5546 3314 5603 61
3349 5550 3418 5605 ad

1837 5615 2093 5688 Vigilant.
2112 5659 2126 5683 ,
2157 5615 2264 5687 §2.

1911 5688 1994 5770 (τι)
2026 5685 2396 5770 Socratz'llist.
2426 5685 2683 5770 eccl‘._‘lib.
2712 5699 2801 5770 in,
2829 5697 2957 5770 cap;
2975 5684 3027 5739 9.

1935 5758 1989 5828 ο)
2016 5755 2194 5827 Ruﬁn.
2219 5759 2355 5815 Hist.
2380 5759 2514 5815 eccl.
2540 5756 2633 5813 lib.
2663 5769 2712 5823 ι,
2738 5769 2858 5825 cap.
2888 5755 2959 5810 50
2983 5795 2997 5822 ,
3029 5754 3120 5809 51.
