3928 6414
544 314 642 395 mi

1637 305 1872 362 JULIUS
1910 304 2228 362 FlRMlCUS
2270 305 2663 364 MATERNUS.

3707 292 3813 360 9n

540 423 729 496 Optimi
754 421 997 493 praesulis
1016 419 1252 484 reditum,
1275 423 1330 471 ut
1355 417 1528 472 verbis
1555 428 1672 472 utar
1696 418 2005 490 Hieronymi
2023 418 2122 490 (a),
2154 427 2204 483 Α
2231 419 2360 474 cidit
2384 421 2544 474 versio
2567 420 2678 489 ejus
2705 417 3197 472 Commentariorum
3227 417 3433 472 Eusebii
3460 419 3513 472 in
3545 417 3812 473 Psalmos.

552 518 783 589 lugubrcs
821 525 975 569 vestes
1007 512 1163 566 Italia
1203 512 1432 565 mutavit.
1477 509 1576 566 Ubi
1613 512 1844 582 denique
1879 511 1945 566 ad
1969 527 2121 567 suam
2229 513 2412 568 Codex
2445 513 2852 584 Evangeliorum
2877 513 3046 584 ipsius
3068 511 3285 568 Eusebii
3314 526 3472 566 manu
3503 511 3818 598 descriptus

559 607 952 662 Vercellensem
987 603 1271 659 ecclesiam
1305 602 1401 656 fuit
1432 617 1711 668 reversus,
1743 617 1902 672 quam
1932 602 2132 672 optime
2235 606 2496 662 Vercellis
2545 615 2856 662 asservatur
2885 615 3047 677 atque
3092 605 3198 659 luci
3252 604 3480 674 publica:
3524 604 3684 659 datus
3734 613 3820 657 est

553 699 891 753 constitutam
926 695 1259 765 ﬁrmiterque
1283 694 1335 747 in
1363 703 1509 748 recta
1543 692 1645 748 fide
1677 693 1947 748 fundatam
1981 693 2134 748 laetus

2237 707 2354 767 post
2376 697 2535 752 Joan.
2557 699 2718 752 Andr.
2743 696 3269 783 Iricum_(Mediolani
3287 738 3301 762 ,
3328 696 3462 753 1748
3479 739 3493 764 ,
3523 698 3574 752 in
3597 694 3822 777 quarto)

553 789 774 853 invisit,
826 769 946 856 post
999 785 1143 839 edita
1195 793 1271 838 tot
1317 794 1533 853 tamque
1583 785 1840 853 praeclara
1879 787 2133 840 virtutum
2233 789 2288 843 in
2314 776 2980 859 BlanchiniEvangeliario
3009 788 3357 857 quadruplici.

547 880 789 949 exempla
816 922 828 946 ,
857 878 1236 932 Valentiniano
1263 885 1316 931 et
1346 876 1570 930 Valente
1597 876 2018 946 imperantibus,
2045 890 2139 929 an-

554 990 623 1030 no
645 973 844 1029 Christi
875 972 1202 1042 Dionysiano
1224 985 1430 1026 cccuxx
1455 1011 1468 1036 ,
1493 968 1738 1024 kalendis
1762 971 1990 1040 Augusti.
2011 983 2139 1038 pra:-

553 1070 639 1124 sui
670 1068 906 1138 optimus
936 1081 1002 1121 ex
1049 1065 1150 1120 hac
1187 1064 1294 1118 vita
1347 1063 1633 1132 migravit,
1666 1071 1723 1116 ut
1765 1061 1868 1117 fert
1897 1061 2136 1116 exactio-

551 1175 668 1214 rum
700 1157 1152 1226 chronologorum
1188 1153 1456 1209 sententia
1485 1152 1579 1222 (b).

619 1249 755 1304 Tres
805 1245 1177 1303 tantummodo
1216 1243 1390 1298 sancti
1428 1243 1643 1298 Eusebii
1672 1243 1914 1313 epistolae
1944 1243 2012 1297 ad
2041 1257 2139 1298 nos

553 1357 720 1412 usque
767 1355 1062 1410 pervenere
1092 1357 1102 1391 :
1136 1352 1362 1409 quarum
1393 1336 1510 1390 dua:
1558 1331 1766 1404 priores
1810 1352 1876 1390 ex
1918 1337 2139 1392 archivo

551 1432 797 1489 ecclesia:
825 1427 1188 1484 Vercellensis
1217 1433 1398 1480 erutas
1419 1466 1431 1490 ,
1454 1425 1734 1480 annalibus
1756 1424 2138 1480 ecclesiasticis

551 1523 782 1579 intexuit
822 1534 1051 1589 magnus
1082 1517 1346 1571 Baronius
1376 1515 1478 1587 (ε),
1510 1515 1651 1570 unde
1698 1515 1814 1570 illas
1853 1516 2142 1586 descripsi-

554 1633 673 1672 mus
704 1635 716 1668 :
754 1615 968 1670 tertiam
997 1627 1128 1667 vero
1169 1625 1232 1664 ex
1265 1624 1429 1676 opere
1460 1609 1718 1663 historico
1749 1609 1918 1663 sancti
1952 1608 2140 1663 Hilarii

553 1707 906 1765 Pictavicnsis
937 1705 1172 1775 episcopi
1205 1702 1283 1773 (d)
1312 1711 1616 1769 cxcerptam
1648 1701 1996 1770 subjecimus.

637 1801 827 1855 Exstat
881 1807 1140 1867 prieterea
1202 1793 1371 1848 codex
1435 1791 1841 1862 Evangeliorum
1897 1790 2138 1860 ejusdem

2308 879 2477 935 Editaa
2504 888 2630 934 sunt
2653 879 2774 934 duae
2798 879 3005 949 priores
3027 879 3271 948 epistolae
3293 891 3414 932 cum
3441 877 3641 933 Libello
3666 878 3818 948 facti,

2238 975 2493 1044 primum,
2534 981 2593 1027 ut
2631 971 2949 1028 Gallandius
2976 972 3245 1042 loquitur,
3274 987 3339 1026 ea
3364 971 3570 1025 archiva
3610 968 3825 1024 Vercel-

2238 1065 2393 1119 lensis
2429 1063 2670 1118 Ecclesiae
2697 1071 2865 1119 eruta:
2893 1077 2924 1116 a
2958 1063 3196 1116 Baronio
3226 1063 3279 1117 in
3309 1061 3505 1117 Annal.
3531 1061 3671 1117 eccl.
3695 1101 3711 1126 ,
3757 1060 3826 1115 ad

2239 1170 2364 1210 ann.
2395 1154 2498 1210 555
2519 1193 2535 1221 ,
2567 1153 2594 1225 §
2623 1154 2654 1208 7
2678 1194 2692 1218 ,
2724 1153 2790 1207 ad
2819 1168 2945 1207 ann.
2977 1151 3082 1208 556
3101 1193 3116 1218 ,
3150 1150 3269 1222 592
3288 1161 3345 1208 et
3374 1167 3520 1222 seqq.
3553 1152 3666 1222 Ego
3694 1165 3830 1205 vero

2240 1246 2577 1316 qumsiverim
2603 1261 2668 1301 ex
2698 1260 2764 1300 co
2794 1245 2936 1300 unde
2967 1259 3072 1299 una
3104 1245 3192 1298 illa
3223 1243 3290 1298 ad
3316 1243 3690 1300 Vercellenses
3735 1259 3828 1312 ep.

2241 1352 2361 1392 cum
2394 1337 2591 1392 Libello
2640 1338 2764 1409 facti
2786 1336 2854 1409 (ι’)
2886 1337 3052 1405 edita,
3080 1338 3192 1406 jam
3226 1338 3280 1392 in
3307 1345 3454 1392 tomo
3485 1337 3502 1391 l
3528 1336 3666 1390 Bibl.
3701 1335 3831 1389 PP.

2243 1427 2552 1482 Parisiensis
2590 1443 2718 1482 ann.
2760 1426 2865 1482 575
2909 1435 3260 1497 compareat,
3301 1426 3346 1482 si
3396 1436 3543 1483 recte
3591 1426 3834 1496 lttigium

2241 1519 2396 1588 capio
2417 1559 2431 1585 ,
2461 1521 2552 1588 qui
2581 1519 2864 1588 epistolam
2895 1518 3120 1574 Eusebii
3145 1518 3502 1574 Vercellensis
3531 1529 3835 1583 memorat,

2241 1626 2360 1679 qua:
2388 1610 2530 1664 nulla
2561 1610 2665 1664 alia
2707 1625 2829 1665 esse
2862 1618 3057 1678 potest.
3087 1610 3287 1664 Eadem
3321 1611 3545 1677 posthac
3587 1610 3738 1665 edita
3781 1611 3838 1665 iu

2237 1700 2625 1774 ‘Suppletnentis
2645 1702 2712 1755 ad
2738 1701 2815 1756 Μ.
2841 1701 2978 1755 Bibl.
3005 1700 3180 1755 Paris.
3204 1700 3460 1756 editionis
3481 1713 3690 1770 quarta
3711 1703 3841 1772 (Pa-

2243 1793 2362 1858 ris.,
2385 1792 2522 1862 apud
2545 1793 2666 1862 IEg.
2689 1793 2991 1857 Morelium,
3018 1791 3197 1863 i639),
3223 1801 3351 1846 tom.
3375 1791 3413 1856 l,
3442 1809 3492 1862 p.
3509 1792 3613 1847 617
3633 1804 3690 1847 et
3704 1793 3838 1861 628,

553 1895 723 1950 sancti
755 1865 972 1947 Eusebii
1004 1904 1164 1944 manu
1193 1886 1532 1953 descriptus;
1563 1901 1721 1953 quem
1755 1885 1806 1938 in
1839 1883 2030 1953 majori
2055 1897 2144 1937 ec—
2172 1865 2218 1925 Β
2249 1886 2375 1940 item
2403 1886 2453 1938 in
2484 1885 2667 1954 quinta
2693 1883 2831 1938 Bibl.
2866 1884 3024 1954 hujus
3052 1882 3308 1940 Parisinat
3335 1885 3578 1941 editione
3605 1886 3839 1959 (sumpt.

555 1985 722 2040 clesia
750 1981 1086 2038 Vercellensi
1117 1980 1218 2031 huc
1247 1991 1413 2045 usque
1436 1985 1707 2030 servatum
1729 2015 1742 2038 ,
1773 1973 2010 2028 Joannes
2038 1973 2144 2026 An-

557 2073 717 2127 dreas
745 2072 918 2126 lricus
951 2070 1013 2122 V.
1039 2069 1102 2121 C.
1132 2066 1347 2135 egregie
1374 2066 1698 2118 illustratum
1730 2064 1780 2115 in
1811 2063 1985 2117 lucem
2013 2063 2146 2116 emi-

558 2166 634 2221 sit
661 2163 947 2220 Mediolani
974 2176 1116 2215 anno
1148 2161 1282 2213 1748
1313 2159 1596 2226 ipsumque
1622 2157 1807 2211 Romae
1835 2170 1976 2211 anno
2006 2156 2148 2210 inse-

561 2265 760 2329 quente
784 2263 968 2308 noster
992 2249 1347 2305 Blanchinius
1369 2249 1519 2316 operi
1543 2262 1642 2301 suo
1664 2237 1960 2313 luculento,
1990 2246 2150 2300 Evan-

565 2347 836 2420 geliarium
858 2339 1188 2414 quadruplex
1219 2338 1480 2408 inscripto
1503 2379 1516 2404 ,
1545 2338 1792 2392 intexuit.

566 2483 633 2539 11.
666 2483 743 2538 De
764 2479 992 2552 ejusdem
1018 2477 1241 2548 scriptis,
1266 2484 1309 2529 et
1331 2475 1510 2528 horum
1531 2472 1836 2527 editionibus
1854 2515 1868 2539 ,
1892 2489 1955 2528 ea:
1977 2473 2150 2529 Sclice-

1227 2583 1499 2621 nemauno.

642 2706 869 2761 Exstant
921 2700 1139 2756 Eusebii
1172 2697 1416 2768 epistolae
1461 2705 1568 2751 tres
1607 2703 1638 2751 :'
1667 2697 1835 2766 prima
1861 2738 1876 2763 ,
1907 2697 1975 2750 ad
2015 2693 2150 2751 Con-

574 2799 817 2856 stantium
839 2795 1162 2862 Augustum;
1191 2788 1448 2857 secunda,
1477 2789 1544 2841 ad
1568 2789 1884 2859 presbyteros
1909 2797 1957 2843 et
1986 2789 2154 2858 plebes

581 2887 788 2950 Italica;
819 2886 974 2939 tertia
997 2926 1008 2947 ,
1041 2883 1108 2935 ad
1139 2881 1442 2951 Gregorium
1477 2884 1771 2948 episcOpum
1820 2881 2154 2950 Spanensem.

580 2977 849 3034 Prteterea
879 2974 1108 3028 Libellus
1130 2972 1252 3040 {acti
1277 3013 1289 3034 ,
1321 2970 1386 3023 ad
1425 2970 1792 3038 Patrophilum
1823 2967 2008 3025 Arian.
2041 2987 2164 3042 ep.,

2249 1973 2492 2042 ejusdem
2524 1972 2642 2044 ΑΕΒ.
2673 1973 2906 2041 Morelli,
2945 1972 3104 2045 1654)
3130 2015 3146 2041 ,
3179 1990 3336 2045 quam
3379 1974 3588 2046 lttlgius
3633 1977 3843 2032 descri-

2253 2065 2348 2118 bit.
2373 2064 2485 2119 Nisi
2527 2063 2668 2120 forte
2696 2067 2809 2120 haec
2838 2080 3060 2135 prorsus
3083 2065 3272 2120 eadem
3300 2064 3404 2132 sit,
3441 2067 3600 2122 titulo
3632 2077 3842 2121 tantum

2252 2156 2411 2211 modo
2442 2155 2629 2211 relicto
2657 2197 2672 2223 ,
2706 2156 2846 2226 quod
2894 2157 3346 2212 verisimiilimum
3378 2157 3494 2228 (g),
3527 2159 3574 2214 si
3619 2170 3842 2228 reputes

2255 2249 2397 2319 quod
2445 2249 2676 2319 litigium
2723 2265 2934 2321 quoque
2982 2252 3235 2322 pupugit,
3281 2252 3408 2306 novi
3457 2251 3842 2320 Supplementi

2255 2343 2633 2399 Combeﬁsiani
2679 2359 2771 2398 an.
2803 2345 2937 2400 1648
2962 2345 3092 2399 editi
3134 2343 3336 2398 nullam
3380 2343 3433 2397 in
3467 2357 3530 2398 ea
3575 2344 3843 2398 rationem

2251 2441 2376 2489 esSe
2407 2433 2663 2488 habitam.
2710 2433 2950 2489 Tandem
2995 2435 3244 2504 leguntur
3271 2433 3327 2487 in
3370 2432 3504 2486 Bibl.
3541 2432 3690 2489 Max.
3721 2431 3843 2486 PP.

2253 2523 2587 2598 Lugdunensi
2621 2524 2783 2595 (apud
2832 2524 3029 2580 fratres
3071 2523 3414 2592 Anissonios,
3447 2523 3656 2596 1677),
3706 2532 3840 2596 tom.

2254 2613 2329 2683 γ,
2358 2630 2410 2684 p.
2436 2615 2604 2681 “27,
2632 2615 2790 2671 “‘28.
2821 2614 3062 2684 Epistola
3091 2615 3248 2670 tertio
3275 2616 3394 2670 loco
3421 2627 3853 2671 commemorata

2252 2706 2338 2762 edi
2365 2715 2540 2777 empta
2564 2718 2646 2760 eet
2689 2706 2830 2761 inter
2870 2704 3188 2777 Fragmenta
3233 2705 3462 2774 Hilarii,
3494 2708 3566 2776 fr.
3591 2721 3682 2772 xi,
3717 2706 3748 2778 ᾗ
3779 2708 3814 2761 5
3835 2746 3851 2773 ,

2259 2799 2400 2853 unde
2427 2815 2545 2853 cum
2574 2797 3005 2868 praecedentibus
3029 2797 3096 2852 ad
3123 2798 3414 2853 Baronium
3437 2797 3530 2854 des
3572 2797 3730 2868 riptis
3755 2813 3859 2853 no-

2259 2892 2480 2945 vissime
2511 2890 2754 2946 exhibuit
2795 2888 3044 2945 Gallandi
3075 2891 3130 2945 in
3157 2900 3303 2944 tomo
3329 2889 3401 2956 ν,
3443 2904 3500 2944 u.
3539 2887 3571 2952 l'
3594 2888 3819 2959 (Venet.

2270 2979 2454 3049 1769),
2485 2995 2607 3034 cum
2637 2979 2836 3034 notuiis
2861 2986 2918 3033 et
2944 2976 3450 3032 variislectionibus
3480 2978 3688 3046 paucis,
3715 2991 3860 3046 pra-

582 3081 742 3139 quem
771 3063 1009 3134 epistola:
1035 3062 1099 3115 ad
1131 3059 1498 3135 Vercellenses
1529 3060 1845 3129 alligaverat
1865 3060 1956 3134 (e).
1991 3063 2160 3118 luter-
2192 3058 2238 3122 C
2269 3069 2432 3126 missa
2463 3072 2531 3127 de
2563 3071 2793 3126 Eusebio
2821 3069 3014 3124 notitia
3042 3072 3096 3122 in
3123 3067 3428 3140 Prolcgom.
3453 3083 3574 3140 cap.
3599 3070 3652 3124 7.

677 3178 728 3250 a)
761 3174 1140 3250 liiejronlpial.
1165 3172 1685 3250 adversuslmcifer.

776 3387 946 3444 llilar.
975 3386 1129 3452 Frag.
1164 3399 1248 3447 χι,
1281 3382 1391 3454 θίὸ.

685 3393 740 3458 d)
776 3393 946 3444 llilar.
975 3393 1129 3452 Frag.
1164 3399 1248 3447 χι,
1281 3393 1306 3454 5
1337 3393 1391 3438 5.

658 3393 729 3532 ie)
759 3459 1096 3532 Quapropter
1137 3471 1163 3532 ᾳ
1195 3453 1474 3532 Gallamlio
1504 3470 1610 3532 non
1639 3455 2167 3532 _seorsim_numera-

677 3178 728 3250 a)
766 3176 974 3232 Hieron.
1005 3174 1140 3228 Dial.
1165 3173 1423 3227 adversus
1455 3172 1685 3227 Lucifer.
1714 3172 1740 3243 §
1768 3173 1864 3236 l9,
1892 3190 2008 3244 pag.
2041 3175 2162 3231 191.

676 3251 726 3307 bl
758 3248 959 3301 Tillem.
984 3245 1140 3299 Mem.
1162 3244 1293 3298 eccl.
1324 3253 1364 3314 t.
1386 3242 1568 3314 Vll,p.
1603 3241 1918 3314 559,et7777
1940 3255 2052 3299 not.
2074 3248 2161 3302 11.

748 3318 938 3399 Bai-on.
953 3316 1018 3369 ad
1035 3331 1159 3368 ann.
1177 3314 1300 3379 555,
1317 3312 1344 3383 §
1360 3315 1412 3380 7,
1429 3325 1481 3368 et
1503 3312 1564 3368 ad
1583 3328 1704 3368 ann.
1721 3313 1847 3380 556,
1864 3314 2160 3388 ςθὶθιεετι.

662 3393 676 3458 (
724 3389 740 3458 )
776 3387 946 3444 lltlar.
975 3386 1129 3452 Frag.
1164 3399 1248 3458 xt_,
1281 3382 1306 3454 ἓ
1337 3384 1435 3458 5.__
1806 3455 1816 3458 _

2271 3183 2395 3252 facti
2424 3181 2690 3252 subjecto.
2721 3180 2965 3236 Oudinus
2997 3193 3096 3249 pro
3120 3178 3382 3252 singulari
3410 3193 3498 3252 ep.
3527 3190 3738 3236 censet.

2342 3253 2409 3322 (Γ)
2441 3249 2558 3307 Non
2590 3263 2697 3307 tres
2724 3252 3085 3322 posteriores,
3118 3250 3170 3305 id
3192 3261 3281 3322 est
3305 3282 3321 3316 ι
3349 3249 3577 3322 haedum
3603 3267 3727 3306 cum
3754 3257 3866 3322 pri-

2272 3320 2397 3390 ma,
2422 3324 2488 3377 ad
2510 3320 2818 3388 Constant.,
2840 3331 2899 3377 ut
2921 3321 3165 3377 Oudinus
3190 3321 3292 3376 loc.
3321 3320 3466 3376 laud.
3490 3320 3684 3390 inquit.
3711 3320 3864 3380 Idem

2268 3396 2430 3449 etiam
2463 3395 2515 3448 in
2547 3393 2780 3448 secunda
2811 3393 2899 3465 ed.
2928 3392 3063 3465 Bibl.
3091 3392 3375 3465 Bigneanze
3402 3407 3488 3446 an.
3527 3391 3666 3465 £589
3704 3410 3867 3465 repe-

2267 3465 2391 3519 titas
2427 3465 2640 3539 tradit,
2683 3463 2827 3536 quod
2873 3462 3065 3519 falsum
3109 3473 3231 3530 est,
3259 3463 3304 3518 sl
3353 3473 3502 3518 recte
3546 3462 3866 3539 Catalegum

579 3524 828 3605 tur",'_nec
859 3530 912 3582 in
939 3524 1418 3605 Βώιίοιιιροιερρ.
1448 3526 1858 3605 antiquioribus,
1888 3527 1942 3605 in
1972 3529 2168 3605 quibus
2272 3536 2462 3605 textuii
2487 3524 2720 3605 litigi'us',

585 3594 834 3658 omnibus
859 3613 959 3653 una
991 3606 1194 3650 tantum
1242 3595 1310 3649 ad
1350 3594 1666 3666 presbyteros
1708 3605 1755 3650 et

1798 3597 1966 3668 plebes
1985 3597 2168 3668 Italia!

583 3671 812 3740 cpistola
841 3668 1157 3723 nominatim
1187 3675 1380 3746 exstat,
1414 3667 1613 3735 ubique
1640 3667 1822 3722 tamen
1841 3669 1942 3723 hoc
1970 3667 2167 3722 Libello

2342 3603 2420 3678 (g)
2438 3605 2513 3661 Cf.
2533 3603 2790 3677 lttigium.

1813 3832 1816 3835 ·
1860 3826 1996 3866 ANNO
2026 3825 2208 3866 DOIINI
2228 3814 2610 3866 'cccun-cccn.

768 3788 958 4080 ,ις
1072 3814 3724 4084 ΡιΒΜιὲἷῗῗἪλΤΕιὶΝυδ.

1695 4167 2776 4205 m

1972 4255 2520 4332 MONITUM.

679 4359 867 4416 Locum
896 4362 1123 4415 Firmico
1157 4363 1391 4417 Materno
1423 4365 1552 4417 inter
1594 4364 1983 4418 Constantinum
2013 4377 2060 4419 et
2088 4367 2375 4423 Candidum
2406 4373 2680 4441 Arianum,
2715 4377 2790 4429 uti
2819 4373 3222 4447 Chronologicus
3263 4373 3390 4429 ordo
3438 4372 3761 4446 postulabat,
3791 4391 3873 4429 as-

603 4451 1002 4520 signavernmus,
1046 4449 1462 4516 dedissemusque
1480 4452 1575 4503 nisi
1599 4451 1841 4519 optimam
1871 4451 2121 4507 Munteris
2148 4455 2417 4511 editionem
2438 4463 2737 4530 expiscandi
2760 4465 2867 4534 fere
2886 4464 3245 4532 insuperabilis
3270 4466 3542 4520 obstitisset
3562 4465 3872 4535 difﬁcultas.

608 4536 736 4591 Cum
766 4555 902 4602 vero,
936 4549 1162 4608 tempore
1192 4537 1288 4590 hoc
1321 4555 1450 4605 opus
1483 4537 1643 4605 prtelo
1670 4538 1948 4590 mandandi
1978 4541 2214 4606 instante,
2247 4547 2443 4612 frustra
2467 4546 2772 4617 bibliopolas
2797 4553 3232 4621 bibliothecasque
3254 4570 3426 4608 omnes
3450 4554 3871 4624 sollicitarenius,

604 4639 650 4683 et
678 4631 886 4684 aliunde
935 4630 996 4684 de
1039 4629 1359 4700 prolierando
1394 4627 1709 4696 Patrologire
1740 4643 1893 4680 cursu
1923 4643 1954 4680 a
1984 4629 2159 4682 multis
2189 4647 2502 4701 urgeremur,
2533 4637 2936 4707 subscriptorum
2978 4642 3210 4694 aviditati
3237 4656 3430 4694 necnon
3459 4642 3872 4700 circumstantia-

608 4737 723 4774 rum
750 4721 1039 4775 necessitati
1067 4720 1334 4784 cessimus,
1366 4719 1537 4772 animo
1576 4717 1908 4782 destinantes,
1945 4715 2257 4784 Firmicum,
2285 4722 2457 4772 statim
2485 4733 2634 4792 atque
2663 4728 2800 4778 nacti
2831 4743 3052 4782 essemus
3075 4768 3090 4793 ,
3116 4744 3173 4782 eo
3201 4729 3311 4782 loco
3345 4729 3492 4784 edere
3519 4747 3618 4800 quo
3648 4734 3816 4789 asinus
3844 4754 3873 4788 τι

609 4826 699 4863 suo
727 4811 901 4863 ordine
927 4812 1200 4864 aberraret.
1240 4808 1431 4863 Eadem
1461 4808 1645 4879 agendi
1674 4810 1872 4860 ratione
1899 4807 2089 4860 utimur
2109 4817 2407 4875 utemurque
2427 4813 2622 4879 quoties
2644 4810 3007 4886 Chronologite
3030 4817 3202 4873 studio
3231 4819 3583 4889 scrupulosius
3610 4823 3874 4896 indulgere

609 4915 708 4952 non
738 4899 901 4953 licebit
927 4901 1026 4954 nisi
1058 4915 1225 4952 moras
1255 4897 1497 4952 nectendo
1528 4896 1668 4950 nobis
1698 4907 1744 4950 et
1775 4896 2200 4965 subscriptoribus
2229 4898 2423 4968 pariter
2463 4900 2712 4968 ingratas.

641 5008 3864 5043 _—————._——————————.————-——-—————-——u—.—_—_—__—_____

1801 5052 2709 5140 PROLEGOMENA.

689 5268 934 5322 Decimus
959 5268 1068 5337 jam
1123 5267 1321 5320 labitur
1343 5281 1514 5320 annus
1539 5307 1554 5332 ,
1585 5281 1647 5321 ex
1675 5284 1781 5337 quo
1811 5269 2046 5324 Joannes
2091 5267 2188 5321 Mi-

613 5361 764 5413 chael
793 5360 986 5424 Hertz,
1020 5359 1150 5412 redis
1185 5358 1512 5411 cathedralis
1543 5357 1912 5415 Rnskildensis
1941 5360 2198 5429 praaposi-

2221 5174 2273 5232 D
2298 5173 2378 5241 gia
2413 5175 2709 5231 honoribus
2751 5177 2853 5232 rite
2883 5177 3190 5235 obtinendis
3236 5177 3673 5235 dissertationem
3721 5180 3880 5236 edidit

2300 5264 2454 5318 bona:
2481 5268 2646 5338 frugis
2676 5270 2883 5339 plenam
2927 5270 2996 5326 de
3037 5269 3180 5326 Julio
3221 5270 3458 5326 Firmico
3502 5269 3747 5326 laterno
3775 5271 3878 5343 (a);

2297 5373 2414 5427 que
2461 5361 2674 5431 quidem
2741 5365 3124 5444 commentatio
3175 5366 3496 5435 prodromns
3557 5367 3709 5436 quasi
3773 5375 3880 5423 erat

612 5457 727 5513 ius,
762 5451 921 5518 paulo
969 5465 1096 5505 vero
1144 5463 1260 5518 post
1317 5451 1602 5518 cpiscopus
1645 5450 1897 5519 Ripensis
1925 5493 1938 5518 ,
1989 5451 2196 5520 collega
2300 5450 2550 5508 editionis
2578 5455 2734 5525 hujus
2764 5457 3081 5526 scriptoris,
3115 5458 3179 5512 ad
3227 5473 3384 5529 quam
3416 5458 3712 5529 parandam
3747 5459 3880 5515 baud

620 5537 1126 5603 desideratissinius,
1156 5557 1243 5596 me
1273 5557 1495 5596 suasore
1523 5557 1618 5610 pro
1644 5545 1866 5598 summis
1910 5546 1961 5598 in
1986 5543 2198 5599 theolo-

2301 5541 2460 5600 dubie
2491 5561 2611 5602 sese
2639 5548 2998 5617 accinxisset,
3029 5551 3074 5604 si
3115 5549 3227 5605 Deo
3267 5550 3567 5622 longiorem
3601 5549 3684 5605 illi
3724 5553 3880 5606 vitam

689 5651 760 5716 (τι)
798 5655 1034 5733 uentum}
1080 5653 1576 5733 Firtnicohi‘i‘latcrno
1620 5655 1844 5725 ejusque
1897 5658 2157 5727 imprimis
2211 5655 2279 5713 de
2329 5656 2526 5716 Errore
2574 5661 2914 5732 profanarum
2968 5663 3284 5733 religionum
3335 5664 3517 5720 libello
3569 5661 3883 5724 Dissertatio

617 5723 960 5788 inauguralis.
1001 5725 1250 5788 llavuizc,
1288 5723 1441 5780 1817.
