3936 6420
160 189 264 266 ais
1537 195 2065 257 PROLEGOMENA.
3315 210 3420 266 au

156 318 340 388 largiri
387 316 704 389 placuisset.
734 318 851 375 Jam
901 333 1028 375 vero
1067 333 1190 374 cum
1229 325 1509 375 senectute
1537 318 1628 373 vix
1666 317 1820 378 in-.A
1847 314 2077 369 alterum
2127 313 2446 384 polemicum
2489 303 2759 371 adversus
2807 319 3084 373 numinum
3125 319 3360 386 cultum,
3393 339 3423 375 a

163 411 351 466 choata
396 425 429 467 θ
473 412 609 467 vivis
660 423 879 483 ereptus
917 413 1020 479 sit,
1065 427 1304 469 mearum
1349 426 1470 469 esse
1508 413 1743 484 partium
1847 404 2154 461 Christiano
2200 406 2487 477 scriptum.
2516 406 2809 478 Utriusque
2835 418 3020 465 auctor
3059 411 3113 465 in
3146 412 3299 468 titnlo
3326 427 3421 469 vo-

166 502 320 570 duxi,
350 513 401 557 ut
425 545 439 570 ,
468 520 588 575 quin
617 505 695 560 illi
722 506 1012 562 suasissem
1032 549 1047 574 ,
1075 508 1189 576 ipse
1217 522 1579 576 exsequerer,
1613 519 1664 562 et
1691 506 1743 562 in

169 595 310 651 hunc
335 599 655 668 scriptorem
693 598 782 654 diu
817 601 1116 670 neglectum
1158 601 1334 676 denuo
1376 598 1745 656 illustrandum

169 687 480 744 subsecivas
524 688 729 760 aliquot
787 689 948 747 horas
994 692 1387 761 impenderem.
1432 691 1748 762 Opportuna

172 793 387 849 quoque
431 780 562 835 mihi
604 780 719 836 visa
765 792 890 836 sunt
934 791 1194 854 tempora.
1246 783 1359 838 lloc
1407 783 1551 839 enim
1607 798 1750 838 anno

173 867 418 924 Ecclesia
460 872 655 926 Danica
703 875 1020 928 memoriam
1047 874 1340 929 celebravit
1381 874 1751 930 conversionis

175 963 439 1030 majorum
469 970 773 1018 nostrorum
814 981 843 1018 a
883 966 1122 1021 tenebris
1153 966 1450 1036 Paganismi
1480 966 1544 1020 ad
1576 966 1750 1022 lucem

173 1051 534 1109 Christianam
584 1056 967 1124 praedicatione
1011 1057 1288 1112 Anscharii
1333 1073 1474 1111 anno
1521 1057 1624 1113 826
1674 1059 1754 1112 in-

175 1143 404 1200 choatae.
436 1145 609 1214 Quam
655 1147 724 1203 ob
753 1163 863 1202 rem
886 1189 900 1212 ,
929 1163 1053 1203 cum
1092 1135 1335 1203 sanctum
1368 1149 1524 1203 istum
1554 1165 1754 1218 prwsu-

175 1235 306 1302 lem,
333 1235 411 1291 uti
437 1253 651 1308 quoque
679 1238 912 1309 collegas
935 1248 990 1294 et
1018 1253 1359 1294 successores
1389 1239 1534 1309 ejus,
1572 1248 1628 1293 et
1662 1253 1755 1309 ge-

177 1330 404 1385 neratim
435 1345 622 1385 omnes
651 1345 769 1397 eos,
794 1332 885 1401 qui
916 1331 1116 1386 Christi
1140 1330 1438 1386 doctrinam
1461 1330 1756 1400 gentilibus

176 1421 598 1489 annuntiarent,
634 1439 770 1489 tina,
822 1422 868 1477 si
908 1423 1183 1494 sapienter
1225 1433 1478 1493 agerent,
1504 1423 1755 1479 incedere

177 1513 264 1567 via
291 1515 610 1583 oportuerit,
642 1524 699 1569 ut
724 1515 973 1570 nimirum
1006 1515 1173 1570 avitas
1215 1515 1406 1570 horum
1433 1516 1753 1590 populorum

179 1604 521 1662 destruerent
545 1607 992 1676 superstitiones,
1024 1615 1309 1678 antequam
1351 1608 1624 1664 cwlestem
1664 1624 1756 1665 eo-

1848 506 1999 552 catur
2031 496 2096 554 ν.
2124 495 2187 553 C.
2216 513 2350 568 quas
2397 499 2638 563 litteras,
2669 498 2713 554 si
2744 500 2810 555 de
2836 501 2942 556 viro
2980 503 3241 562 consulari
3265 506 3426 561 intel-

1851 590 2015 659 ligas,
2045 590 2248 646 nullum
2281 590 2502 646 habebis
2535 590 2734 646 Julium
2769 592 3056 648 Firnticnm
3086 595 3421 663 Maternum,

1847 678 2291 738 Constantiniana
2319 691 2478 738 mtate
2523 683 2589 737 ad
2634 685 2946 740 consulatus
2988 687 3258 758 fastigium
3299 705 3428 746 eve-

1851 781 2017 838 ctum,
2045 785 2302 843 quantum
2335 774 2552 846 quidem
2605 773 2748 830 Fasti
2799 775 3017 832 docent.
3053 778 3159 835 Sed
3213 781 3432 850 provin-

1851 865 1986 920 ciam
2018 867 2250 923 fortasse
2289 867 2696 926 administrasse
2726 868 2930 941 potuit,
2959 888 3127 944 caque
3157 874 3224 929 de
3265 890 3428 931 causa

1853 960 2138 1014 consularia
2159 1002 2172 1027 ,
2206 969 2260 1013 ut
2291 976 2407 1015 mos
2440 960 2586 1015 illius
2617 963 2717 1015 :evi
2756 963 2983 1031 ferebat,
3018 966 3311 1035 appellari;
3341 967 3430 1022 vel

1854 1053 2014 1107 ctiam
2047 1053 2148 1108 hoc
2178 1053 2330 1108 titulo
2361 1069 2508 1108 mere
2536 1053 2835 1109 honorifico
2866 1066 3086 1112 ornatus
3116 1058 3210 1112 fuit
3230 1101 3242 1122 ,
3275 1059 3429 1129 cujus

1853 1145 2066 1214 quidem
2093 1146 2171 1200 rei
2201 1146 2444 1215 exempla
2482 1145 2850 1201 Gothofredus
2880 1162 2944 1201 ex
2976 1148 3190 1203 illorum
3223 1159 3430 1221 tempo-

1853 1251 1970 1290 rum
2003 1235 2229 1290 bistoria
2273 1235 2513 1306 collegit.
2549 1236 2847 1308 Utrumque
2898 1252 3027 1292 vero
3067 1238 3259 1294 librum
3308 1255 3437 1295 exa-

1853 1335 2026 1380 ratum
2074 1326 2238 1382 fuisse
2267 1326 2710 1382 Constantiniana
2759 1338 2952 1394 tritate,
2987 1344 3055 1384 ex
3085 1330 3222 1386 locis
3267 1331 3318 1386 in
3368 1332 3434 1387 iis

1854 1416 2028 1472 obviis
2071 1417 2367 1474 luculenter
2413 1427 2576 1489 patet.
2612 1419 2772 1476 Liber
2816 1421 2959 1475 enim
3007 1422 3433 1480 Mathematich
3512 1443 3516 1447 ‘

1854 1509 1892 1576 l,
1923 1525 1972 1564 c.
2006 1509 2039 1564 2
2061 1552 2075 1577 ,
2105 1511 2327 1581 eclipsin
2362 1513 2492 1567 solis
2512 1553 2527 1578 ,
2557 1529 2675 1583 qua:
2714 1513 2926 1584 Optatio
2957 1526 3009 1570 et
3037 1517 3262 1573 Paulino
3291 1533 3436 1574 coss.

1854 1616 1998 1656 anno
2023 1601 2127 1657 ’554
2155 1604 2379 1674 contigit
2410 1603 2488 1676 (a)
2516 1620 2544 1659 a
2571 1605 2969 1662 mathematicis
3002 1608 3308 1677 praedictam
3348 1627 3435 1665 as.

178 1712 299 1753 rum
343 1699 538 1756 animis
565 1699 862 1755 doctrinam
910 1700 1282 1766 insinuarent;
1312 1701 1451 1756 haud
1492 1702 1755 1772 ingratam
1785 1687 1834 1748 B
1859 1695 2011 1760 serit,
2041 1705 2200 1766 atque
2229 1698 2367 1752 inter
2396 1699 2698 1753 recentiora
2739 1699 3088 1769 phamomena
3121 1702 3304 1758 refert.
3337 1704 3441 1759 lta-

179 1805 269 1846 me
293 1789 561 1846 facturum
603 1805 725 1846 esse
765 1806 877 1847 rem
908 1799 1058 1847 ratus
1099 1807 1214 1846 sum
1238 1833 1251 1857 ,
1284 1793 1359 1858 si,
1387 1791 1758 1848 deficientibus

180 1881 396 1951 scriptis
446 1882 590 1937 illius
633 1898 737 1954 qua
765 1883 1093 1940 Anscharius
1122 1883 1306 1939 ﬂoruit
1330 1885 1759 1955 aetatis,quibus

181 1969 569 2026 Germanorum
627 1984 679 2028 et
723 1975 1042 2043 populorum
1092 1977 1590 2044 septentrionalium
1637 1977 1764 2032 reli-

179 2064 368 2134 giones
391 2065 860 2136 impugnabantur,
885 2077 1219 2138 argumenta,
1242 2070 1439 2140 quibus
1473 2069 1759 2126 Christiani

183 2154 614 2227 Polytheismntn
637 2200 649 2223 ,
678 2160 767 2229 qui
800 2161 852 2214 in
882 2159 1124 2216 Romano
1169 2161 1396 2230 imperio
1445 2162 1642 2233 viguit,
1671 2177 1763 2232 ag-

181 2247 351 2317 gressi
382 2259 536 2314 snnt,
567 2251 616 2304 in
647 2253 961 2306 memoriam
991 2268 1302 2308 revocarem
1337 2270 1352 2305 :
1388 2254 1615 2322 ideoque
1631 2261 1763 2323 spel-

181 2340 329 2404 ravi,
355 2339 584 2396 lectores
633 2351 686 2397 et
734 2343 936 2399 hancce
964 2343 1218 2411 Firmici,
1249 2346 1338 2413 qui
1392 2345 1442 2398 in
1479 2345 1580 2399 hoc
1605 2360 1763 2415 argu-

184 2437 371 2485 mento
399 2432 554 2487 unice
582 2443 846 2501 versatur,
874 2449 1065 2490 novam
1093 2435 1383 2491 editionem
1408 2450 1561 2506 aequo
1584 2434 1764 2491 animo

186 2531 502 2591 accepturos
526 2539 666 2581 esse.

946 2619 1009 2674 ll.

267 2705 518 2762 Editores
543 2709 742 2764 veteris
764 2708 1054 2780 cujuslibet
1089 2711 1368 2780 scriptoris
1397 2712 1602 2767 initium
1630 2712 1765 2767 scri-

191 2799 355 2855 bendi
398 2800 573 2856 facere
601 2802 777 2856 solent
805 2801 872 2857 de
899 2803 1014 2872 ipso
1033 2844 1047 2868 ,
1074 2818 1232 2873 quem
1258 2803 1359 2860 sibi
1390 2802 1768 2858 illustrandum

192 2900 569 2962 sumpserunt,
599 2905 857 2949 auctore:
891 2895 1032 2965 quod
1085 2896 1301 2966 quidem
1349 2897 1427 2952 rei
1491 2896 1629 2951 ratio
1673 2911 1770 2967 po-

189 2984 374 3039 stulat.
403 2983 484 3042 Me
503 3001 632 3042 vero
658 3002 844 3042 eorum
871 2988 1107 3058 vestigiis
1126 2991 1211 3043 vix
1235 2997 1328 3044 aut
1355 3004 1423 3044 ne
1443 2991 1526 3045 vix
1551 2991 1764 3060 quidem

1859 1802 1963 1857 que
1993 1786 2144 1842 brevi
2167 1797 2284 1857 post
2310 1789 2546 1859 scriptus
2567 1800 2653 1844 aut
2676 1791 2868 1846 saltem
2900 1792 3061 1848 scribi
3091 1803 3299 1864 cceptus
3328 1807 3432 1852 est.

1859 1878 2004 1934 Idem
2054 1895 2262 1951 quoque
2321 1882 2477 1937 alteri
2530 1883 2672 1937 libro
2729 1884 2796 1938 de
2841 1883 3042 1941 Errore
3083 1887 3433 1946 Profanarum

1859 1967 2195 2040 Religionum
2231 1983 2439 2042 tempus
2470 1976 2747 2043 competit.
2782 1974 2862 2029 Ad
2894 1974 3265 2033 Constantium
3284 1996 3438 2035 nam-

1862 2077 1967 2132 que
1993 2071 2045 2118 et
2078 2061 2453 2131 Constantem,
2482 2065 2825 2122 Constantini
2868 2066 2935 2121 Μ.
2973 2069 3140 2135 filios,
3171 2070 3439 2142 Augustos

1861 2154 2048 2220 datus,
2089 2163 2348 2210 exaratos
2393 2167 2477 2211 est
2521 2165 2642 2227 post
2688 2156 2998 2214 Constantis
3043 2161 3438 2230 expeditionem

1864 2245 2259 2313 Britannicam,
2311 2263 2471 2316 quam
2533 2258 2953 2315 commemorat,
3009 2248 3237 2307 fortasse
3280 2255 3440 2310 etiam

1866 2335 2016 2390 initio
2048 2335 2175 2389 belli
2204 2335 2407 2389 Persici
2458 2352 2486 2389 a
2514 2335 2832 2393 Constantio
2859 2340 2995 2408 gesti
3026 2351 3081 2395 et
3110 2351 3234 2399 ante
3263 2345 3444 2402 clades

1863 2425 2118 2492 iteralas,
2147 2428 2344 2495 quibus
2390 2427 2478 2482 hic
2524 2430 2817 2498 imperator
2847 2431 2993 2487 brevi
3031 2445 3152 2502 post
3182 2450 3210 2487 a
3241 2437 3447 2506 Sapore

1865 2517 2015 2572 fusus
2044 2528 2158 2584 est;
2186 2527 2333 2574 certe
2362 2526 2487 2574 ante
2532 2534 2717 2575 necem
2746 2520 3054 2578 Constantis
3084 2525 3296 2581 insidiis
3339 2527 3448 2582 Ma-

1866 2609 2070 2678 gnentii
2111 2625 2254 2665 anno
2301 2611 2406 2667 350
2451 2613 2646 2678 occisi;
2679 2628 2809 2684 ergo
2854 2614 2996 2670 inter
3042 2632 3211 2672 annos
3254 2618 3360 2674 545
3389 2633 3446 2676 et

1867 2701 1991 2757 330.
2023 2700 2191 2758 Unde
2228 2712 2414 2772 patet,
2450 2712 2740 2773 utrumque
2783 2705 2975 2760 librum
3009 2706 3200 2764 iisdem
3232 2709 3452 2766 circiter

1867 2793 2023 2846 annis
2052 2793 2254 2847 editum
2298 2807 2449 2860 esse;
2484 2794 2712 2864 primum
2764 2811 2893 2850 vero
2939 2797 3212 2869 aliquanto
3258 2802 3447 2871 prius,

1868 2885 2219 2939 Constantino
2245 2884 2316 2941 M.
2345 2885 2646 2956 imperante
2666 2929 2681 2956 ,
2716 2903 2814 2958 pro
2841 2888 2996 2960 cujus
3042 2891 3218 2948 salute
3262 2902 3452 2951 auctor

1870 2991 2058 3033 versus
2087 2978 2287 3034 exitum
2320 2978 2440 3035 libri
2468 2981 2626 3050 primi
2660 2981 2747 3051 pia
2775 2993 2898 3038 vota
2932 2982 3076 3039 facit.
3113 2985 3300 3058 Neque
3344 2989 3447 3044 im-

193 3077 449 3134 insistere
500 3095 657 3150 posse
694 3092 895 3136 norunt
937 3098 1126 3139 omnes
1168 3085 1545 3154 antiquitatum
1594 3056 1838 3140 ccclc-C
1872 3071 2057 3141 Pedil'e
2097 3070 2308 3128 "idem?
2336 3073 2484 3128 ιοουε
2526 3074 2666 3129 διιεῖ·
2716 3076 2962 3144 PNK!”Ilii
3010 3077 3131 3132 “bri
3173 3094 3222 3145 ις
3250 3097 3316 3136 ει
3345 3097 3451 3151 QUO

192 3170 535 3227 siasticarum
564 3175 741 3244 periti.
767 3175 860 3230 Illa
889 3176 1030 3231 enim
1065 3177 1242 3248 iniqua
1269 3191 1386 3232 sors
1420 3177 1612 3248 obtigit
1655 3176 1773 3233 Fir-

195 3264 339 3320 mico
370 3280 492 3319 meo
513 3306 526 3331 ,
550 3275 614 3319 ut
650 3282 718 3322 ne
741 3283 882 3324 unus
910 3270 1126 3339 quidem
1156 3271 1389 3340 scriptor
1411 3269 1568 3338 hujus
1597 3261 1774 3325 nomi-

195 3355 280 3407 nis
349 3354 650 3410 meminerit
694 3367 820 3413 ante
883 3359 1175 3414 Honorium
1234 3344 1770 3430 Augustodunensem

196 3445 380 3500 saculi
427 3461 520 3500 xm
543 3448 858 3517 scriptorem
882 3489 896 3513 ,
926 3451 1015 3519 qui
1066 3451 1202 3504 libro
1231 3465 1266 3504 ιι
1315 3449 1382 3504 de
1428 3450 1771 3520 Philosophia

197 3535 384 3592 Mundi
434 3553 552 3609 cap.
593 3537 657 3606 5,
689 3539 910 3596 Firmici
953 3541 1369 3597 Astronomicon
1417 3541 1615 3596 laudat.
1659 3540 1774 3597 Hoc

195 3643 328 3684 vero
357 3644 466 3684 rem
493 3638 730 3686 nostram
763 3648 946 3703 parum
966 3633 1156 3703 juvat,
1187 3649 1308 3689 cum
1341 3633 1426 3687 hic
1456 3633 1592 3689 liber
1614 3633 1774 3704 plane

197 3721 448 3776 diversus
473 3722 542 3778 sit
567 3738 597 3777 a
627 3733 811 3779 nostro
840 3725 907 3782 de
937 3725 1136 3780 Errore
1178 3725 1519 3796 profanarum
1551 3724 1772 3795 religio-

199 3799 352 3877 num,
385 3826 504 3878 nec,
534 3826 652 3868 mea
680 3815 976 3883 sententia,
1008 3816 1217 3871 idoneis
1246 3816 1577 3885 argumentis
1600 3815 1774 3870 evinci

198 3901 400 3970 possit,
427 3910 716 3974 utrumque
754 3903 952 3978 librum
979 3907 1047 3963 ab
1085 3907 1273 3962 eodem
1324 3916 1542 3961 auctore
1591 3906 1773 3974 profe-

200 3999 348 4046 ειιιιη
379 4008 519 4048 esse.

272 4010 348 4045 im
379 4010 519 4050 esse.

272 4061 452 4132 Ipsum
480 4063 825 4121 Firnticorum
851 4082 1043 4122 nomen
1070 4069 1356 4123 obscuruzn
1386 4076 1488 4120 est.
1521 4065 1574 4120 ln
1607 4067 1773 4135 scrip-

199 4158 413 4214 toribus
441 4157 814 4224 desideratur,
847 4172 1020 4227 neque
1048 4158 1097 4210 in
1128 4155 1489 4210 monumentis
1528 4156 1777 4210 litteratis

200 4247 461 4302 occurrit.
492 4246 750 4301 Maternos
781 4245 1146 4301 tantummodo
1191 4246 1415 4315 legimus
1457 4246 1597 4310 apud
1638 4244 1778 4300 Gru-

201 4347 380 4393 terum
409 4353 524 4406 pag.
555 4336 696 4400 220,
727 4337 794 4401 9;
830 4336 998 4402 1009,
1027 4337 1091 4403 2;
1119 4336 1278 4405 1468,
1301 4337 1566 4404 8;1182,
1600 4340 1655 4392 11
1681 4353 1695 4404 ;
1723 4348 1777 4393 et

1873 3162 2220 3233 intelligitur,
2271 3172 2552 3219 auctorem
2599 3165 3019 3223 Mathematicén
3069 3168 3269 3235 libros,
3314 3186 3449 3246 quos

1873 3252 2138 3308 Mavortio
2184 3253 2426 3308 Lolliano
2472 3256 2525 3308 in
2574 3253 2876 3326 Campania:
2912 3259 3190 3328 provincia:
3227 3260 3450 3329 fascibus

1874 3344 2149 3396 constituto
2197 3343 2501 3410 dedicavit,
2538 3345 2712 3401 eidem
2760 3347 3007 3403 Lolliano
3054 3351 3362 3418 proconsuli
3397 3361 3456 3406 et
3506 3407 3516 3417 ,

1874 3433 2150 3488 ordinario
2199 3435 2408 3490 consuli
2458 3436 2738 3505 designato
2787 3437 3089 3493 dedicasse.
3137 3440 3285 3496 Fasti
3330 3444 3452 3511 qui-

1873 3523 1995 3579 dem
2045 3524 2111 3580 ad
2175 3541 2372 3580 annum
2424 3526 2529 3583 355
2573 3526 2873 3583 Lollianum
2917 3530 3201 3600 quemdam
3253 3532 3454 3590 habent

1873 3616 2188 3683 consulem;
2239 3618 2555 3672 Mavortinm
2601 3626 2779 3675 autem
2838 3620 3147 3690 prmfeClum
3196 3627 3454 3694 praetorio

1876 3708 2189 3763 Ammianus
2237 3710 2581 3766 Marcellinus
2647 3713 2715 3768 ob
2779 3715 3046 3770 sublimem
3103 3721 3450 3784 constantiam

1876 3797 2059 3853 laudat
2101 3799 2198 3870 (ὁ).
2235 3801 2383 3855 Haud
2433 3817 2562 3856 vero
2609 3812 2849 3871 constat,
2879 3805 2986 3861 duo
3030 3806 3194 3864 hosce
3236 3813 3454 3868 nonnisi

1878 3905 2040 3944 unum
2073 3889 2236 3945 fuisse
2267 3892 2566 3957 hominem,
2599 3894 2955 3964 eumdemque
2986 3897 3303 3954 Mavortium
3325 3902 3455 3958 Lol-

1877 3979 2100 4045 lianum,
2126 3981 2211 4034 cui
2248 3980 2512 4035 Firmicus
2545 3981 2738 4038 librum
2766 3999 2920 4039 suum
2952 3987 3255 4060 inscripsit;
3284 4008 3453 4063 quan-

1881 4085 2039 4139 quam
2067 4087 2130 4126 ex
2156 4073 2325 4126 altera
2361 4083 2510 4141 parte
2555 4075 2956 4132 concedendum
2990 4088 3102 4145 est,
3132 4081 3452 4142 Mavortiam

1877 4161 2174 4217 Lollianum
2207 4165 2481 4233 pluribus,
2515 4177 2797 4238 antequam
2844 4167 3047 4226 Consul
3093 4179 3453 4244 processerit,

1877 4255 2032 4309 annis
2078 4258 2354 4312 consulem
2409 4257 2680 4330 designari
2730 4262 3005 4330 potuisse;
3058 4264 3112 4320 id
3160 4267 3301 4338 quod
3352 4271 3455 4327 sub

1879 4347 2141 4414 proximis
2189 4345 2951 4409 Conatantinisdecessoribus
2997 4354 3138 4410 haud
3206 4359 3278 4414 ita
3328 4376 3453 4418 raro

201 4427 500 4480 Maternum
527 4441 647 4496 pag.
673 4425 831 4495 1225,
862 4427 925 4494 5;
952 4436 1007 4483 et
1034 4429 1125 4498 qui
1157 4427 1478 4494 Firmicum,
1507 4430 1620 4483 sive
1643 4445 1768 4484 unus

1884 4439 2094 4506 accidit,
2123 4441 2349 4511 ejusque
2379 4457 2708 4500 summorum
2743 4447 3008 4503 honorum
3036 4449 3296 4507 Mavortio
3325 4453 3453 4509 Lol-

197 4518 488 4589 utriusque
512 4518 636 4575 libri
666 4528 854 4576 auctor
883 4520 1062 4587 fuerit,
1087 4522 1200 4577 sive
1226 4522 1332 4576 duo
1353 4521 1628 4578 statuendi
1649 4523 1777 4590 sint,

198 4610 425 4669 Siculos
454 4610 620 4669 fuisse
650 4621 913 4683 statuunt,
943 4615 995 4669 in
1024 4616 1382 4672 marmoribus
1402 4616 1598 4672 Siculis
1625 4631 1656 4670 a
1679 4615 1784 4672 Ga-

193 4703 382 4760 briele
427 4703 745 4763 Lancelloto
789 4705 978 4763 Turris
1021 4707 1198 4763 M‘utiie
1250 4709 1491 4778 principe
1537 4707 1784 4763 collectis

195 4794 276 4852 nil
333 4795 642 4867 invenient,
677 4798 817 4853 unde
856 4809 1168 4869 argumenta
1221 4814 1321 4868 pro
1367 4814 1465 4853 sua
1515 4793 1783 4855 sententia

197 4895 417 4958 petant.
445 4886 579 4942 Nam
598 4884 820 4960 ‘Firmii,
849 4889 940 4959 qui
969 4892 1020 4944 in
1050 4890 1115 4946 iis
1137 4901 1632 4946 commemorantur
1659 4906 1781 4960 pag.

199 4955 338 5043 iis,
381 4977 472 5043 so,
506 4977 561 5034 et
585 4955 715 5045 ’lss,
743 4981 832 5046 55,
857 4955 977 5036 eum
1010 4981 1258 5040 Firmicis
1288 4984 1540 5039 confundi
1565 4955 1783 5038 ηιιιὶιηῖο

195 5071 434 5125 debent.
476 5070 655 5140 Itaque
681 5072 780 5142 ipsi
809 5074 1124 5130 consulendi
1156 5085 1283 5131 sunt
1313 5078 1433 5132 libri
1466 5078 1783 5147 superstites

196 5158 507 5215 Firmicum
549 5171 826 5218 auctorem
858 5164 1202 5233 profitentes,
1232 5169 1277 5222 si
1311 5167 1449 5222 forte
1488 5184 1550 5224 ex
1585 5169 1648 5223 iis
1694 5170 1794 5224 ali-

196 5251 339 5323 quid
367 5253 548 5322 colligi
601 5258 790 5323 possit.
829 5258 895 5313 Et
919 5257 1089 5325 duos,
1118 5262 1260 5330 quod
1302 5263 1411 5332 jam
1442 5263 1588 5329 dixi,
1631 5265 1794 5320 liabe-

197 5360 328 5400 mus
363 5343 489 5399 Julii
536 5345 756 5404 r‘irmici
784 5349 1010 5404 Materni
1044 5354 1263 5409 nomine
1309 5355 1626 5426 inscriptos;
1661 5358 1795 5414 alte-

198 5449 327 5490 rum
360 5434 743 5506 astrologicum
762 5480 776 5505 ,
807 5439 876 5496 ab
905 5439 1121 5498 homine
1149 5442 1516 5515 Polytheismo
1541 5447 1790 5515 addicto,

1885 4530 2030 4586 liano
2080 4533 2468 4603 promissorum
2528 4537 3022 4605 procrastinationis
3068 4554 3232 4595 causa
3285 4548 3454 4612 quaeri

1885 4622 2112 4679 fortasse
2143 4628 2334 4694 poterit
2366 4628 2416 4680 in
2467 4628 2766 4682 rebellione
2797 4630 3081 4699 Magnentii
3122 4642 3178 4690 et
3224 4622 3456 4695 tumultu

1885 4714 2027 4769 civili
2059 4716 2184 4771 inde
2213 4725 2330 4770 orto
2350 4756 2366 4783 ,
2397 4733 2498 4772 nec
2528 4728 2653 4773 ante
2699 4719 2970 4774 interitum
3011 4721 3172 4792 hujus
3199 4729 3409 4796 tyranni
3438 4770 3452 4794 ,

1886 4808 2041 4877 cujus
2086 4808 2308 4863 arbitrio
2359 4809 2469 4876 ipsa
2502 4810 2632 4865 u‘rbs
2671 4810 2840 4865 Roma
2871 4813 3100 4869 obnoxia
3149 4825 3456 4883 erat,.anno

1886 4901 1989 4955 553
2015 4915 2344 4968 compresso.
2377 4900 2558 4970 Itaque
2585 4901 2847 4958 stabimus
2877 4903 2929 4957 in
2960 4920 3020 4960 ea
3065 4909 3324 4961 sententia
3345 4951 3358 4974 ,
3388 4911 3454 4964 li-

1889 4991 2014 5044 bros
2039 4990 2449 5045 Mathematici)»
2477 4991 2652 5045 editos
2681 4998 2802 5049 esSe
2829 4995 2977 5049 brevi
3024 5005 3141 5072 post
3172 4998 3298 5052 illud
3321 4987 3474 5057 solis

1893 5081 2208 5150 deliquium,
2240 5082 2379 5151 quod
2415 5096 2557 5137 anno
2582 5083 2686 5138 536
2713 5086 2940 5150 accidit,
2975 5096 3029 5141 et
3053 5099 3176 5143 ante
3205 5089 3463 5146 Constan-

1895 5174 1985 5228 tini
2019 5174 2087 5228 Μ.
2112 5173 2350 5240 obitum;
2380 5174 2573 5229 librum
2607 5192 2736 5231 vero
2763 5178 2829 5232 de
2864 5177 3064 5233 Errore
3110 5179 3458 5238 Profanarum
3486 5224 3490 5228 η

1896 5266 2231 5335 Religionum
2259 5268 2621 5337 conscriptum
2645 5285 2764 5323 esse
2791 5270 2930 5324 inter
2949 5285 3116 5326 annos
3139 5271 3242 5327 545
3261 5282 3313 5328 et
3334 5276 3464 5343 550,

1898 5357 1977 5411 vel
2008 5357 2182 5426 potius
2212 5357 2334 5423 348,
2366 5373 2471 5430 quo
2515 5359 2744 5444 Romani
2790 5375 2821 5414 a
2845 5361 3049 5433 Sapore
3086 5363 3152 5419 ad
3183 5363 3461 5435 Singaram

1898 5449 1998 5506 fusi
2028 5459 2171 5504 sunt.

280 5575 363 5662 ςειξ
393 5575 538 5662 Ann.
570 5573 987 5662 Urbiscontlitm
1017 5580 1171 5636 1087.
1198 5582 1588 5641 Almeloveenii
1629 5584 1774 5643 Fasti
1799 5587 2141 5645 Consulares.
2173 5603 2289 5662 pag.
2325 5589 2445 5646 161.

280 5645 364 5719 (b)
392 5645 510 5702 Lib.
538 5661 647 5712 xvi,
675 5646 745 5720 8.!
