3928 6396
516 308 622 366 975

587 533 743 589 Prior
789 532 923 589 liber
971 542 1250 589 auctorem
1304 531 1466 588 habet
1489 531 1664 588 virum
1693 531 2092 602 superstitioni-

514 626 619 682 bus
665 625 1010 681 Etlmieorum
1056 626 1363 693 addictum,
1395 626 1533 680 alter
1578 624 1959 681 Christianum.
1991 626 2091 680 Vix

511 732 643 774 vero
671 716 895 773 inducor
925 729 980 773 ut
1006 717 1537 788 mihifpersuadcam,
1566 715 1854 772 Firmicum
1886 716 2093 772 mathe-

516 812 793 879 maticum,
824 819 984 867 aetate
1009 812 1120 883 jam
1150 820 1497 881 provectum,
1530 809 1671 880 quod
1700 811 1813 880 ipse
1840 810 1892 864 in
1919 818 2093 864 astro-

515 902 744 958 nomicis
772 903 1092 972 proﬁtetur,
1139 902 1458 958 sententiam
1505 910 1764 969 mutasse,
1812 902 2090 957 numinum

514 996 715 1063 cultui,
741 994 826 1051 cui
880 1011 975 1066 per
1004 1010 1219 1051 omnem
1249 995 1531 1065 pristinam
1558 993 1719 1048 vitam
1749 993 2052 1048 adhaeserat
2074 1032 2090 1060 ,

514 1086 870 1154 valedixisse,
903 1096 957 1142 et
1001 1087 1317 1142 Christiana
1365 1101 1519 1143 saera
1568 1085 1876 1156 amplexum
1902 1082 2089 1139 fuisse.

518 1178 672 1247 Quod
698 1178 742 1233 si
775 1176 1011 1245 fecisset,
1042 1180 1095 1233 in
1123 1178 1264 1234 libro
1290 1177 1358 1234 de
1399 1177 1601 1233 Errore
1637 1174 1981 1248 profanarum
2009 1189 2096 1230 re-

510 1271 770 1341 ligionum
814 1281 966 1327 certe
1006 1272 1379 1327 conversionis
1428 1285 1539 1326 suae
1587 1270 1652 1326 ad
1682 1268 1954 1326 Christum
1984 1283 2096 1324 me-

515 1363 785 1430 minisset,
812 1374 866 1420 et
890 1362 975 1419 vel
1000 1364 1203 1419 inscius
1232 1363 1431 1419 veteris
1456 1362 1856 1433 superstitionis
1896 1360 2092 1416 indicia

514 1454 761 1525 qumdam
822 1454 1154 1526 reliquisset.
1205 1453 1313 1509 Sed
1374 1454 1695 1523 religionum
1747 1452 2093 1507 Ethnicarum

516 1546 763 1615 quamvis
790 1546 929 1601 bene
945 1546 1255 1616 sitgnarus,
1272 1559 1365 1611 eas
1384 1555 1561 1600 tamen
1584 1560 1648 1599 ex
1668 1544 1895 1598 lectione
1918 1542 2097 1612 potius

513 1646 571 1696 et
591 1634 945 1693 relationibus
988 1637 1219 1693 aliorum
1252 1635 1529 1692 hominum
1554 1679 1569 1704 ,
1602 1651 1759 1705 quam
1790 1651 1855 1690 ex
1882 1636 2095 1705 propria

514 1729 881 1799 experientia,
933 1728 1101 1783 novit.
1153 1729 1335 1784 Sacra:
1386 1728 1675 1797 Seripturae
1714 1737 1797 1782 est
1844 1726 2091 1798 peritus,

1637 300 1872 362 JULlUS
1908 298 2228 360 FlRMlCUS
2262 299 2657 360 MATERNUS.

2117 425 2486 491 Aperpctuus
2514 417 2630 473 fere
2649 413 2895 474 codicum
2924 428 3091 472 sacrae
3130 414 3422 486 Scriptura:
3467 414 3719 472 Afrorum
3744 454 3759 482 ,

3658 297 3764 359 976

2190 510 2282 579 qui
2305 509 2444 580 apud
2475 524 2599 566 eum
2637 509 2987 572 observatur,
3023 522 3151 563 usus
3180 508 3251 563 ad
3275 508 3414 563 banc
3442 508 3759 579 opinionem

2194 599 2532 654 astruendam
2564 598 2838 655 sufficeret
2862 639 2877 667 ,
2916 612 3035 653 cum
3068 598 3119 653 hi
3148 613 3217 653 ex
3257 598 3437 654 Africa
3458 598 3527 654 ad
3558 598 3763 654 Italiam

2191 688 2502 759 Hispaniam
2551 690 2888 760 Galliamque
2938 690 3130 745 devehi
3176 691 3429 748 facillime
3458 693 3763 763 potuerint:

2193 795 2293 837 nec
2318 780 2586 838 Africanae
2612 782 2913 848 latinitatis,
2948 797 3013 836 ex
3063 782 3315 852 Apuleio,
3347 784 3685 841 Tertulliano
3715 793 3769 841 et

2191 872 2463 944 Cypriano
2488 874 2623 930 satis
2653 882 2825 941 noue,
2859 873 3129 931 luculenta
3161 876 3359 933 indicia
3400 876 3455 935 in
3485 879 3606 949 ejus
3627 877 3768 935 libro

2195 979 2397 1021 Inveni.

2266 1057 2589 1129 Episcopum
2615 1058 3069 1116 Mediolanensem
3098 1057 3318 1130 Synodo
3347 1058 3603 1117 Romana:
3623 1076 3654 1116 a
3674 1058 3771 1118 lu-

2194 1149 2267 1205 lio
2291 1150 2334 1215 l,
2363 1150 2607 1205 Romano
2628 1152 2881 1223 episcopo
2908 1166 3049 1206 anno
3069 1151 3195 1216 357,
3214 1153 3768 1218 coactazinterfuisse,

2192 1239 2365 1295 credit
2393 1240 2672 1296 Baronius.
2709 1242 2903 1298 Verum
2928 1242 3166 1313 synodus
3195 1243 3298 1297 ista
3320 1251 3405 1298 est
3440 1243 3773 1312 pseudo-lsi-

2195 1332 2315 1388 dori
2346 1331 2655 1404 figmentum
2704 1334 2807 1406 (ά).
2851 1334 3072 1400 Julium,
3104 1333 3230 1389 Julii
3273 1334 3513 1404 episc0pi
3541 1333 3773 1391 Romani

2195 1429 2438 1494 tempore
2454 1425 2763 1496 episc0pum
2792 1425 3270 1493 Mcdiolancnsem,
3286 1426 3532 1497 ignorant
3558 1442 3772 1483 omnes.

2195 1514 2465 1571 Maternus
2490 1532 2619 1571 vero
2643 1516 3065 1573 Mediolanensis
3093 1520 3193 1572 sub
3221 1518 3552 1574 Diocletiano
3578 1526 3635 1575 et
3660 1519 3773 1575 Ma-

2193 1605 2431 1661 ximiano
2455 1605 2707 1677 Augustis
2729 1607 2887 1676 hujus
2919 1608 3066 1664 urbis
3096 1608 3265 1664 sacris
3291 1609 3615 1665 Christianis
3642 1627 3775 1682 pra:-

2195 1698 2297 1754 fuit
2317 1714 2458 1755 anno
2486 1699 2590 1754 307
2620 1709 2711 1755 aut
2733 1701 2831 1755 3H
2856 1741 2872 1767 ,
2904 1710 2959 1756 et
2986 1716 3086 1771 pro
3116 1701 3376 1771 religione
3404 1701 3657 1757 occubuit
3680 1700 3770 1773 (ε).

510 1834 682 1889 eaque
718 1833 814 1889 pro
844 1834 994 1875 more
1019 1819 1229 1886 aetatis,
1257 1819 1345 1874 cui
1385 1819 1641 1873 diuturno
1684 1818 1841 1873 unice
1882 1833 1980 1874 usu
2006 1832 2090 1873 as-

2201 1793 2410 1849 Corruit
2438 1793 2600 1863 igitur
2644 1794 2784 1863 quod
2828 1793 3026 1847 habent
3048 1794 3232 1847 Binius
3254 1802 3309 1848 et
3332 1792 3619 1863 Cajetanus
3664 1793 3737 1868 (ι’)
3759 1836 3773 1861 ,

509 1927 766 1969 sucscere
810 1912 1022 1982 potuit,
1050 1911 1105 1967 in
1145 1910 1392 1967 docendo
1428 1920 1589 1980 atque
1629 1908 1951 1977 diSputando
1992 1909 2095 1963 uti-

512 2015 623 2069 tur,
652 2006 725 2061 ita
749 2014 807 2061 ut
827 2005 917 2059 vix
961 2004 1109 2060 credi
1136 2004 1330 2075 possit,
1354 2018 1476 2059 eum
1504 2002 1641 2057 adeo
1666 2012 1917 2056 reccnter
1938 2000 2095 2055 Chri-

514 2099 750 2153 stianum
778 2097 973 2151 factum
1002 2111 1146 2161 esse,
1173 2094 1268 2150 sed
1294 2093 1641 2150 statuendum
1669 2092 1867 2161 potius,
1895 2106 1922 2142 a
1946 2098 2096 2143 nata.

512 2190 657 2245 libus
696 2191 821 2245 inde
860 2190 946 2245 vel
975 2190 1163 2244 saltem
1193 2202 1224 2243 a
1264 2187 1490 2259 juvenili
1533 2193 1693 2241 aetate
1728 2182 2092 2241 Christianum

512 2280 699 2338 fuisse.

586 2373 699 2429 line
737 2371 947 2428 accedit
988 2369 1259 2427 sermonis
1296 2368 1472 2425 Latini
1500 2365 1555 2424 in
1580 2377 1807 2439 utroque
1836 2365 2094 2437 opusculo

512 2464 821 2529 diversitas,
840 2479 999 2535 quam
1021 2479 1149 2519 sane
1168 2479 1414 2535 magnam
1444 2478 1567 2518 esse
1597 2463 1735 2516 inter
1755 2476 1941 2516 omnes
1963 2474 2095 2515 con-

511 2565 640 2611 stat.
664 2554 723 2609 in
754 2553 1133 2609 Astronomico
1155 2554 1297 2609 enim
1322 2553 1460 2609 libro
1483 2552 1791 2621 permodica
1814 2552 2094 2620 utriusque

515 2650 737 2719 linguae,
782 2648 982 2703 Grmcm
1026 2656 1079 2703 et
1106 2646 1345 2713 Latinae,
1372 2643 1795 2713 deprehenditur
1837 2642 2091 2711 cognitio.

519 2741 706 2795 Verbis
762 2749 816 2795 et
866 2738 1152 2810 phrasibus
1195 2736 1426 2792 refertus
1466 2746 1548 2791 est
1587 2734 1864 2799 barbaris,
1914 2732 2094 2810 cujus;

514 2832 682 2898 modi,
709 2839 768 2886 ut
815 2808 1073 2885 nonnulla
1102 2828 1411 2892 all'eramus,
1436 2836 1561 2882 sntit
1588 2824 1866 2897 sequentia
1895 2841 1909 2877 :
1936 2808 2095 2879 hora.-

513 2940 748 2993 scopare,
778 2926 1003 2994 ferarum
1036 2920 1392 2985 mansuetarii,
1415 2919 1765 2983 cardinaliter,
1788 2916 2094 2989 quiescentia

508 3028 611 3083 pro
632 3014 833 3083 quieto,
862 3015 1099 3067 intimare
1123 3013 1277 3065 alicui
1306 3028 1401 3081 pro
1432 3010 1750 3081 signiﬁcare,
1775 3008 2096 3063 concordiale
2132 3002 2135 3003 ⁷

485 3119 612 3173 ,ιπο
644 3104 867 3171 sociale,
901 3105 1161 3174 partiliter
1186 3118 1282 3172 pro
1312 3118 1406 3171 per
1438 3110 1638 3171 partes,
1662 3100 1975 3155 caballarius
2000 3115 2094 3168 pro

2196 1898 2318 1940 eum
2342 1884 2483 1937 inter
2510 1892 2727 1937 sanctos
2757 1881 3011 1936 Ecclesiae
3037 1878 3327 1936 Catholicae
3350 1884 3666 1939 referentes.

2267 1974 2451 2042 Itaque
2478 1972 2580 2027 hoc
2611 1972 2979 2027 tantummodo
3009 1972 3325 2039 tenendum,
3353 1971 3552 2029 Julium
3578 1973 3775 2029 Firmi-

2195 2080 2317 2121 cum
2355 2066 2673 2133 Maternum,
2726 2075 2783 2119 ut
2813 2081 2877 2120 cx
2910 2065 3048 2121 libro
3084 2065 3202 2135 ejus
3243 2066 3312 2121 tle
3350 2066 3550 2122 Errore
3594 2066 3775 2137 profao

2196 2172 2385 2213 narum
2430 2158 2745 2227 religionum
2771 2166 2936 2228 patet,
2961 2157 3127 2213 fuisse
3154 2158 3325 2212 virum
3343 2158 3487 2229 pium
3515 2168 3570 2215 et
3595 2160 3777 2215 erudi-

2197 2257 2309 2305 tum
2330 2258 2489 2321 atque
2511 2250 2826 2321 religionum
2855 2250 3201 2305 Ethnicarum
3241 2250 3632 2307 adversarium.
3666 2252 3774 2307 Has

2194 2344 2391 2400 acriter
2421 2344 2721 2414 impugnat,
2749 2345 2913 2399 nimio
2940 2342 3211 2400 interdum
3256 2343 3493 2411 fervore,
3520 2359 3642 2401 cum
3670 2344 3775 2400 lm-

2196 2446 2473 2505 peratores
2504 2437 2571 2491 ad
2600 2437 2858 2507 reliquias
2880 2452 3065 2492 earum
3097 2436 3367 2493 violenter
3394 2437 3654 2495 delendas
3677 2453 3773 2495 ex-

2194 2527 2362 2592 citet;
2417 2542 2537 2597 qnte
2586 2543 2715 2583 vero
2754 2544 2874 2584 cum
2915 2529 3251 2598 temporibus
3278 2527 3332 2583 in
3375 2529 3572 2598 quibus
3595 2529 3726 2584 vixit
3752 2570 3769 2597 ,

2198 2628 2307 2673 tum
2331 2619 2590 2689 exemplis
2620 2634 2738 2690 qua:
2774 2635 2885 2689 pra:
2910 2620 3084 2675 oculis
3128 2619 3322 2675 habuit
3350 2619 3527 2676 danda
3550 2620 3730 2691 potius
3754 2660 3769 2687 ,

2196 2724 2354 2778 quam
2384 2708 2461 2765 illi
2482 2710 2657 2780 culpa:
2686 2710 2944 2767 vertenda
2967 2718 3112 2766 sunt.

2928 2824 3007 2881 Υ.

2266 2922 2323 2979 ln
2340 2925 2588 2981 examine
2609 2924 2679 2981 de
2707 2925 2876 2981 veteri
2905 2927 3147 2996 quolibet
3183 2936 3405 2984 auctore
3434 2928 3771 2986 instituendo

2195 3014 2506 3083 primariam
2538 3013 2770 3085 aliquam
2816 3026 3021 3084 partem
3064 3016 3163 3070 sibi
3194 3017 3433 3070 vindicat
3466 3016 3772 3086 disquisitio

2201 3104 2268 3159 de
2295 3104 2537 3159 fontibus
2563 3106 2704 3159 unde
2728 3106 2987 3171 hauserit,
3021 3106 3285 3174 imprimis
3324 3107 3372 3160 si
3402 3107 3645 3163 historici
3687 3119 3773 3165 est

508 3197 723 3267 equite,
753 3206 1019 3275 computus
1052 3210 1149 3264 pro
1189 3194 1590 3264 computatione
1617 3190 1690 3263 (α)
1718 3206 1837 3261 qua:
1874 3189 2091 3259 quidem
2120 3189 2166 3252 C
2195 3194 2517 3262 argumenti.
2550 3194 2657 3249 Nec
2688 3194 2740 3248 in
2784 3196 3047 3263 scriptore
3086 3195 3457 3251 ecclesiaSIico
3486 3198 3765 3269 negligen-

510 3286 919 3357 Longobardica
966 3297 1206 3356 tempora
1249 3286 1425 3355 potius
1452 3299 1611 3353 quam
1643 3282 2090 3337 Constantiniana

505 3379 758 3447 sapiunt,
787 3388 879 3432 aut
920 3377 1115 3432 saltem
1142 3376 1319 3442 illius,
1348 3391 1467 3447 qua:
1509 3377 1560 3431 in
1610 3375 1861 3432 versione
1900 3375 2089 3431 Irenmi

508 3469 727 3540 legitur,
756 3469 1034 3524 latinitatis
1056 3468 1274 3524 Gallicae
1300 3483 1399 3524 nos
1426 3469 1737 3523 admonent.
1764 3474 1769 3478 ’

583 3562 804 3618 Librum
850 3577 979 3618 vero
1004 3562 1072 3619 de
1122 3562 1325 3617 Errore
1372 3560 1718 3633 profanarum
1767 3560 2089 3631 religionum

510 3656 656 3727 quod
684 3656 897 3720 attinet,
930 3656 1166 3725 scriptus
1210 3664 1296 3711 est
1340 3668 1592 3709 sermone
1638 3653 1891 3723 puriore,
1946 3651 2091 3721 quali

511 3756 758 3800 auctores
786 3746 883 3799 aevi
912 3743 1340 3799 Constantiniani
1365 3753 1589 3796 utuntur
1613 3758 1629 3806 ;
1657 3743 1756 3795 ctsi
1781 3756 1885 3794 non
1911 3754 2092 3794 aurea:

515 3834 825 3899 latinitatis,
863 3832 1126 3903 ejusmodi
1160 3840 1335 3887 tamen
1362 3847 1480 3901 qua:
1508 3830 1638 3886 l‘crri
1664 3831 1855 3900 possit,
1884 3839 1938 3885 et
1961 3829 2093 3885 satis

515 3929 739 3985 diserto.
775 3926 882 3983 Sed
929 3935 983 3981 et
1028 3926 1114 3980 hic
1145 3924 1281 3980 liber
1328 3922 1593 3979 modicam
1644 3922 1848 3978 Graeca:
1895 3921 2093 3992 lingua:

511 4020 869 4092 cognitionem
899 4017 1109 4091 prodit;
1142 4032 1205 4073 ex
1237 4031 1342 4087 qua
1366 4025 1543 4071 tamen
1574 4014 1797 4069 minime
1836 4012 2093 4082 colligere

510 4091 659 4177 licet,
709 4091 996 4180 imumque
1044 4109 1239 4163 librum
1283 4110 1351 4165 ab
1384 4122 1489 4161 uno
1532 4106 1829 4174 eodemque
1870 4114 2092 4161 auctore

512 4202 813 4273 profectum
828 4216 969 4256 esse.
1002 4200 1149 4254 lianc
1168 4200 1326 4269 igitur
1346 4200 1723 4267 amplectimur
1742 4212 1835 4253 seu
1846 4197 2088 4264 tentiam,

514 4296 788 4351 diversum
836 4309 1059 4363 prorsus
1085 4309 1205 4349 esse
1238 4292 1527 4347 Firtnicum
1559 4291 1890 4362 astrolognm
1911 4306 1943 4345 a
1969 4290 2091 4345 Fir-

512 4389 656 4440 rnico
686 4384 969 4452 theologo;
1002 4397 1161 4449 quam
1183 4381 1400 4450 quidem
1423 4382 1533 4449 jam
1564 4381 1763 4435 dudum
1788 4381 1927 4435 inter
1957 4378 2092 4433 mul-

513 4488 601 4533 tos
622 4477 755 4531 alios
779 4517 793 4541 ,
824 4488 958 4545 quos
982 4471 1231 4527 llertzius
1257 4479 1507 4525 recenset
1530 4508 1545 4532 ,
1599 4471 1713 4524 tuiti
1742 4479 1867 4524 sunt
1889 4468 2094 4525 Ccelius

2194 3285 2316 3341 dam
2339 3301 2455 3341 eam
2481 3300 2623 3353 esse,
2650 3300 2746 3355 per
2771 3302 2831 3342 se
2859 3294 3025 3357 patet.
3055 3286 3170 3354 Qua
3208 3288 3277 3343 de
3306 3302 3489 3356 causa,
3513 3304 3637 3344 eum
3666 3306 3762 3344 an.

2192 3379 2499 3435 notationes
2528 3378 2580 3433 in
2623 3370 2915 3435 Firmicum
2950 3395 3128 3435 meum
3169 3380 3525 3451 colligerem,
3580 3383 3771 3439 sedulo

2190 3471 2549 3541 circumspexi
2601 3474 2895 3544 scriptores
2944 3473 3278 3543 antiquiores
3306 3487 3443 3544 quos
3472 3475 3766 3531 consulue-

2196 3563 2293 3632 rit,
2319 3566 2391 3619 ita
2424 3572 2628 3635 tamen,
2662 3573 2720 3620 ut
2741 3580 2991 3621 caverem
3014 3608 3029 3632 ,
3060 3580 3128 3620 ne
3156 3565 3364 3635 singula
3394 3566 3617 3636 qumvis,
3648 3583 3773 3639 qua

2190 3657 2495 3712 communia
2529 3656 2828 3711 habetcum
2848 3657 2967 3711 aliis
2993 3656 3270 3725 religionis
3294 3656 3613 3714 Christiana:
3634 3674 3771 3729 apo-

2192 3746 2384 3815 logetis
2409 3787 2425 3812 ,
2457 3760 2673 3813 semper
2709 3760 2775 3800 ex
2802 3760 2989 3801 eorum
3041 3746 3195 3800 libris
3240 3746 3428 3803 hausm
3459 3764 3582 3806 esse
3618 3750 3771 3806 arbi-

2194 3843 2391 3899 trarer,
2420 3834 2685 3903 eumipsa
2705 3835 3007 3905 argumenti
3038 3835 3177 3889 ratio
3210 3834 3350 3892 haud
3384 3838 3547 3895 dubie
3583 3849 3770 3910 postu-

2193 3930 2350 3998 laret,
2377 3938 2437 3985 ut
2461 3946 2673 3999 omnes,
2702 3931 2789 4002 qui
2810 3931 3237 4001 Polytheismum
3269 3933 3625 3991 destruerent
3651 3950 3775 3991 cas-

2190 4022 2312 4079 dem
2341 4022 2453 4079 l'ere
2479 4021 2685 4079 fabulas
2710 4032 2765 4077 et
2792 4032 3140 4077 recensercnt
3182 4031 3238 4078 et
3262 4025 3558 4079 relutarent
3582 4065 3597 4090 ,
3660 4040 3772 4081 eaa—

2192 4116 2423 4187 demque
2450 4116 2515 4171 iis
2541 4116 2621 4171 vel
2638 4130 2707 4171 ex
2733 4115 2958 4170 eruditis
2986 4114 3273 4185 colloquiis
3293 4122 3348 4169 et
3373 4129 3440 4169 ex
3465 4115 3764 4173 institutio-

2192 4224 2261 4264 ne
2285 4208 2812 4264 Catechumenorum
2835 4207 3137 4263 innotuisse
3166 4208 3469 4277 potuerint.
3500 4206 3609 4261 Sed
3640 4208 3768 4264 illos

2192 4299 2460 4370 imprimis
2478 4301 2624 4356 locos
2651 4300 2886 4369 respexi,
2920 4299 2974 4353 in
3001 4299 3195 4370 quibus
3215 4297 3483 4352 Firmicus
3510 4298 3733 4364 easdem
3754 4339 3770 4365 ,

2190 4404 2325 4459 quas
2365 4391 2549 4445 cmteri
2591 4392 2884 4458 scriptores
2908 4388 3231 4458 apologetiei
3278 4387 3522 4454 habent,
3553 4387 3769 4445 fabulas

2196 4480 2385 4535 eadem
2433 4496 2570 4549 pene
2599 4481 2739 4535 serie
2766 4488 2825 4536 et
2866 4482 2998 4550 ipsis
3027 4480 3139 4535 fere
3184 4480 3551 4550 antiquiorum
3590 4480 3775 4538 verbis

514 4569 877 4641 Rhodiginus,
912 4564 1201 4629 Baronius,
1238 4562 1601 4632 Glandorpius
1626 4570 1682 4616 et
1712 4561 1961 4630 Lipsius:
1994 4561 2087 4646 sed
2114 4564 2171 4623 Ι)
2194 4580 2460 4627 recenset,
2518 4571 2837 4639 Hujusmodi
2886 4579 3065 4626 autem
3115 4587 3447 4638 consensus,
3492 4582 3549 4627 ut
3576 4588 3643 4628 ex
3670 4590 3773 4630 an-

512 4662 679 4717 misso
727 4656 1040 4727 astrologo,
1080 4655 1148 4711 de
1199 4653 1453 4725 theologo
1494 4650 1861 4709 tantummodo
1911 4650 2092 4706 videa-

515 4768 639 4808 mus
670 4752 765 4823 (ὁ).

1268 4860 1355 4915 ιν.

594 4958 667 5010 At
696 4952 851 5025 valde
882 4951 1203 5019 dolendum,
1238 4952 1375 5007 adeo
1423 4952 1628 5008 incerta
1678 4958 1839 5021 atque
1865 4949 2091 5005 obseura

518 5064 640 5106 esse
668 5048 841 5102 omnia
864 5088 880 5112 ,
915 5054 971 5099 ut
1001 5045 1224 5099 candide
1257 5046 1623 5101 confitendum
1668 5047 1759 5113 sit,
1787 5059 1886 5100 nos
1914 5052 2097 5099 aucto-

518 5156 639 5196 rem
668 5139 789 5194 lihri
816 5138 882 5193 de
909 5136 1110 5191 Errore
1143 5135 1490 5190 Prolanarum
1523 5136 1841 5207 religionum
1870 5150 2095 5207 prorsus

514 5234 792 5300 ignorare.
840 5226 1055 5282 Natales
1083 5230 1130 5281 ei
1161 5226 1328 5279 fuisse
1353 5224 1571 5293 .Siculos
1594 5237 1831 5283 statuunt
1861 5228 1932 5301 (c)
1965 5270 1979 5295 ,
2012 5242 2107 5282 ne-

515 5322 632 5379 scio
658 5337 761 5392 qua
784 5319 853 5377 de
880 5333 1064 5376 causa.
1092 5317 1279 5373 Afrum
1302 5316 1472 5373 fuisse
1497 5319 1839 5387 crediderim,
1866 5321 1912 5375 si
1940 5318 2101 5375 modo

588 5458 663 5526 (η)
694 5456 920 5511 Fabricii
939 5454 1266 5527 Bibliotheca
1281 5454 1466 5508 Latina
1482 5454 1567 5527 ed.
1586 5454 1881 5527 Ernestnn,
1899 5471 1952 5527 p.
1973 5455 2097 5511 115.

618 5530 675 5596 b)‘
701 5529 775 5581 De
796 5527 907 5581 Jul.
940 5526 1106 5580 Firm.
1131 5526 1369 5580 Materno
1397 5542 1451 5594 p.
1487 5526 1667 5587 “.12.

594 5529 666 5666 ie)
704 5599 963 5666 Illongitor
993 5598 1232 5651 Siculum
1263 5596 1395 5651 dicit
1423 5597 1645 5652 incerta:

558 5658 561 5663 γ
596 5596 666 5666 (ε)
704 5599 963 5667 Illongitor
993 5598 1232 5651 Siculum
1263 5596 1395 5651 dicit
1423 5597 1645 5668 incertae
1668 5598 1899 5668 patriae,
1933 5598 2095 5654 nimi-

516 5683 637 5723 rum
683 5666 968 5742 testeum.
1014 5668 1200 5742 nenda
1232 5668 1488 5726 Biblioth.
1538 5666 1716 5725 Sicula
1766 5668 1935 5727 Vetus
1962 5670 2093 5742 (Ro-

520 5751 644 5805 mae,
677 5737 857 5807 non),
890 5752 1013 5811 pag.
1048 5738 1167 5795 167.

2199 4663 2573 4719 notationibus
2602 4663 2828 4733 patebit,
2852 4663 2993 4719 haud
3023 4679 3147 4719 raro
3182 4665 3633 4722 animadvertitur
3648 4684 3774 4727 cum

2198 4756 2497 4813 Clementis
2542 4756 2892 4813 Alexandrini
2929 4756 3288 4827 Protrcptieo,
3319 4757 3536 4814 Minucii
3576 4759 3775 4817 Felicis

2200 4852 2458 4917 Octavio,
2504 4859 2558 4906 et
2611 4852 2843 4906 maxime
2888 4865 3010 4906 cum
3059 4850 3286 4905 Arnobii
3318 4851 3473 4907 libris
3515 4852 3777 4911 adversus

2200 4945 2423 5001 Gentes.
2461 4944 2794 5000 Lactantium
2821 4958 2980 5014 porro
3013 4942 3153 4998 haud
3185 4958 3308 4999 raro
3330 4945 3671 5002 consuluisse
3697 4950 3778 5002 νία-

2200 5036 2357 5092 detur
2381 5077 2395 5101 ,
2426 5045 2481 5092 et
2508 5046 2657 5092 certe
2683 5036 2937 5107 Cypriani
2968 5035 3425 5092 Testimoniorum
3469 5035 3638 5093 libros
3663 5046 3777 5095 tres

2202 5139 2457 5200 perpetua
2506 5145 2636 5185 cura
2688 5128 2953 5184 tractavit.
3007 5127 3251 5199 Namque
3308 5128 3537 5199 plurima
3602 5127 3670 5185 ν.
3722 5138 3780 5186 et

2200 5221 2267 5279 Ν.
2321 5223 2651 5279 Testamenti
2680 5222 2846 5291 dicta,
2881 5238 3000 5293 qua:
3038 5223 3091 5278 in
3121 5222 3355 5280 medium
3387 5222 3623 5293 profert,
3653 5237 3777 5280 cum

2204 5324 2350 5372 textu
2371 5316 2695 5387 Cyprianico
2716 5317 3051 5387 conspirant,
3070 5331 3175 5371 non
3195 5317 3251 5372 in
3278 5317 3586 5388 vulgaribus
3612 5316 3783 5373 tritis-

2275 5452 2633 5541 (fl)”\\’alchii
2677 5454 2912 5512 Historie
2939 5455 3036 5511 der
3088 5455 3778 5529 Kirchenversamlungen,

2200 5526 2598 5667 ξ’(ἒῗόὺειιοηί
2666 5598 2813 5653 ltalia
2839 5589 2992 5655 saera
3040 5614 3113 5663 tv,
3149 5613 3203 5667 p.
3255 5600 3380 5656 307.
3414 5598 3679 5656 Bisoizius
3725 5599 3780 5657 in

2195 5664 2840 5739 Histot'ia'episeoporum
2869 5664 3378 5731 Mediolanensinm,
3407 5686 3461 5735 ιι.
3497 5670 3583 5727 15.

2269 5736 2339 5809 (f)
2378 5736 2507 5796 Idea
2536 5739 2594 5799 S.
2625 5736 2687 5798 S.
2718 5740 3049 5811 Siculorum,
3076 5755 3131 5813 p.
3174 5740 3243 5799 15
3268 5749 3325 5797 et
3354 5742 3475 5796 ηδ.
