3928 6386
140 375 240 468 977

143 614 333 670 habent
361 617 430 671 ab
455 616 521 671 iis
539 631 675 687 quas
699 617 820 671 libri
850 616 1199 685 manuscripti
1248 625 1302 670 et
1330 616 1614 670 ci-tationes
1658 615 1713 670 in

138 706 360 764 aliorum
394 708 610 762 Patrum
639 709 892 778 operibus
919 707 1281 778 suppeditant,
1305 707 1567 761 diversas.

203 798 389 868 Neque
412 813 544 854 vero
570 800 864 870 scriptores
892 798 1155 854 Profanos
1179 812 1401 868 prorsus
1449 796 1707 866 neglexit.

139 890 216 946 Ex
236 889 379 944 haud
408 889 480 943 ita
513 891 699 959 paucis
731 890 862 944 locis
891 897 1056 959 patet,
1091 888 1386 943 Firmicum
1426 886 1712 942 Ciceronis

137 983 302 1038 libros
332 982 400 1038 de
429 982 630 1037 Natura
654 982 888 1036 Deorum
911 981 1102 1037 sedulo
1133 987 1414 1035 tractasse.
1446 977 1711 1034 Nonnulla

140 1073 317 1128 hausit
364 1089 432 1128 ex
467 1072 757 1144 Porphyrii
805 1073 942 1128 libro
971 1073 1039 1127 de
1081 1074 1253 1126 Antro
1305 1070 1668 1142 Nympharum
1696 1109 1711 1135 ,

140 1164 360 1219 forsitan
390 1178 608 1236 quoque
655 1179 724 1220 ex
756 1163 862 1219 alio
891 1164 1008 1233 ejus
1057 1163 1238 1219 libello
1267 1161 1335 1217 de
1375 1159 1712 1216 Abstinentia

140 1257 204 1310 ab
222 1271 321 1312 esu
347 1257 612 1312 carnium.
645 1256 858 1326 Allegat
888 1265 1150 1326 praeterea
1177 1270 1295 1325 cap.
1325 1257 1391 1310 Μ
1415 1254 1572 1325 hujus
1597 1255 1716 1324 phi-

140 1351 347 1420 losophi
379 1350 570 1405 librum
611 1355 731 1426 περί
756 1359 845 1411 τῆς
872 1352 923 1404 ἐκ
943 1352 1122 1424 λογίων
1151 1350 1462 1422 φιλοσοφίας,
1490 1350 1581 1418 qui
1599 1350 1710 1418 jam

138 1441 338 1497 dudum
392 1441 589 1510 injuria
637 1452 934 1511 temporum
966 1442 1145 1511 periit.
1201 1440 1397 1494 Verum
1441 1439 1604 1494 etiam
1659 1440 1714 1494 in

141 1532 368 1588 Firmico
387 1533 639 1602 leguntur
668 1531 862 1587 fabul-.1:
894 1531 1035 1601 apud
1058 1531 1260 1586 nullum
1285 1531 1448 1584 alium
1477 1532 1711 1601 scripto-

139 1639 250 1679 rem
275 1622 567 1679 Profanum
594 1621 1033 1678 Christianumve
1054 1621 1423 1692 reperiundze,
1451 1636 1555 1691 qua
1578 1636 1714 1691 quo-

137 1730 240 1788 que
259 1716 329 1773 de
344 1730 507 1771 causa
524 1717 858 1772 recentiores
881 1731 1063 1773 rerum
1086 1713 1560 1787 mythologicarum
1580 1704 1716 1770 seri?

139 1818 320 1881 ptores
347 1809 488 1865 haud
513 1811 584 1865 ita
616 1826 740 1867 raro
766 1810 832 1865 ad
854 1809 970 1880 ejus
1004 1809 1366 1865 testimonium
1393 1815 1703 1878 provocant.

685 470 692 474 _
1485 403 2018 465 PROLEGOMENA.

141 537 241 593 que
264 522 798 590 tantummodolocis,
822 522 915 580 sed
939 523 994 579 in
1018 523 1080 578 iis
1094 521 1710 594 quoque,ubilectiones
1735 526 1790 586 Α

3277 410 3385 467 978

1883 613 2197 679 Firmlcum,
2225 614 2295 670 ad
2324 614 2567 687 seculum
2590 631 2679 671 xvt
2711 616 2949 673 medium
2977 632 3148 688 usque
3169 618 3391 689 penitus

1812 708 2078 777 ignotum,
2111 709 2249 780 typis
2279 711 2486 780 primus
2519 713 2756 781 vulgavit
2783 711 3039 767 Matthias
3071 712 3283 768 Flacius
3314 714 3386 768 ll-

1813 801 2014 872 lyricus
2062 801 2407 872 Argentorati
2458 805 2596 860 1562
2641 821 2711 860 ex
2739 805 2930 861 codice
2958 806 3150 863 Minda:
3197 807 3389 863 West-

1815 892 2010 962 phaliae
2040 905 2279 962 reperto.
2317 893 2412 948 llic
2444 894 2636 950 unicus
2663 906 2744 950 est
2773 895 2946 950 codex
2977 896 3066 964 qui
3107 907 3390 952 auctorem

1816 995 2062 1039 nostrum
2112 986 2344 1054 posteris
2387 972 2648 1042 servavit.
2681 988 2881 1043 Eadem
2941 989 3154 1044 fortuna
3199 989 3392 1059 obtigit

1815 1076 2040 1131 Phazdro
2063 1120 2076 1143 ,
2098 1078 2308 1132 Velleio
2335 1078 2623 1136 Paterculo
2643 1121 2657 1145 ,
2682 1081 2916 1149 quinque
2937 1081 3207 1150 prioribus
3224 1095 3390 1134 anna-

1816 1171 1945 1224 lium
1986 1171 2159 1226 Taciti
2189 1172 2365 1240 libris,
2399 1172 2689 1244 Hesychio,
2722 1175 2908 1244 primae
2958 1173 3252 1230 Clementis
3281 1174 3390 1229 Ro-

1814 1265 1958 1318 mani
1989 1264 2054 1319 ad
2081 1264 2394 1320 Corinthios
2422 1267 2700 1336 Epistolas,
2727 1267 2964 1322 Minucio
2989 1268 3153 1323 Felici
3199 1276 3254 1323 et
3283 1269 3384 1323 Ar-

1816 1357 1998 1411 nobio.
2034 1357 2136 1412 Ubi
2183 1373 2314 1413 vero
2346 1358 2565 1414 Firmici
2591 1361 2762 1415 nostri
2791 1361 2966 1416 codex
3012 1361 3281 1431 hodieque
3307 1362 3392 1416 la-

1815 1457 1924 1504 teat
1947 1449 2141 1517 (latere
2171 1452 2312 1505 enim
2357 1451 2511 1517 dico,
2544 1466 2706 1520 quum
2749 1466 3013 1522 nusquam
3055 1467 3391 1508 commemo-

1814 1538 1985 1610 retur)
2009 1540 2222 1595 nescius
2247 1555 2388 1594 sum.
2421 1541 2685 1597 Editionis
2709 1541 2977 1597 Flaviana:
2996 1545 3247 1598 meminit
3275 1543 3395 1599 Rit-

1816 1640 1964 1687 terus
1994 1633 2048 1687 in
2071 1633 2392 1704 Biographia
2421 1633 2620 1706 Illyrici
2656 1634 3044 1705 (Francofurti,
3079 1635 3239 1708 I725)
3266 1651 3388 1706 pag.

1814 1726 1940 1789 555,
1963 1725 2101 1780 haud
2127 1734 2305 1781 tamen
2335 1727 2572 1782 indicato
2601 1728 2719 1783 loco
2746 1742 2954 1783 annove
2981 1727 3353 1794 impressionis
3378 1745 3392 1781 :

1812 1818 1958 1872 unde
2003 1818 2221 1887 colligo,
2250 1818 2522 1874 Ritterum
2551 1834 2669 1874 cam
2699 1819 2871 1874 oculis
2902 1818 3043 1872 haud
3077 1833 3389 1888 usurpasse.

143 1902 294 1957 Unde
320 1916 450 1958 vero
491 1902 605 1958 haec
624 1902 747 1957 aliis
774 1903 956 1972 ignota
985 1901 1207 1955 hausit?
1231 1900 1406 1956 dicam
1432 1899 1555 1970 quid
1587 1914 1713 1953 sen—
1742 1911 1788 1971 Β
1815 1908 1886 1962 At
1913 1922 2032 1962 rara
2082 1916 2167 1963 est
2216 1908 2530 1964 admodum.
2572 1909 2923 1964 Desideratur
2954 1910 3008 1965 in
3036 1909 3389 1965 Bibliothecis

140 1995 261 2049 tiam
289 1997 302 2049 l
340 1996 414 2050 Ex
447 1995 738 2051 Euhemeri
761 1995 893 2073 ἰερᾷ
919 1994 1224 2071 Ἀναγραφῇ.
1245 1993 1382 2048 Cum
1413 1993 1556 2047 enim
1582 1991 1713 2045 Eth-

139 2086 286 2139 nicas
317 2085 548 2152 fabulas,
582 2098 764 2157 spreta
793 2088 983 2156 quavis
1013 2086 1229 2157 physica
1279 2084 1578 2154 mysticave
1631 2083 1712 2136 iu-

139 2179 548 2246 terpretatione,
569 2180 834 2235 historice
863 2178 1234 2234 tantummodo
1260 2177 1591 2232 intellexerit
1615 2190 1711 2230 ex-

135 2268 522 2339 plicaveritque
545 2312 561 2335 ,
593 2272 838 2326 arridere
865 2272 912 2325 ei
945 2285 1106 2341 quam
1134 2270 1365 2324 maxime
1393 2267 1578 2322 debuit
1609 2266 1714 2321 Eu-

137 2359 346 2415 hemeri
406 2361 496 2416 illa
545 2363 708 2418 totius
761 2363 1110 2434 mythologia:
1156 2361 1359 2417 Graecae
1398 2359 1708 2429 expositio,

135 2468 293 2524 quam
324 2455 376 2508 in
405 2455 490 2521 iis,
521 2471 640 2525 quae
666 2457 734 2510 de
760 2455 892 2511 Jove
921 2456 1101 2520 habet,
1134 2470 1256 2509 eum
1281 2465 1523 2508 secutum
1548 2466 1669 2506 esse
1691 2490 1708 2518 ,

136 2541 444 2601 fueulenter
497 2556 662 2615 patet.
709 2547 865 2602 Unde
911 2560 1038 2602 vero
1068 2547 1445 2611 Euhemerus,
1491 2544 1712 2599 Graecus

135 2637 393 2705 scriptor,
419 2637 496 2690 illi
525 2637 816 2692 innotuerit
842 2679 858 2703 ,
914 2638 1087 2705 palam
1115 2644 1200 2692 est
1225 2647 1352 2691 ante
1380 2636 1564 2691 oculos
1591 2650 1708 2688 om-

135 2731 306 2785 nium.
355 2729 563 2785 Ennius
602 2746 831 2802 namque
862 2730 1223 2786 Euhemerum
1252 2730 1519 2783 latinitate
1541 2728 1713 2781 dona-

134 2830 323 2887 verat;
365 2822 520 2892 cujus
568 2824 836 2878 versionis
867 2822 1144 2893 complura
1181 2822 1476 2891 fragmenta
1534 2835 1564 2873 a
1611 2819 1710 2873 La-

134 2914 341 2969 ctantio
373 2913 547 2970 lnstit.
578 2915 785 2970 Divina:
837 2914 974 2969 libro
996 2930 1031 2978 ι,
1057 2928 1105 2968 c.
1134 2913 1222 2980 ll,
1251 2912 1448 2978 13,14,
1481 2911 1566 2974 17,
1596 2910 1667 2963 22
1690 2951 1706 2976 ,

133 3016 190 3064 et
219 3008 288 3062 de
310 3008 392 3063 lra
417 3008 511 3063 Dei
537 3007 823 3064 laudantur
852 3009 936 3064 vel
968 3007 1420 3062 exseribuntur.A
1448 3004 1711 3060 Cicerone

135 3099 202 3154 de
255 3099 460 3155 Natura
504 3100 739 3156 Deorum
763 3117 802 3166 ι,
858 3115 908 3155 c.
938 3099 1044 3166 42,
1077 3115 1105 3153 a
1132 3099 1431 3169 {Clemente
1480 3099 1705 3152 Alexan-

134 3189 292 3245 drino
321 3191 593 3262 Protrept.
624 3207 673 3247 c.
701 3192 738 3246 2
780 3208 833 3262 p.
884 3191 954 3248 9.0
982 3191 1069 3247 ed.
1123 3191 1324 3246 Potteri
1348 3232 1363 3257 ,
1423 3205 1452 3244 a
1483 3189 1712 3244 Minucio

1814 1998 2036 2064 nostris,
2060 2012 2182 2053 cum
2213 1997 2384 2070 Regia
2406 2007 2518 2054 tum
2551 1998 2933 2054 Universitatis
2953 2040 2967 2065 ,
2999 2013 3176 2069 neque
3207 1999 3308 2054 fuit
3337 2000 3394 2054 in

1814 2089 2120 2144 Bunaviana
2146 2091 2256 2160 jam
2283 2104 2402 2144 cum
2448 2090 2612 2160 Regia
2640 2090 2930 2144 Dresdensi
2957 2091 3266 2160 conjuncta.
3305 2092 3392 2145 ln-

1813 2181 1935 2235 veni
1979 2195 2110 2236 vero
2159 2181 2211 2234 in
2253 2181 2603 2236 selectissima
2652 2197 2831 2236 rever.
2870 2181 3105 2236 llanscn.
3156 2182 3393 2250 pastoris

1812 2274 2278 2343 Stangerupiensis
2307 2273 2602 2329 dioeceseos
2630 2274 2922 2342 Selandirc,
2970 2275 3061 2345 qui
3103 2275 3271 2331 hocce
3291 2298 3393 2333 κει-

1813 2366 1981 2436 μήλιον
2011 2365 2310 2420 liberaliter
2337 2367 2482 2420 dono
2536 2365 2670 2420 mihi
2701 2366 2868 2421 dedit.
2899 2366 2972 2422 Ita
3017 2382 3148 2421 vero
3173 2368 3390 2423 Flacius

1813 2455 1867 2509 in
1896 2456 2167 2511 Prommio
2217 2457 2282 2510 ad
2311 2456 2582 2511 Andream
2615 2458 3024 2513 Meiendorfium
3056 2460 3124 2515 de
3158 2460 3351 2514 codice
3376 2499 3392 2524 ,

1813 2561 1879 2601 cx
1904 2561 2011 2615 quo
2037 2560 2188 2600 suam
2221 2546 2514 2601 editionem
2550 2547 2748 2613 hausit,
2777 2550 2939 2604 verba
2965 2549 3114 2604 facit.

1891 2655 1910 2687 ι
1941 2635 2023 2690 Ad
2066 2639 2202 2690 hanc
2231 2652 2361 2691 vero
2404 2638 2542 2706 piam
2579 2638 2959 2706 gratitudinem
3002 2640 3285 2709 zelumque
3329 2639 3385 2694 in

1813 2729 2006 2783 animis
2041 2730 2240 2785 nostris
2269 2730 2629 2796 excitandum,
2661 2745 2780 2784 cum
2814 2733 2989 2800 aliqua
3021 2733 3105 2801 pia
3133 2743 3183 2787 et
3215 2735 3392 2803 aliqua

1813 2821 1973 2873 etiam
2004 2820 2165 2889 impia
2193 2821 2390 2889 scripta
2420 2819 2740 2889 profuerint,
2767 2831 2877 2877 tum
2907 2831 2960 2877 et
2990 2822 3092 2876 hoc
3116 2822 3241 2877 Julii
3269 2822 3388 2878 Fir-

1814 2910 1939 2965 mici
1963 2919 2148 2965 contra
2174 2925 2389 2966 errores
2413 2911 2764 2980 profanarum
2802 2913 3142 2983 religionum,
3172 2913 3314 2982 quod
3359 2929 3390 2968 a

1814 3017 1900 3057 me
1951 3003 2002 3056 in
2033 3003 2201 3056 veteri
2253 3011 2307 3056 et
2350 3019 2457 3057 non
2503 3004 2723 3073 ignobili
2775 3006 2993 3059 civitate
3032 3005 3388 3074 Westphalirc

1813 3094 1988 3149 Minda
2024 3104 2293 3164 repertum
2316 3110 2457 3149 nunc
2483 3095 2711 3164 primum
2733 3097 2784 3149 in
2811 3096 3074 3165 publicam
3097 3096 3383 3151 utilitatem

1813 3186 2110 3255 cvulgatur.
2151 3185 2246 3239 Est
2279 3200 2410 3240 sane
2440 3184 2785 3254 dignissimus
2827 3186 3039 3241 libellus
3067 3188 3155 3257 qui
3186 3194 3390 3251 exstet,

134 3279 318 3337 Felice
348 3281 559 3336 Octavii
582 3298 632 3338 c.
664 3283 757 3351 2f,
807 3283 874 3337 ab
903 3283 1141 3337 Arnobio
1169 3281 1291 3335 adv.
1341 3281 1541 3336 Gentes
1567 3296 1620 3334 1v
1661 3295 1710 3335 c.
1742 3291 1788 3354 ρ
1817 3291 1936 3333 eum
1971 3286 2188 3346 propter
2218 3277 2481 3333 sermonis
2511 3278 2856 3348 elegantiam,
2891 3287 2998 3332 tum
3038 3287 3254 3348 propter
3291 3291 3391 3332 ve-

133 3368 219 3435 29,
261 3370 516 3426 similiter
543 3372 830 3441 allegatur.
861 3373 1043 3442 Itaque
1073 3372 1147 3426 nil
1179 3373 1396 3439 mirum,
1420 3371 1562 3426 hunc
1582 3387 1709 3426 auc.

136 3467 333 3525 torem,
365 3460 681 3528 religionum
709 3460 1056 3516 Ethnicarum
1101 3461 1494 3514 destructorem
1520 3501 1534 3525 ,
1590 3459 1710 3513 Fir-

133 3552 278 3608 mico
311 3553 646 3619 innotuisse,
679 3554 966 3622 placuisse,
998 3565 1157 3624 atque
1182 3553 1250 3608 ab
1303 3568 1369 3607 eo
1405 3553 1711 3608 consultum

131 3641 323 3697 fuisse.
344 3641 526 3696 Mirari
543 3643 721 3712 potius
739 3643 900 3708 subit,
926 3643 1235 3712 apologetas
1263 3641 1341 3696 rei
1365 3642 1710 3709 Christianae,

133 3731 187 3786 in
219 3730 420 3786 eodem
442 3747 562 3786 cum
593 3730 900 3788 Euhemero
930 3743 1247 3802 argumento
1271 3732 1552 3786 tractando
1579 3731 1714 3787 adeo

133 3820 358 3875 sedulos
387 3861 402 3886 ,
441 3823 560 3890 ejus
604 3830 781 3877 tamen
811 3838 1004 3878 nomen
1047 3833 1102 3878 ct
1130 3824 1321 3876 librum
1350 3822 1497 3892 justo
1541 3824 1714 3879 rarius

131 3909 389 3966 laudasse
413 3919 572 3980 atque
598 3912 747 3967 locos
777 3927 840 3967 ex
867 3913 1056 3967 eodem
1101 3913 1364 3966 attulisse.
1393 3911 1570 3966 Pauca
1602 3922 1717 3966 tau-

135 4001 419 4056 tummodo
447 4001 714 4057 hactenus
741 4018 805 4057 ex
826 4003 1132 4057 auctoribus
1157 4003 1426 4056 veteribus
1447 4003 1582 4070 ejus,
1610 4001 1718 4055 En-

131 4096 313 4151 nianae
342 4094 608 4165 imprimis
627 4097 915 4157 versionis.
953 4105 1200 4164 excerpta
1229 4107 1350 4148 sunt
1381 4095 1671 4162 fragmenta
1699 4110 1715 4157 ;

131 4188 322 4244 nullus
355 4199 533 4244 tamen
571 4189 782 4256 dubito,
813 4190 967 4259 quin,
999 4195 1056 4241 ut
1082 4203 1144 4241 ex
1191 4185 1423 4239 Firmico
1463 4185 1534 4238 ita
1579 4199 1714 4253 quo-

130 4298 241 4353 que
263 4299 331 4338 ex
353 4283 471 4336 aliis
493 4282 848 4350 scriptoribus
861 4281 1137 4348 complura
1160 4277 1464 4346 hujusmodi
1479 4277 1715 4347 λείψανα,

132 4375 330 4446 quibus
359 4374 606 4429 collectio
636 4373 947 4428 Hesseliana
998 4371 1051 4425 in
1079 4369 1316 4425 editione
1348 4369 1500 4422 Ennii
1534 4367 1607 4439 (a)
1641 4370 1720 4422 lo-

133 4465 404 4536 Cupletari
449 4475 631 4534 queat,
662 4463 852 4531 majori
881 4461 1126 4517 adhibita
1152 4461 1451 4530 diligentia,
1483 4475 1720 4529 sanaque

134 4557 190 4609 in
215 4554 559 4609 secernendo
586 4553 1044 4624 dijudicandoque
1067 4553 1216 4619 crisi,
1243 4553 1357 4607 erui
1387 4553 1593 4622 possint
1618 4552 1716 4622 (b).

1817 3371 2027 3425 tustatis
2054 3369 2295 3423 Ethnietc
2323 3378 2378 3424 et
2407 3369 2563 3424 simul
2589 3370 2928 3436 Christianae,
2957 3384 3075 3440 quae
3097 3373 3148 3424 in
3174 3386 3238 3424 eo
3264 3383 3399 3423 con-

1814 3462 2041 3524 tinetur,
2107 3459 2486 3529 cognitionem.
2550 3459 2666 3514 Non
2726 3476 2892 3530 pauca
2937 3463 3081 3516 enim
3143 3460 3268 3516 hinc
3321 3461 3391 3515 de

1814 3551 2074 3605 doctrina:
2101 3551 2411 3605 sinceritate
2439 3560 2494 3606 et
2521 3552 2722 3605 rituum
2762 3552 3017 3607 Ecclesia:
3052 3552 3397 3622 simplicitate

1814 3654 1868 3698 et
1896 3643 2127 3713 puritate
2164 3658 2490 3712 cognoscere
2525 3643 2719 3711 possis,
2754 3644 2798 3696 si
2841 3643 3000 3698 modo
3031 3642 3189 3712 paulo
3216 3651 3392 3698 atten-

1815 3735 1944 3801 tius,
1968 3749 2086 3804 qum
2107 3734 2174 3789 de
2201 3734 2436 3797 Christo,
2459 3733 2528 3788 de
2560 3733 2857 3800 sacrificiis,
2887 3733 2955 3789 de
2994 3749 3131 3804 pane
3161 3733 3393 3800 caelesti,

1817 3834 1871 3883 et
1903 3826 1968 3880 de
1994 3825 2318 3895 imaginibus
2343 3840 2405 3879 ac
2430 3825 2549 3879 aliis
2575 3824 2843 3890 dicuntur,
2869 3825 3161 3895 expendas.
3192 3843 3212 3877 ι

1889 3919 2015 3973 flere
2043 3919 2150 3973 ille.
2186 3919 2448 3974 Caeterum
2481 3918 2566 3972 vix
2595 3918 2698 3972 ulla
2725 3926 2808 3973 est
2851 3932 2977 3988 spes
3004 3917 3120 3973 fore
3154 3927 3216 3973 ut
3255 3917 3394 3972 alius

1818 4008 1975 4075 hujus
2022 4009 2191 4062 nostri
2237 4008 2473 4060 auctoris
2500 4007 2670 4060 codex
2720 4016 2976 4076 emergat.
3015 4008 3069 4060 In
3118 4007 3396 4061 ditissimis

1816 4099 1960 4154 enim
1989 4097 2323 4152 bibliothecis
2352 4100 2469 4165 ejus
2497 4096 2824 4164 exemplaria
2849 4095 3244 4150 desiderantur.
3290 4097 3399 4150 De.

1817 4199 1944 4245 sunt
1981 4190 2230 4245 nimirum
2281 4191 2333 4243 in
2381 4187 2805 4254 Vindebonensi,
2861 4187 3189 4256 Monacensi,
3245 4188 3395 4243 Pari-

1818 4279 2005 4344 siensi,
2032 4277 2235 4334 Veneta
2261 4277 2377 4331 Divi
2407 4277 2594 4344 Marci,
2623 4286 2675 4330 et
2705 4278 2756 4330 in
2785 4276 3153 4332 San-Gallensi
3178 4294 3193 4342 ;
3217 4293 3397 4348 neque

1821 4351 2086 4426 habentur
2132 4369 2184 4424 in
2230 4367 2554 4422 Britannicis
2599 4367 2954 4438 Belgicisque,
3005 4383 3129 4422 cum
3165 4368 3401 4424 editores

1822 4461 2002 4516 Batavi
2029 4460 2096 4517 de
2129 4461 2228 4516 hac
2264 4476 2322 4515 re
2361 4459 2729 4529 investiganda
2766 4468 2914 4514 certo
2935 4459 3139 4515 certius
3185 4458 3401 4514 solliciti

1822 4553 2048 4619 fuerint;
2083 4569 2183 4609 nec
2213 4553 2265 4608 in
2291 4552 2569 4617 Vaticana,
2602 4566 2724 4622 qum
2772 4551 2922 4620 quasi
2966 4561 3049 4606 est
3079 4551 3402 4607 bibliotheca

135 4647 193 4702 ld
224 4647 372 4717 quod
415 4656 562 4702 certe
592 4647 935 4716 przestitisset
976 4646 1059 4699 vir
1104 4644 1365 4716 prteclare
1408 4645 1601 4700 doctus
1631 4642 1717 4698 Jo.
1749 4658 1801 4718 D
1827 4646 2401 4709 hibliothecarum,cui
2423 4644 2677 4698 aduobus
2705 4643 2828 4697 inde
2855 4643 3068 4696 saeculis
3090 4643 3187 4696 viri
3209 4642 3407 4698 doctis-

136 4738 424 4794 Lundblad
453 4739 510 4794 S.
539 4740 703 4794 theal.
744 4739 804 4792 ι).
833 4747 887 4794 et
919 4737 1243 4808 eloquentia:
1273 4743 1437 4807 a‘tque
1490 4751 1721 4806 poeseos

137 4833 192 4886 in
226 4833 594 4888 Universitate
623 4832 894 4887 Lundensi
920 4831 1196 4901 professor
1223 4831 1380 4886 Publ.
1412 4831 1602 4886 Ordin.
1631 4831 1722 4902 qui

137 4922 354 4978 duabus
385 4923 856 4979 dissertationibus
872 4925 941 4979 de
975 4923 1282 4979 Euhemero
1303 4923 1557 4994 (Londini
1586 4922 1721 4978 Got-

139 5014 293 5079 hor.,
330 5016 491 5086 4804)
541 5017 658 5086 ejus
706 5018 1004 5087 fragmenta
1036 5017 1202 5072 edere
1232 5025 1395 5087 atque
1448 5017 1726 5072 illustrare

139 5113 434 5175 coeperat,
490 5121 521 5160 e
564 5107 704 5161 vivis
759 5117 941 5162 autem
992 5119 1213 5177 ereptus
1260 5117 1387 5174 est,
1438 5117 1732 5176 antequam

138 5211 282 5267 opus
316 5197 624 5252 inchoatum
659 5199 941 5254 absolvere
973 5201 1229 5269 potuerit.
1259 5197 1426 5270 Cujus
1455 5198 1559 5254 viri
1589 5201 1732 5269 opti-

141 5290 217 5343 mi
251 5289 499 5358 mihique
524 5291 841 5346 amicissimi
872 5292 1119 5361 vestigiis
1167 5293 1421 5347 inslstens
1445 5334 1462 5359 ,
1509 5293 1557 5346 si
1588 5292 1734 5346 Deus

140 5379 322 5434 otium
351 5379 582 5446 fecerit,
615 5381 910 5437 Euhemeri
961 5389 1231 5451 quotquot
1274 5385 1518 5453 reperire
1543 5393 1736 5452 potero

143 5470 408 5540 reliquias
447 5471 702 5540 colligere
744 5482 907 5542 atque
937 5473 1212 5543 publicam
1262 5474 1318 5529 in
1343 5474 1520 5529 lucem
1567 5474 1730 5529 cdere

146 5577 322 5633 penes
346 5577 436 5621 me
463 5565 744 5620 constitui.
938 5565 942 5568 ’

224 5717 311 5790 (a)
351 5717 780 5790 Amstelaedami,
818 5717 981 5784 1707,
1007 5719 1058 5790 in
1088 5720 1166 5775 4'.

152 5859 158 5864 '
224 5789 318 5864 (ὁ)
342 5790 519 5864 Locos
543 5789 637 5864 ubi
661 5789 926 5860 allegatur
968 5789 1158 5864 sedulo
1183 5789 1406 5864 collegit
1433 5791 1519 5848 Jo.
1566 5792 1730 5860 Conr.

151 5859 434 5920 Orelliusci
453 5862 753 5936 μακαρίτης.
776 5868 1022 5919 annotat.
1043 5859 1096 5916 in
1115 5862 1319 5918 Arnob.
1334 5859 1510 5931 iv,‘29,
1532 5863 1738 5930 tomJl;

1825 4741 1967 4805 simi,
2007 4740 2334 4805 Holstenius,
2385 4737 2497 4792 Leo
2534 4737 2798 4804 Allatius,
2836 4733 3197 4802 Zaccagnius,
3247 4733 3407 4788 Mari~

1827 4838 1946 4892 nius
1975 4837 2171 4904 aliique
2215 4831 2564 4902 praefuerunt,
2616 4830 2705 4898 qui
2737 4827 3039 4896 hujusmodi
3078 4828 3274 4904 εὕρημα
3304 4827 3407 4882 mi-

1837 4915 1980 4982 nime
2012 4924 2392 4994 neglexissent.
2437 4920 2549 4974 Nisi
2589 4920 2733 4973 enim
2773 4919 2911 4974 forte
2953 4917 3167 4972 fortuna
3215 4918 3270 4972 in
3312 4932 3406 4986 pa-

1827 5019 2105 5084 limpsesto
2157 5015 2335 5083 aliquo
2380 4995 2569 5067 codice
2621 5010 2922 5080 detegatur,
2963 5020 3054 5063 aut
3098 5024 3164 5064 ex
3208 5009 3406 5078 angulo

1831 5106 2173 5164 bibliothecae
2217 5102 2442 5172 alicujus
2472 5103 2783 5157 monasticae
2828 5101 3065 5156 nondum
3108 5100 3240 5154 satis
3285 5099 3406 5153 dili-

1832 5209 2020 5271 genter
2049 5197 2386 5267 perlustratae
2411 5196 2463 5249 in
2489 5196 2663 5250 lucem
2694 5194 3044 5264 producatur,
3072 5192 3235 5247 unico
3266 5193 3405 5247 eoin

1834 5301 2105 5364 posterum
2146 5303 2359 5358 quoque
2403 5287 2685 5343 fruendum
2723 5287 2880 5341 nobis
2922 5287 3046 5353 erit,
3092 5284 3234 5356 quod
3283 5294 3411 5340 ante

1833 5387 1932 5442 tria
1966 5383 2078 5439 fere
2107 5382 2223 5436 haec
2244 5381 2438 5437 saecula
2466 5380 2709 5446 emersit,
2739 5379 3051 5450 exemplari.

1907 5477 2032 5547 Ejus
2053 5473 2266 5545 quidem
2309 5481 2521 5528 aetatem
2557 5472 2774 5528 Flacius
2811 5470 2950 5524 haud
2997 5466 3270 5524 indicavit.
3329 5467 3411 5522 Ex

1839 5579 1948 5626 tota
1977 5581 2108 5623 vero
2129 5574 2306 5622 textus
2345 5565 2525 5622 indole
2564 5572 2808 5636 apparet,
2831 5562 3163 5632 descriptum
3201 5558 3252 5614 id
3286 5573 3410 5616 esse

1839 5723 2026 5849 3.355
2053 5739 2084 5848 ;ί
2113 5721 2218 5779 alia
2237 5723 2321 5780 ιο.
2352 5722 2532 5794 Lydus
2549 5731 2604 5779 et
2622 5720 2939 5779 Scholiasta:
2964 5711 3190 5777 fortasse
3217 5734 3412 5794 suppa“

1884 5814 1894 5848 Ι
1922 5811 1949 5849 ο
1974 5810 2060 5848 ηιη
2094 5835 2104 5842 ι

1884 5810 2104 5850 uanum.
