3928 6416
454 453 560 510 979

1553 447 1788 506 JULIUS
1825 446 2150 505 FIRIIICUS
2187 447 2583 506 MATERNUS.

3611 460 3716 519 980

455 584 484 618 a
518 565 736 620 librario
762 564 900 619 haud
932 564 1201 634 imperito.
1246 562 1462 618 Mendas
1501 563 1642 617 enim
1688 563 1849 618 habet
1896 561 2035 618 haud
2062 564 2112 622 Α
2142 564 2339 618 micum
2371 564 2626 633 impendi.
2663 566 2960 636 Superesse
3005 568 3176 624 fateor
3204 586 3366 627 unttm
3397 588 3578 629 earnm
3619 592 3716 647 ge-

457 655 594 710 adeo
624 657 816 710 multas
857 665 910 709 et
959 655 1097 708 facili
1146 657 1357 725 negotio
1404 653 1771 723 corrigendas.
1806 653 2031 709 Laeuine

458 747 679 802 librario
708 747 842 800 haud
873 753 1000 800 sunt
1019 745 1188 814 culpa:
1215 743 1518 808 vertendae;
1550 744 2030 798 cxstiterunteuim

458 841 575 894 sine
612 839 772 893 dubio
821 839 870 892 in
902 838 1097 892 codice
1141 851 1303 906 quem
1351 836 1649 904 exscripsit.
1703 835 2030 890 Prooemium

461 933 704 986 mutilum
731 942 814 986 est
853 931 921 984 ab
957 929 1148 994 initio;
1182 929 1340 986 verba
1384 938 1559 983 autem
1608 929 1799 995 Flacii,
1837 929 2036 983 Desunt

461 1023 715 1092 quadam,
744 1021 982 1076 indicare
1017 1021 1285 1086 videntur,
1316 1019 1368 1073 in
1390 1019 1572 1074 codice
1599 1019 1858 1074 Mindensi
1893 1018 2032 1073 haud

463 1114 538 1167 ita
564 1113 726 1167 multa
755 1111 1009 1167 defuisse.
1035 1113 1110 1166 Eo
1136 1127 1264 1167 vero
1293 1112 1345 1166 in
1384 1113 1523 1178 ioco,
1552 1111 1638 1165 ubi
1665 1111 1900 1167 Woweri
1922 1111 2037 1168 edi-

467 1206 542 1259 tio
567 1214 619 1259 et
641 1214 762 1271 post
781 1220 897 1260 eam
942 1206 1161 1273 reliqum
1191 1206 1266 1275 (in
1294 1205 1388 1256 liae
1414 1204 1631 1258 editione
1657 1205 1755 1258 col.
1789 1203 1917 1276 985)
1959 1204 2037 1257 la—

467 1311 656 1351 cunam
688 1294 958 1359 exhibent,
995 1296 1194 1349 nullam
1233 1297 1284 1349 in
1327 1310 1423 1349 suo
1456 1294 1642 1350 codice
1689 1297 1892 1365 reperit
1916 1294 2039 1349 Fla—

466 1389 602 1456 cius,
641 1388 832 1443 saltem
882 1387 1018 1441 haud
1067 1389 1292 1443 notavit.
1327 1391 1576 1442 Attamen
1604 1387 1806 1457 aliquid
1847 1388 2038 1442 deesse

468 1489 748 1535 contextus
775 1479 950 1547 docet,
985 1495 1104 1534 cum
1141 1479 1401 1536 Firmicus
1433 1479 1708 1550 promissis
1743 1481 1855 1536 suis
1895 1478 2038 1534 haud

379 1617 381 1619 .
467 1575 694 1629 steterit.

541 1664 725 1734 Capite
750 1666 937 1735 quinto
963 1672 1084 1733 post
1112 1663 1273 1719 verba
1305 1682 1317 1717 :
1347 1673 1397 1718 at
1436 1663 1713 1719 Persarum
1742 1663 1935 1734 legibus
1959 1679 2039 1716 se-

469 1767 676 1825 quatur,
707 1756 845 1826 apud
891 1754 1127 1810 Flacium
1157 1771 1282 1822 una,
1324 1759 1460 1826 apud
1493 1755 1800 1811 Wowerum
1831 1755 2039 1821 eadem,

473 1855 528 1901 et
557 1847 705 1900 brevi
736 1855 856 1915 post
899 1847 1066 1900 altera
1119 1847 1342 1902 babetur
1367 1847 1552 1902 lacuna
1601 1864 1630 1902 a
1678 1847 1861 1903 Flacio
1902 1846 2045 1901 haud

2135 656 2412 725 nus,quod
2438 655 2625 710 harum
2647 675 2822 712 rerum
2845 660 3032 714 arbitri
3053 660 3280 718 fortasse
3300 663 3717 724 desiderabunt:

2134 748 2350 801 collatio
2423 749 2673 803 nimirum
2749 767 3042 821 cxegeseos
3107 765 3268 823 atque
3328 762 3718 818 sententiarum

2137 839 2561 907 theologicarum
2603 840 2778 893 Nostri
2833 857 2954 895 cum
3011 845 3458 913 interpretatione
3505 863 3724 907 eorum-

2136 928 2259 982 dem
2293 930 2532 983 locorum
2567 941 2726 1000 atque
2755 934 3098 1002 expositione
3125 935 3458 1006 dogmatum,
3488 956 3720 1010 quorum

2139 1018 2400 1074 Firmicus
2431 1021 2695 1087 meminit,
2737 1023 2876 1092 apud
2927 1024 3161 1093 reliquos
3205 1029 3515 1099 apologetas
3555 1042 3719 1103 atque

2137 1110 2348 1166 Patres.
2379 1111 2562 1180 Neque
2591 1113 2746 1181 plane
2787 1114 3015 1184 neglexi.
3045 1115 3316 1183 Attamen,
3368 1134 3490 1174 cum
3529 1121 3724 1179 Firmi-

2139 1218 2255 1268 cus,
2293 1205 2569 1271 exegetica
2616 1215 2776 1273 atque
2822 1206 3122 1277 dogmatica
3177 1209 3223 1263 si
3269 1221 3496 1279 Spectes,
3527 1216 3725 1286 exiguo

2141 1294 2330 1349 saltem
2360 1294 2475 1347 usui
2507 1296 2576 1349 sit
2603 1290 2887 1366 theologis,
2917 1314 3100 1352 verum
3132 1299 3360 1355 Elitnica
3398 1304 3724 1376 mythologia

2141 1400 2457 1456 arcanteqne
2489 1387 2776 1458 religiones
2827 1389 2998 1444 lucem
3047 1390 3184 1444 haud
3218 1392 3289 1445 ita
3330 1400 3724 1464 aspernandam

2144 1477 2212 1531 ab
2240 1492 2306 1531 eo
2327 1478 2620 1544 lucrentur,
2651 1478 2768 1534 haec
2795 1479 3002 1550 potiora
3029 1496 3148 1536 esse
3180 1483 3332 1549 duxi,
3359 1493 3519 1554 atque
3560 1485 3616 1540 in
3647 1489 3728 1544 his

2145 1568 2477 1624 illustrandis
2529 1572 2768 1625 curatius
2827 1583 3071 1628 versatus
3126 1590 3264 1630 sum.
3334 1577 3539 1634 Vellem
3597 1595 3728 1635 vero

2145 1663 2402 1717 Orellium
2436 1665 2605 1717 virum
2637 1664 3082 1733 eruditissimum,
3138 1678 3197 1722 ut
3225 1684 3375 1738 spem
3424 1669 3626 1726 fecerat
3675 1672 3730 1726 in

2147 1753 2463 1823 praefatione
2491 1756 2556 1810 ad
2583 1757 2877 1810 Arnobium
2902 1775 2951 1828 p.
2989 1774 3098 1822 va,
3127 1759 3179 1813 in
3201 1759 3488 1817 Firmicum
3512 1777 3731 1832 quoque

2149 1846 2409 1901 doctrina:
2438 1864 2548 1902 sua:
2575 1850 2760 1919 copias
2790 1865 3076 1920 erogasse;
3107 1860 3215 1906 tuin
3257 1854 3389 1908 meis
3427 1867 3556 1908 sane
3585 1856 3732 1911 curis

479 1945 693 1990 notata:
717 1951 746 1990 a
776 1935 1033 1991 Wovvero
1061 1937 1218 2006 igitur
1244 1954 1307 1992 ex
1355 1938 1663 2007 conjectura
1705 1938 1933 1993 iudicata
1968 1938 2045 1991 vi-
2073 1935 2122 1996 B
2151 1937 2290 1994 haud
2321 1955 2457 2008 Opus
2487 1941 2696 1994 fuisset.
2727 1943 2794 1994 At
2818 1941 2928 2005 ille,
2955 1957 3075 1995 cum
3103 1942 3223 1996 aliis
3248 1944 3421 1998 doctis
3452 1944 3731 2001 laboribus

477 2031 651 2090 detur.
684 2030 921 2101 Reliun
953 2046 1020 2086 ex
1053 2032 1270 2102 singulis
1299 2033 1668 2087 tantummodo
1693 2031 1874 2086 verbis
1901 2030 2050 2086 elisis

478 2134 613 2177 orta:
639 2123 916 2190 videntur;
951 2137 1050 2178 nec
1078 2137 1292 2178 sensum
1325 2137 1650 2193 magnopere
1675 2122 2004 2203 impediunt,

549 2215 812 2276 Nonnulla
843 2216 1140 2284 sphalmata
1182 2225 1529 2270 correxerunt
1569 2213 1854 2268 Wowerus
1892 2224 2055 2283 atque

481 2306 817 2372 Gronovius;
860 2322 959 2377 ego
995 2323 1208 2377 quoque
1233 2309 1484 2376 pauculas
1524 2308 1926 2361 cmendationes
1962 2307 2058 2361 ad-

480 2398 588 2453 didi
617 2400 668 2454 in
693 2401 862 2463 notis;
895 2400 948 2454 in
965 2400 1556 2467 duobustantumlocis,
1579 2416 1627 2455 c.
1655 2402 1740 2466 l6,
1769 2401 1870 2471 ipsi
1891 2402 2058 2456 textui

482 2492 742 2548 medelam
759 2491 1013 2559 atterens,
1037 2494 1124 2547 ubi
1145 2501 1328 2563 aperte
1354 2492 1536 2548 Abaris
1557 2493 1750 2563 Scytha
1769 2492 2057 2563 legendum

484 2594 564 2639 est
588 2601 684 2655 pro
714 2587 877 2643 Avaro
910 2586 1126 2655 Scytha.

555 2676 696 2730 Istud
728 2687 904 2732 autem
938 2679 1202 2749 imprimis
1225 2681 1276 2733 in
1307 2695 1441 2734 nova
1467 2679 1565 2734 hac
1579 2679 1794 2734 Firmici
1824 2681 2062 2736 editione

484 2781 626 2822 curse
660 2769 786 2822 ntihi
839 2769 956 2834 fuit,
999 2785 1078 2836 ut,
1120 2781 1378 2840 quantum
1427 2785 1663 2840 possem,
1703 2771 1825 2826 licet
1858 2771 2066 2827 brevis-

484 2866 639 2932 sime,
671 2883 756 2931 ea,
785 2883 904 2937 qua:
929 2869 993 2923 de
1013 2870 1181 2922 sacris
1221 2867 1467 2922 Ethnicis
1499 2866 1688 2932 refert,
1719 2867 2062 2922 illustrarem.

481 2959 652 3026 Quem
686 2959 736 3012 in
780 2959 938 3014 tinent
984 2972 1138 3015 notas
1177 2960 1416 3015 Woweri
1450 2961 1786 3029 aliorumque
1828 2959 2065 3013 virorum

488 3052 771 3107 doctorum
803 3056 853 3107 in
888 3054 1176 3108 Firtuicum
1207 3053 1492 3121 exscripsi,
1512 3054 1706 3121 quibus
1727 3053 1897 3121 adjeci
1921 3069 2068 3107 com-

491 3146 638 3212 plura
667 3161 873 3208 eorunt,
913 3161 1033 3214 qua:
1063 3146 1308 3199 Hcrtzius
1343 3147 1393 3197 in
1427 3145 1812 3198 dissertatione
1843 3145 1910 3198 de
1954 3145 2070 3198 Fir-

493 3238 630 3289 mieo
678 3236 1010 3299 observavit;
1069 3251 1242 3305 neque
1292 3235 1510 3304 neglexi
1562 3235 1806 3288 editores
1851 3235 2066 3287 Patrum

491 3328 723 3382 Firmico
751 3330 1138 3398 antiquiorum,
1170 3331 1223 3381 in
1255 3329 1450 3396 quibus
1477 3327 1670 3380 similia
1699 3343 1910 3389 eorum,
1949 3342 2070 3395 quae

493 3421 537 3474 is
567 3421 748 3484 habet,
792 3423 1065 3488 leguntur;
1117 3420 1367 3472 videlicet
1406 3417 1707 3484 Ouzeliutn,
1758 3419 2069 3482 lleraltlttm,

495 3511 805 3579 Rigaltium,
839 3512 1129 3574 Davisium,
1163 3508 1490 3563 Linduerutn
1534 3509 1586 3562 in
1619 3508 1903 3562 Minucium
1936 3510 2072 3564 Feli-

491 3619 628 3671 cem,
677 3604 978 3658 Walchinm
1034 3605 1085 3656 in
1138 3602 1492 3662 Lactantium,
1531 3601 1983 3655 Elmenhorstium
2015 3610 2070 3656 ct

495 3698 757 3765 imprimis
784 3696 1040 3750 Orellium
1073 3696 1123 3748 in
1153 3681 1470 3756 ArnObium,
1499 3694 1658 3759 alios,
1704 3706 1838 3761 quos
1867 3693 2067 3762 passim

492 3774 722 3857 inspexi,
755 3799 811 3842 ut
847 3798 1076 3842 taceam.
1125 3788 1282 3839 Plura
1331 3801 1541 3855 quoque
1572 3801 1634 3838 ex
1671 3787 1885 3852 [impria
1930 3801 2069 3852 penu

494 3879 698 3942 addidi,
733 3881 784 3931 in
837 3879 1023 3946 primis
1076 3878 1141 3928 ad
1185 3879 1483 3942 posteriora
1529 3876 1756 3942 capitaa
1809 3874 1874 3927 18
1913 3876 2068 3940 inde,

491 3987 609 4037 qua:
635 3969 927 4024 Wovverus
957 3968 1069 4022 fere
1098 3974 1205 4020 tota
1239 3965 1495 4035 neglexit,
1523 3980 1692 4033 neque
1723 3966 1812 4034 qui
1844 3980 1961 4017 enni
1987 3980 2070 4020 se-

488 4063 596 4117 cuti
619 4071 743 4118 sunt
763 4061 1001 4116 editores
1023 4069 1305 4122 curarunt;
1330 4058 1401 4112 ita
1427 4057 1616 4112 leviter
1637 4066 1691 4111 et
1713 4058 2070 4126 perfunctorie

493 4156 545 4208 in
577 4153 896 4208 illustrando
922 4151 1024 4207 hoc
1040 4161 1263 4206 auctore
1282 4150 1498 4203 minime
1519 4161 1647 4204 sane
1673 4150 2069 4204 contemnendo

494 4247 691 4300 versati
724 4255 868 4299 sunt.
2010 4295 2014 4300 .

564 4338 823 4407 Denique,
856 4352 977 4392 cum
1018 4336 1117 4390 loci
1149 4335 1338 4389 Biblici
1381 4333 1518 4388 haud
1552 4333 1623 4388 ita
1655 4335 1809 4404 pauci
1849 4335 2064 4404 allegati

488 4429 598 4482 sint
622 4443 687 4482 ex
719 4426 1054 4481 versionibus
1082 4425 1291 4480 Latinis
1315 4424 1898 4496 Antehieronymianis,
1925 4425 2069 4494 ipsas

489 4518 699 4571 illarum
726 4517 988 4569 lectiones
1019 4515 1407 4568 examinandas
1448 4529 1570 4567 esse
1616 4515 1764 4568 duxi.
1798 4517 1906 4570 Nec
1929 4514 2070 4570 dil‘ll-

486 4609 607 4664 cilis
652 4606 738 4661 hic
791 4605 962 4658 labor.
1004 4603 1245 4670 Namque
1275 4603 1458 4656 statim
1511 4612 1851 4671 compertum
1883 4605 2062 4670 habui,

489 4715 583 4755 cas
612 4715 641 4752 a
670 4697 952 4754 Sabaterio
981 4695 1032 4749 in
1063 4692 1347 4747 Bibliorum
1377 4692 1660 4748 Sacrorum
1699 4693 1896 4746 Latinis
1943 4696 2070 4749 Ver-

487 4791 711 4846 sionibus
759 4790 980 4857 antiquis
1031 4785 1221 4841 sedulo
1267 4785 1494 4840 collatas
1541 4800 1680 4840 esse.
1735 4785 1919 4856 Itaque
1965 4786 2066 4842 hoc

489 4899 609 4939 cum
642 4883 872 4936 maxime
900 4880 1180 4950 explorare
1225 4878 1425 4946 studui,
1456 4893 1718 4948 quosnam
1758 4892 1823 4932 ex
1871 4886 1948 4930 tot
1977 4893 2068 4933 vc-

492 4977 619 5030 teris
660 4973 944 5036 versionis,
995 4957 1077 5026 vel
1120 4971 1297 5040 potius
1334 4973 1676 5040 antiquarum
1725 4967 2063 5035 versionum,

487 5065 764 5122 codicibus
796 5062 1061 5116 Firmicus
1093 5073 1220 5116 ante
1253 5063 1438 5118 oculos
1469 5061 1734 5116 habuerit.
1765 5059 1835 5115 Et
1864 5060 2067 5129 qumvis

487 5159 602 5212 fere
627 5170 713 5210 me
739 5155 928 5224 pagina
961 5136 1314 5218 docuit,'éum
1359 5157 1499 5210 inter
1529 5171 1717 5210 omnes
1746 5154 1934 5209 Patres
1968 5152 2068 5206 La—

488 5250 631 5302 tinos
681 5245 912 5300 maxime
961 5258 1080 5296 cum
1123 5243 1410 5314 Cypriane,
1457 5248 1720 5316 imprimis
1751 5262 1872 5302 cum
1917 5246 2067 5300 libris

487 5341 646 5410 hujus
675 5336 920 5407 episcopi
957 5336 1409 5392 Testimoniorum
1454 5341 1712 5396 adversus
1758 5341 1974 5396 Iudaeos
2013 5348 2068 5394 et

487 5431 555 5486 de
583 5430 792 5487 Unitate
818 5427 1072 5482 Ecclesiae
1095 5431 1436 5495 consentire;
1470 5447 1654 5487 sacros
1677 5435 1839 5504 igitur
1862 5441 2064 5497 textus,

485 5523 681 5590 quibus
712 5521 902 5584 utitur,
933 5529 1023 5573 aut
1047 5533 1112 5573 ex
1138 5521 1283 5574 hisce
1313 5524 1721 5590 Opusculis,aut
1742 5541 1772 5578 e
1792 5523 2066 5578 codicibus

481 5627 693 5676 eorum,
711 5624 846 5679 quos
860 5611 1155 5679 Cyprianus
1172 5597 1595 5680 legitsimillimis
1609 5623 1905 5670 mutuatum
1917 5629 2058 5670 esse.

556 5705 623 5758 Et
651 5705 766 5758 hac
793 5703 1012 5774 quidem
1035 5713 1122 5760 est
1153 5720 1362 5764 summa
1387 5720 1659 5774 Curarum,
1684 5726 1816 5780 quas
1853 5711 1905 5766 in
1946 5711 2064 5765 Fir-

557 5834 632 5976 (a;
674 5839 880 5905 Hertz.,
908 5839 976 5894 de
999 5839 1048 5894 J.
1074 5840 1133 5894 F.
1162 5841 1257 5905 M.,
1290 5856 1342 5911 p.
1375 5841 1464 5896 36.

557 5908 607 5976 (b
671 5907 825 5976 Apud
857 5910 1062 5976 Hertz"
1091 5927 1145 5976 p.
1172 5913 1258 5967 Η.

556 5907 631 5979 (b)
671 5907 825 5977 Apud
857 5910 1062 5978 Hertz"
1091 5927 1145 5981 p.
1172 5913 1258 5967 Η.

2157 2044 2252 2098 per
2281 2031 2485 2099 aliquot
2538 2045 2709 2084 annos
2753 2030 3042 2085 distractus
3091 2032 3298 2101 fuisset,
3353 2049 3543 2105 nuper,
3587 2037 3734 2105 quod

2156 2120 2312 2175 valde
2340 2120 2628 2174 dolendum
2660 2129 2760 2188 est,
2796 2137 2825 2176 e
2856 2123 2990 2176 vivis
3020 2125 3272 2178 excessit.

2892 2215 3000 2270 νη.

2230 2306 2532 2377 Antequam
2560 2322 2690 2363 vero
2727 2309 2792 2362 ad
2816 2319 3188 2379 argumentum
3220 2309 3369 2376 libri,
3399 2326 3559 2381 quem
3580 2327 3744 2368 enar-

2163 2407 2380 2454 raturns
2405 2413 2545 2464 sum,
2567 2399 2941 2470 exponendum
2986 2400 3263 2466 accedam,
3291 2401 3358 2456 de
3384 2400 3555 2471 ipsius
3582 2401 3743 2459 titulo

2166 2481 2334 2561 pauca
2381 2491 2631 2547 monebo.
2663 2489 2796 2545 Cum
2828 2506 2956 2546 vero
3003 2492 3217 2546 unicum
3257 2494 3532 2562 exemplar
3567 2503 3747 2550 exstet

2164 2586 2248 2638 vel
2277 2586 2565 2647 exstiterit,
2600 2599 2627 2636 a
2675 2583 2855 2639 Flacio
2898 2586 2950 2638 in
2985 2586 3156 2640 lucem
3201 2587 3483 2652 emissum,
3529 2587 3743 2651 unicus,

2166 2691 2324 2743 quem
2356 2690 2452 2744 pro
2479 2677 2713 2744 genuino
2743 2675 2940 2730 habere
2970 2677 3116 2741 licet,
3145 2679 3191 2731 is
3226 2686 3309 2732 est
3339 2693 3500 2746 quem
3529 2677 3746 2733 Flacius

2169 2765 2244 2819 illi
2271 2765 2563 2840 inscripsit,
2598 2767 2648 2820 in
2673 2767 2788 2836 ipso
2809 2767 3072 2841 Mindensi
3097 2769 3283 2822 codice
3313 2767 3452 2822 haud
3478 2758 3640 2823 dubie
3679 2769 3747 2824 ab

2167 2874 2233 2913 co
2262 2859 2460 2913 lectus:
2482 2861 2544 2913 de
2567 2856 2760 2913 Errare
2786 2857 3130 2927 Profanarunt
3160 2859 3672 2932 Religiouunt.Quod
3701 2859 3748 2914 si

2171 2949 2330 3018 igitur
2355 2949 2643 3017 scriptorcs
2672 2951 3021 3014 recentiores,
3055 2951 3144 3021 qui
3173 2951 3333 3019 hujus
3363 2951 3484 3005 libri
3519 2953 3752 3006 mentio-

2172 3055 2292 3092 nem
2344 3043 2604 3104 fecerunt,
2663 3043 2871 3094 titulum
2915 3043 3070 3108 paulo
3117 3043 3276 3095 aliter
3323 3051 3748 3110 expresserunt,

2173 3146 2223 3182 v.
2252 3146 2300 3184 c.
2335 3131 2506 3183 Balth.
2542 3132 2843 3185 Bonifacius
2888 3133 2938 3182 in
2983 3130 3202 3184 historia
3253 3131 3454 3183 ludicra
3483 3132 3747 3200 (Bruxell.

2177 3222 2334 3280 1656.
2383 3238 2435 3289 p.
2469 3220 2621 3290 456),
2656 3221 2749 3290 qui
2789 3221 3013 3272 libellum
3062 3220 3125 3272 de
3168 3218 3356 3272 Errare
3401 3219 3753 3290 Profanarnm

2097 3297 2143 3356 ί)
2174 3316 2394 3386 gentium
2443 3325 2490 3366 et
2531 3315 2833 3382 religionum
2865 3322 3041 3376 vocat,
3087 3325 3246 3380 atque
3295 3313 3576 3380 Baronins,
3607 3316 3751 3382 apud

2173 3423 2327 3474 quem
2367 3406 2492 3460 liber
2518 3408 2581 3459 de
2612 3405 2871 3476 Mysteriis
2899 3415 2944 3458 et
2991 3405 3266 3458 Erroribus
3291 3404 3569 3483 Profanar.
3599 3407 3748 3476 relig.

2173 3499 2321 3552 audit
2341 3497 2506 3569 (a),hi
2537 3497 2676 3551 haud
2707 3497 2890 3561 dubie,
2923 3511 3042 3550 cum
3067 3498 3385 3564 scriberent,
3417 3499 3748 3563 titemoriter,

2175 3608 2274 3646 nec
2313 3594 2555 3660 inspecto
2587 3591 2746 3656 libro,
2779 3591 2894 3659 ejus
2933 3590 3143 3644 titulutn
3193 3589 3497 3644 laudarunt.
3542 3588 3750 3646 Nomen

2173 3685 2409 3738 auctoris
2455 3686 2504 3736 in
2550 3684 2736 3737 codice
2777 3681 3035 3736 Miudensi
3088 3682 3387 3737 luculenter
3434 3695 3754 3749 expressum

2172 3785 2286 3838 est;
2321 3777 2459 3829 nulla
2491 3775 2650 3842 igitur
2678 3773 2810 3827 fides
2839 3773 3082 3826 habenda
3110 3770 3369 3841 Gyraldo,
3393 3774 3481 3840 qui
3517 3770 3750 3835 Villium,

2172 3876 2226 3918 et
2255 3864 2608 3930 Glaudorpio,
2639 3862 2731 3929 qui
2765 3863 2863 3924 Qu.
2904 3861 3114 3912 Villium
3146 3864 3421 3928 nuncupat
3447 3860 3520 3930 (ὁ)
3542 3901 3556 3925 ,
3591 3860 3754 3916 Uter-

2171 3969 2277 4024 que
2307 3953 2566 4022 prwterea
2607 3967 2727 4006 cum
2772 3949 3042 4020 astrologo
3087 3949 3386 4004 confundit.
3419 3950 3510 4005 llle
3553 3965 3752 4006 nomen

2172 4050 2224 4100 in
2253 4054 2563 4115 pervetusto
2591 4042 2776 4098 codice
2802 4051 2854 4096 et
2883 4041 2932 4093 in
2962 4042 3184 4110 antiquo
3208 4057 3339 4096 saxo
3377 4042 3477 4112 legi
3509 4058 3575 4097 ex
3618 4043 3754 4097 alio-

2171 4154 2290 4192 rum
2316 4137 2423 4192 ﬁde
2443 4146 2626 4191 narrat
2667 4133 2771 4204 (c);
2802 4133 2888 4186 hic
2932 4132 3135 4186 nullum
3163 4132 3511 4196 citatyadem
3542 4131 3646 4201 (ἀ).

2241 4233 2323 4286 Ad
2377 4230 2730 4285 Constantium
2793 4237 2839 4280 et
2888 4224 3215 4280 Constantem
3271 4224 3526 4293 Augustos
3591 4223 3757 4279 habet

2173 4339 2336 4396 porro
2367 4323 2550 4378 titulus
2577 4339 2587 4375 :
2619 4331 2674 4376 et
2695 4320 2816 4390 jure
2832 4317 2883 4372 id
2916 4317 3130 4386 quidem
3156 4333 3168 4380 ;
3191 4329 3315 4368 nam
3346 4314 3494 4367 hisce
3520 4313 3756 4382 impera-

2173 4414 2402 4479 toribus,
2434 4423 2490 4468 ιιι
2529 4428 2595 4465 ex
2639 4409 3004 4480 compluribus
3037 4408 3169 4462 locis
3212 4404 3426 4459 abunde
3460 4411 3630 4472 patet,
3673 4402 3757 4456 in-

2171 4508 2405 4575 scriptus
2428 4516 2530 4560 est.
2562 4503 2752 4556 Falsus
2776 4503 2941 4572 igitur
2965 4509 3049 4556 est
3083 4497 3371 4562 Baronius,
3415 4498 3507 4566 qui
3555 4493 3757 4549 librum

2170 4597 2237 4649 ad
2266 4595 2655 4649 Constantinum
2697 4600 2743 4645 et
2778 4590 3103 4645 Constantem
3130 4591 3390 4658 scriptum
3419 4600 3544 4641 esse
3575 4594 3750 4654 putat.

2170 4687 2361 4742 Omnia
2386 4686 2530 4740 enim
2563 4684 2814 4738 historica
2838 4698 2956 4751 quae
2978 4690 3390 4743 commemorat,
3415 4687 3540 4746 post
3567 4677 3762 4731 interi-

2174 4792 2284 4833 tum
2313 4776 2675 4838 Constantini,
2703 4775 2794 4844 qui
2842 4787 2982 4827 anno
3033 4771 3138 4825 540
3179 4771 3381 4835 evenit,
3413 4769 3756 4823 acciderunt.

2171 4871 2246 4924 De
2276 4869 2472 4924 litteris
2491 4867 2628 4921 V.C.
2660 4867 2862 4920 nomini
2898 4864 3115 4919 Firmici
3148 4862 3346 4917 additis
3365 4861 3475 4931 jam
3500 4861 3755 4931 exposui.

2902 4956 3029 5010 Vlll.

2239 5055 2356 5110 .latn
2389 5069 2514 5110 vero
2545 5053 2611 5107 ad
2647 5059 3020 5121 argumentum
3070 5049 3192 5104 libri
3237 5047 3622 5118 exponendum
3668 5061 3760 5102 ac-

2172 5151 2327 5216 cedo,
2364 5149 2633 5203 Hertzium
2675 5145 2990 5214 plerumque
3036 5151 3340 5197 secuturus.
3379 5141 3492 5194 Hoc
3521 5149 3759 5194 tantum-

2172 5243 2331 5297 modo
2362 5244 2414 5295 in
2447 5240 2702 5310 praevium
2735 5239 2997 5293 monebo:
3026 5239 3076 5292 in
3105 5237 3377 5292 Prommio
3399 5236 3610 5307 mutilo,
3636 5250 3760 5290 mea

2172 5334 2386 5403 quidem
2411 5332 2703 5397 sententia,
2725 5330 2863 5384 haud
2893 5330 3058 5383 multa
3087 5328 3407 5383 desiderari.
3435 5326 3584 5380 Folia
3606 5327 3757 5381 enim

2170 5443 2198 5480 a
2227 5427 2413 5480 codice
2441 5424 2704 5479 Mindcnsi
2737 5423 2875 5479 haud
2904 5422 3139 5477 abscissa
3168 5421 3440 5485 videntur,
3472 5435 3593 5474 cum
3625 5421 3759 5473 titu-

2172 5521 2254 5573 lus
2293 5518 2457 5582 adsit,
2503 5527 2558 5572 et
2600 5515 2640 5570 F
2649 5516 2815 5570 lacius
2858 5515 3011 5569 initio
3042 5522 3247 5568 tantum
3289 5511 3520 5566 habeat:
3556 5510 3758 5564 Desunt

2169 5610 2422 5679 quwdam.
2452 5609 2507 5664 Si
2537 5624 2664 5662 vero
2685 5609 2869 5662 titulus
2893 5607 2958 5662 ab
2983 5607 3138 5660 initio
3164 5602 3449 5669 abfuisset,
3474 5611 3528 5657 et
3553 5603 3621 5656 ad
3646 5604 3759 5656 eal-

2169 5716 2285 5756 cem
2313 5703 2430 5756 libri
2458 5710 2662 5755 tantum
2691 5700 2934 5769 adjectus
2972 5695 3163 5752 fuisset
3191 5695 3342 5751 hisce
3379 5693 3562 5760 verbis
3593 5710 3608 5748 :
3648 5691 3758 5745 Ea;-

2270 5839 2319 5895 οὶ
2359 5839 2492 5895 Ibid.

2270 5858 2296 5894 c
2359 5839 2492 5895 Ibid.
2753 5841 2759 5846 ’

2169 5969 2180 5981 ι
2243 5839 2326 5985 id;
2360 5910 2665 5978 0nomast.,
2701 5925 2755 5983 p.
2784 5910 2910 5967 905.
