3936 6424
70 422 159 480 981

1402 414 1933 474 PBOLEGOMENA.

3194 427 3300 484 982

76 541 204 613 plicit
228 536 333 594 Jul.
364 534 579 590 Firmici
603 532 824 590 Materni
861 533 923 588 V.
946 533 1006 590 Ε.
1042 535 1104 589 de
1137 500 1336 590 Errare
1363 534 1626 606 Profana-
1651 538 1696 594 Α
1726 550 1845 590 cum
1872 535 2073 591 cultum
2101 535 2223 592 latae
2249 531 2424 603 erant,
2451 539 2542 609 qui
2572 538 2701 594 olim
2724 539 3008 597 dominans
3038 557 3178 598 nunc
3195 542 3308 598 fere

72 651 175 690 rum
201 631 532 701 Religionum,
564 628 862 700 cujusmodi
892 628 1318 698 subscriptiones
1356 627 1408 682 in
1442 628 1624 682 multis

75 723 327 782 veteribus
366 721 517 776 libris
563 720 834 790 leguntur,
866 719 1081 776 Flacius
1117 721 1622 786 certeindicasset.

77 818 223 872 Deest
250 812 406 882 igitur
430 810 610 866 brevis
631 810 698 865 ad
723 810 1080 881 Imperatores
1108 811 1367 866 allocutio
1395 821 1449 866 et
1474 825 1631 879 argu-

78 908 226 965 menti
266 904 551 974 expositio.
607 903 910 960 Transiisse
951 905 1164 960 videtur
1205 905 1273 959 ad
1322 902 1628 958 Christiana

79 999 301 1072 quaedam
340 997 586 1066 dogmata
617 996 685 1051 de
729 996 1004 1052 creatione
1045 995 1227 1050 mundi
1258 995 1433 1065 deque
1478 995 1629 1064 lapsu

80 1089 517 1160 Protoplastorum
549 1086 760 1142 insidiis
783 1086 982 1142 diaboli
1023 1086 1398 1151 seductorum;
1438 1086 1632 1156 quibus

78 1182 202 1236 viam
230 1179 328 1236 sibi
354 1179 585 1234 munivit
610 1177 675 1232 ad
704 1177 962 1233 Ethnicos
1003 1175 1127 1247 (hos
1169 1177 1336 1240 enim,
1376 1176 1498 1230 licet
1529 1176 1632 1229 im-

79 1273 396 1346 peratoribus
427 1271 565 1327 liber
591 1270 661 1325 sit
689 1270 999 1340 inscriptus,
1033 1284 1174 1338 saepe
1196 1268 1513 1337 alloquitur)
1541 1269 1634 1322 ad-

77 1365 372 1429 monendos,
403 1373 461 1418 ut
502 1378 532 1417 a
574 1363 733 1417 simili
776 1361 963 1418 fraude
1007 1362 1108 1417 sibi
1157 1371 1402 1416 caveant.
1437 1361 1634 1416 Facilis

80 1459 189 1513 hinc
203 1457 264 1513 ad
279 1457 539 1527 originem
562 1456 898 1511 oraculorum
919 1456 1414 1526 divinationumque
1440 1457 1635 1511 transi-

80 1563 174 1617 tus,
214 1565 275 1605 ex
306 1547 572 1603 sententia
608 1547 804 1602 Hertzii
842 1547 1189 1614 editionibus,
1225 1563 1344 1616 quae
1387 1548 1633 1602 lacunam

80 1643 261 1698 habent
287 1655 404 1696 mox
437 1648 558 1710 post
585 1640 817 1706 initium,
850 1650 1271 1710 superstructus.
1301 1639 1484 1696 Codex
1506 1655 1636 1695 vero
1665 1670 1667 1672 -

75 1733 364 1796 Mindensis,
391 1740 449 1786 ut
478 1731 646 1788 editio
669 1731 918 1800 princeps
941 1731 1187 1786 Flaciana
1219 1731 1400 1799 docet,
1435 1731 1635 1787 nullam

76 1827 238 1882 habet.
269 1824 450 1895 Neque
473 1823 633 1879 video
658 1838 754 1879 cur
785 1839 1007 1879 necesse
1046 1823 1115 1878 sit
1138 1824 1295 1878 verba
1339 1825 1586 1893 procemii
1618 1840 1632 1878 :

1725 626 2145 696 Opprimebatnr.
2179 627 2304 683 Haec
2332 643 2461 683 sane
2490 630 2820 686 considerari
2849 642 2902 686 et
2926 633 3179 703 perpendi
3212 634 3307 689 de—

1725 719 1875 783 bent,
1931 719 2017 772 ubi
2078 719 2341 774 Firmicus
2388 736 2506 776 cum
2565 723 2955 792 antiquioribus
3015 725 3310 793 apol0getis

1727 810 2098 878 componitur;
2131 811 2254 865 inde
2284 811 2598 879 explicanda
2629 822 2708 866 est
2739 814 2900 866 tutius
2942 814 3201 867 orationis
3229 814 3312 869 di-

1731 901 1977 964 versitas,
2000 919 2119 973 quae
2142 904 2226 957 vel
2252 901 2318 958 ad
2342 906 2551 978 cultum
2572 904 2920 958 Ethnicorum
2946 905 2994 957 vi
3027 905 3315 959 destruen-

1734 990 1858 1045 dum
1878 993 2230 1061 imperatores
2247 994 2364 1061 plus
2382 995 2552 1050 semel
2573 995 2814 1050 hortatur
2837 1005 2998 1062 atque
3021 996 3240 1061 excitat,
3257 997 3311 1051 id

1733 1083 1875 1152 quod
1893 1083 2288 1152 antiquioribus
2315 1086 2632 1156 apologetis,
2657 1086 2782 1141 licet
2809 1098 2860 1140 et
2891 1086 2942 1139 hi
2977 1087 3222 1140 hostilem
3258 1089 3309 1141 in

1735 1177 2049 1247 religionem
2075 1194 2230 1248 quam
2245 1179 2626 1250 aggrediuntur
2650 1183 2882 1234 animum
2913 1180 3087 1234 ubivis
3107 1179 3310 1235 irrele-

1736 1283 1923 1323 corum
1944 1269 2238 1336 declarent,
2266 1272 2318 1326 in
2339 1283 2568 1326 mentem
2596 1287 2884 1342 numquam
2913 1274 3093 1326 venire
3118 1277 3307 1342 potuit.

2479 1362 2571 1417 IX.

1811 1451 2084 1507 Editiones
2112 1453 2357 1521 Firmici,
2386 1469 2507 1524 quae
2538 1453 2665 1509 mihi
2689 1455 3062 1521 iunotuerunt,
3092 1464 3214 1509 sunt
3233 1470 3316 1507 sc-

1739 1555 1969 1616 quentes
1999 1564 2011 1599 :

1807 1638 1916 1693 Jul.
1943 1639 2161 1694 Firmici
2191 1640 2411 1696 Materni
2445 1641 2510 1696 ν.
2536 1639 2598 1696 C.
2636 1641 2703 1697 de
2740 1642 2937 1697 Errore
2962 1641 3314 1698 Proianarum

1742 1731 2083 1802 Religionum
2113 1733 2175 1786 ad
2191 1733 2564 1789 Constantium
2592 1743 2646 1788 et
2671 1733 3019 1789 Constantem
3051 1733 3321 1803 Angustos

1743 1823 1899 1888 liber,
1936 1839 2224 1894 numquam
2253 1825 2481 1879 antehac
2529 1827 2578 1878 in
2631 1825 2804 1879 lucem
2851 1823 3049 1879 editus.
3080 1825 3322 1880 Excusus

74 1917 348 1988 Manifestis
370 1915 653 1970 rationibus
680 1916 1124 1986 exemplorumque
1163 1917 1460 1970 testimoniis
1502 1916 1631 1968 diui-
1666 1917 1714 1977 B
1740 1914 2047 1985 Argentinaa
2076 1916 2217 1986 apud
2245 1917 2466 1970 Paulum
2497 1917 2966 1986 Machaeropmum,
3018 1916 3321 1984 sumptibus

74 2008 316 2061 nationem
347 2007 671 2077 probabimus
716 2023 807 2078 per
851 2007 1110 2061 diabolum
1153 2023 1260 2062 esse
1297 2008 1549 2062 iuventam
1589 2017 1636 2061 et

74 2103 356 2170 perfectam,
384 2097 457 2152 ita
488 2099 756 2168 accipere,
812 2107 868 2153 ut
911 2098 1084 2153 isthoc
1133 2100 1364 2169 scriptor
1407 2099 1637 2168 primum

74 2203 222 2258 agere
247 2189 573 2257 decreverit,
606 2203 728 2244 cum
769 2190 819 2244 in
852 2191 932 2244 eis
960 2205 1078 2260 quae
1109 2198 1405 2260 sequuntur
1437 2189 1503 2244 ad
1539 2189 1641 2244 hoc

71 2291 429 2352 argumentum
477 2283 674 2353 saepius
712 2283 918 2338 redeat.
952 2283 1056 2339 Sed
1103 2299 1223 2338 eum
1278 2284 1432 2338 initio
1475 2283 1639 2338 libelli

71 2372 308 2444 dogmata
379 2373 624 2445 quaedam
697 2373 1001 2430 Christiana
1067 2375 1324 2445 tetigisse,
1395 2375 1641 2429 Hertzius

73 2466 426 2536 compluribus
467 2467 797 2538 argumentis
850 2467 1122 2536 probavit,
1172 2467 1287 2521 veri
1334 2467 1527 2521 saltem
1569 2467 1639 2521 si-

73 2557 340 2613 millimum
396 2557 646 2613 reddidit.
712 2578 729 2610 ι
765 2557 822 2614 Si
863 2557 1219 2627 fragmentum
1271 2557 1641 2610 tantummodo

74 2657 170 2715 est,
193 2649 382 2718 inquit,
417 2648 560 2719 quod
585 2659 782 2717 exstat,
814 2651 858 2704 si
885 2649 1010 2704 huic
1033 2648 1307 2718 praecessit
1332 2648 1640 2718 dogmatttm

74 2737 415 2806 quorumdam
474 2736 905 2794 Christianorum
965 2739 1256 2808 expositio,
1301 2738 1562 2797 absonum
1611 2755 1642 2794 a

80 2844 196 2882 vero
227 2829 354 2884 mihi
381 2829 601 2900 quidem
631 2846 736 2885 non
783 2831 993 2886 videtur
1019 2830 1339 2884 Christiana:
1363 2833 1644 2902 religionis

75 2923 362 2992 apologiam
395 2937 497 2977 suo
526 2938 642 2977 azvo
682 2924 1141 2978 accommodatam
1178 2923 1468 2980 Firmicum
1515 2940 1643 2980 cou-

74 3015 367 3085 scripsisse,
415 3015 740 3086 mutatisque
778 3013 896 3085 qua:
941 3031 1037 3096 pro
1089 3016 1296 3070 ratione
1340 3024 1643 3085 temporum

76 3109 315 3164 mutanda
365 3110 698 3176 viderentur,
753 3110 1001 3165 eumdem
1056 3112 1105 3164 in
1157 3111 1256 3165 hac.
1306 3111 1641 3179 adornanda,

1742 2005 2002 2061 Johannis
2042 2007 2304 2076 Oporini,
2350 2022 2492 2061 anno
2540 2008 2677 2064 1562
2709 2049 2724 2074 ,
2787 2007 2941 2063 in-8°.
3005 2007 3314 2066 Prtefatiou.

1743 2100 2062 2170 subscripsit
2093 2100 2242 2154 Matt.
2276 2100 2424 2155 Flac.
2449 2099 2704 2155 llliricus.
2735 2099 2910 2154 Editio
2938 2099 3210 2169 Princeps.

1812 2223 1874 2234 —
1909 2192 2103 2260 Paris.,
2139 2194 2302 2249 1575.
2431 2190 2448 2209 '

1813 2314 1885 2325 —
1911 2281 2043 2338 Cum
2067 2283 2442 2356 Mythologicis
2459 2284 2662 2340 Latinis
2675 2299 2800 2340 cura
2829 2284 3140 2357 Hieronymi
3160 2280 3320 2338 Cttlll-

1746 2378 1950 2433 melini.
1987 2377 2359 2449 Heidelberge,
2395 2379 2556 2444 1599,
2591 2381 2756 2435 iit-8°.

1814 2498 1883 2508 —
1907 2469 2106 2534 Paris.,
2138 2469 2297 2525 1610.

1811 2587 1884 2598 -
1905 2559 2009 2612 Jul.
2039 2559 2304 2614 Firmicus
2333 2561 2400 2615 de
2428 2563 2628 2617 Errore
2682 2562 2962 2617 Prol'auar.
2997 2563 3319 2632 religionum

1744 2649 1830 2704 Jo.
1865 2665 1892 2702 a
1923 2649 2142 2705 Wower
2174 2654 2444 2706 recensuit
2472 2655 2808 2726 (llamhurgi)
2840 2657 2999 2723 l60'5,
3022 2656 3176 2712 in.8°.

1818 2772 1886 2784 ——-
1911 2743 2043 2797 Cum
2075 2743 2298 2798 Minutio
2323 2743 2522 2799 Felice.
2553 2743 2768 2808 Oxouii,
2806 2747 2961 2801 1662.
2992 2749 3042 2801 in
3077 2748 3152 2803 8°.

1815 2864 1884 2873 —
1915 2834 1970 2888 In
2002 2832 2256 2905 Cypriani
2281 2835 2532 2906 operibus
2566 2837 2632 2891 ed
2659 2838 2887 2906 Philippi
2920 2841 2970 2893 le
3001 2840 3209 2894 Prieur.

1815 2954 1885 2965 ——
1911 2923 2108 2992 Paris.,
2146 2925 2300 2981 1666.
2337 2928 2388 2980 in
2411 2927 2559 2982 folio.

1817 3049 1885 3060 -—
1910 3020 2042 3074 Cum
2074 3020 2216 3084 uotis
2243 3020 2502 3086 Woweri,
2530 3019 2679 3076 Oxon
2715 3021 2872 3088 1678,
2903 3022 3071 3076 ἰιι-8ο.

1818 3141 1888 3150 —-
1921 3109 1973 3163 lu
2000 3110 2246 3165 Gallaud.
2270 3111 2409 3175 Bibl.
2442 3111 2655 3167 Patrum
2682 3121 2810 3166 tom.
2850 3129 2902 3178 v,
2931 3111 2999 3167 65
3029 3128 3145 3183 seq.

75 3217 222 3272 quem
253 3204 463 3274 priores
505 3205 813 3277 apologetas
851 3218 1098 3259 servasse
1131 3204 1360 3272 videret,
1403 3206 1646 3262 ordinem
1676 3223 1722 3286 ρ
1822 3233 1891 3243 -
1923 3201 2972 3270 luBibliothecaP.P.Maxintd’tom.IV,
2995 3204 3321 3274 p.164-l79.

77 3295 319 3351 tenuisse.
352 3315 372 3352 ι
420 3297 534 3352 Hoc
559 3296 774 3367 quidem
835 3296 1049 3352 ilertzio
1093 3297 1285 3352 lubens
1335 3298 1556 3367 largior,
1600 3300 1644 3353 si

78 3390 228 3442 modo
256 3390 575 3445 brevissime
602 3390 834 3444 iudicata
865 3391 1044 3459 potius
1066 3407 1222 3458 quam
1252 3394 1493 3460 exposita
1530 3391 1647 3447 fue-

75 3482 194 3533 rint.
235 3479 335 3535 Ubi
383 3496 514 3536 vero
557 3482 703 3546 addit
742 3500 753 3535 :
794 3501 814 3534 ‹
866 3483 1062 3536 Divina
1120 3499 1316 3552 nempe
1371 3485 1646 3553 religionis

77 3569 308 3638 dogmata
351 3565 515 3641 atque
553 3587 727 3638 sacra,
771 3589 869 3628 nec
898 3590 1001 3629 non
1051 3576 1289 3644 integros
1311 3575 1648 3630 Christiano-

77 3677 183 3715 rum
231 3678 411 3718 mores
461 3665 513 3719 in
557 3666 720 3733 priori
751 3674 1013 3721 tractatus
1059 3676 1210 3736 parte
1249 3667 1509 3731 adversus
1553 3669 1647 3722 ob-

79 3754 416 3810 trectationes
460 3754 753 3811 Gentilium
803 3755 1065 3822 defendit,
1107 3757 1158 3810 iu
1204 3758 1489 3828 posteriori
1519 3773 1648 3814 vero

77 3845 413 3910 profanarum
447 3846 651 3902 detexit
685 3847 1004 3918 religionum
1031 3864 1276 3914 errores;
1316 3869 1334 3903 ι
1380 3851 1644 3905 monebo:

79 3929 356 3990 Firmienm
377 3937 557 4006 potius
575 3937 867 3993 adversarii
882 3941 1281 4009 superstitionis
1298 3941 1646 3997 Ethnicorum

76 4035 226 4090 quam
255 4026 558 4097 apologeta:
599 4029 865 4098 dogmatis
891 4030 1174 4100 cultusque
1206 4030 1494 4086 Christiani
1536 4047 1650 4101 per—

78 4132 252 4174 sriuam
284 4121 485 4192 egisse.
529 4121 845 4194 Neqneilla
886 4125 1112 4192 amplius
1153 4132 1309 4177 aetate
1352 4140 1487 4193 opus
1535 4135 1650 4179 erat

78 4213 309 4285 apologis
332 4231 400 4270 eo
426 4230 610 4282 sensu,
635 4231 741 4286 quo
765 4217 832 4270 ab
859 4215 1221 4284 Athenagora,
1253 4215 1490 4280 Justino,
1517 4215 1647 4269 Ter-

79 4304 311 4370 tulliano,
341 4305 577 4359 Minucio
597 4304 798 4368 Felice,
831 4304 1079 4371 aliisque,
1109 4302 1338 4358 ﬂorente
1369 4304 1647 4358 numinum

75 4395 232 4459 cultu,
253 4396 581 4465 conscripta:
598 4403 770 4450 erant.
803 4392 1044 4462 Namque
1067 4393 1508 4447 Constantiniano
1533 4410 1649 4450 aevo

75 4497 255 4537 omnes
280 4484 394 4551 jam
427 4484 772 4538 Ethnicorum
807 4497 891 4536 res
915 4481 1267 4548 vacillabant;
1299 4485 1648 4552 imperatores

1821 3295 2206 3366 luN.Rigaltii
2259 3295 2345 3349 ed.
2397 3296 2608 3350 Minucii
2655 3296 2854 3350 Felicis
2884 3305 2939 3350 et
2965 3295 3211 3367 Cypriani
3258 3296 3326 3349 tle

1748 3389 2017 3443 ldolorum
2053 3388 2309 3454 vanitate,
2340 3403 2457 3442 cum
2492 3390 2634 3442 notis
2672 3388 2720 3443 J.
2745 3404 2774 3461 ξε
2805 3387 3043 3454 Wower,
3071 3403 3172 3442 una
3203 3403 3323 3441 cum

1751 3495 1893 3534 novo
1920 3479 2115 3534 indice.
2141 3479 2312 3550 Lugd.
2348 3480 2560 3546 Batav.,
2595 3479 2754 3545 1645,
2786 3479 2948 3534 iit-8°.

1819 3603 1887 3615 -—
1915 3572 2046 3626 Ead.
2072 3572 2238 3627 editio
2259 3576 2508 3642 repetita,
2536 3574 2824 3628 accedente
2847 3587 2976 3628 cura
2998 3572 3112 3627 Jac.
3139 3571 3327 3626 Oiselii

1750 3663 1918 3733 Lugd.
1951 3662 2093 3726 Bat.,
2128 3663 2286 3729 1652,
2319 3664 2483 3717 iii-4°.
3319 3714 3323 3721 .

1820 3783 1890 3793 —
1920 3754 1973 3807 In
2001 3753 2115 3808 Jac.
2141 3795 2154 3817 ,
2184 3752 2366 3807 Oiselii
2413 3753 2644 3809 Minucio
2686 3752 2883 3807 Felice.
2910 3753 3080 3822 Lugd.
3116 3752 3326 3818 Batav.,

1753 3847 1909 3912 1672,
1943 3847 2104 3902 iit-8°.

1822 3968 1890 3978 ——
1921 3938 2153 3993 Minucio
2181 3936 2346 3993 Felici
2371 3937 2458 3992 ed.
2494 3937 2542 3992 le
2573 3937 2734 3992 Maire
2765 3936 3068 4006 adjunctus
3096 3978 3108 4001 ,
3159 3935 3326 4005 Lugd.

1752 4029 1869 4084 Bal.
1905 4029 2060 4082 1652.
2085 4029 2186 4095 Qu.

1822 4151 1889 4159 —
1923 4120 1974 4174 In
2001 4120 2183 4173 Jacobi
2214 4120 2470 4174 Gronovii
2499 4120 2729 4172 Minucio
2767 4120 2946 4173 Felice
2977 4130 3031 4173 et
3059 4120 3330 4189 Cypriane

1751 4211 2098 4266 deldolorum
2117 4212 2384 4265 Vanitate.
2414 4211 2579 4279 Lugd.
2603 4211 2745 4275 Bat.,
2767 4211 2926 4265 1709.
2947 4212 3144 4266 Eadem
3164 4213 3322 4277 edit.,

1750 4319 1868 4358 cum
1899 4317 2038 4355 novo
2061 4303 2249 4355 saltem
2275 4302 2445 4366 titulo,
2467 4303 2665 4371 prodiit
2689 4303 2947 4358 Roterod.
2975 4305 3131 4368 17415,
3162 4304 3324 4360 iit-8’.

1821 4424 1890 4436 —
1939 4392 2072 4448 Cum
2123 4394 2367 4448 Aruobio
2441 4395 2492 4448 in
2545 4394 2785 4449 editione
2844 4395 2947 4449 PP.
3011 4395 3329 4452 Latinorum

1751 4487 2168 4543 Oberthuriaua.
2218 4487 2557 4559 Wircebprgi
2582 4531 2594 4553 ,
2633 4490 2772 4544 1785
2799 4533 2812 4555 ,
2841 4490 2952 4544 vol.
2987 4490 3051 4545 V.
3099 4491 3175 4545 Ex
3225 4506 3331 4562 qua

74 4585 186 4626 sese
223 4571 446 4628 Christo
487 4573 839 4635 addixerunt;
871 4574 1130 4628 immensa
1164 4573 1437 4629 hominum
1469 4577 1648 4630 ntulti-
1682 4588 1727 4648 ι)
1757 4577 1968 4633 Firmici
2005 4588 2206 4633 textum
2232 4579 2282 4632 in
2316 4578 2522 4658 singula
2556 4581 2728 4649 capita
2761 4580 2943 4634 divisi.

77 4661 196 4715 tudo
222 4678 346 4719 aras
391 4663 614 4719 deorum
660 4663 1005 4730 deseruerat;
1051 4667 1192 4737 leges
1228 4667 1335 4738 jam
1369 4669 1420 4722 in
1455 4668 1646 4723 Ethni-

1827 4669 2041 4740 Belgice
2057 4671 2476 4741 vertitnotisque
2497 4666 2782 4726 illustravit
2802 4671 2864 4725 G.
2888 4671 3140 4738 Kempl‘er
3175 4673 3328 4726 l7l8.

75 4793 3331 4822 ww.—

730 4886 1070 4971 .JULII
1146 4888 1607 4975 FIRMICI
1682 4893 2212 4975 MATERNI
2284 4894 2395 4974 V.
2472 4893 2573 4973 C.

491 5058 634 5208 DE
740 5057 1172 5210 llllllllllll
1282 5060 2057 5212 PROFANARUM
2164 5059 2900 5212 RELIGIO‘NUM.

670 5393 1043 5470 PMEMIUM.

79 5517 1609 5544 ιιιοοοοοοοισοοοιοουοοιατο.

72 5581 199 5648 quod
224 5570 277 5635 in
308 5577 673 5634 fabricatione
704 5574 938 5630 hominis
963 5574 1160 5631 artifex
1184 5574 1308 5629 fecit
1327 5581 1376 5640 α,
1399 5579 1459 5625 ut
1488 5580 1645 5624 antea

139 5723 164 5751 ιι
190 5713 266 5769 De
302 5713 505 5766 lacuna
543 5708 778 5763 diximus
829 5707 879 5760 in
910 5706 1241 5780 praefatione
1293 5701 1425 5780 (Col.
1482 5716 1660 5780 prtem,

77 5801 123 5839 η.
148 5784 256 5838 VIII
290 5780 472 5850 init.),
529 5779 615 5833 ubi
660 5791 879 5850 quoque
909 5773 1106 5850 Hertzii
1138 5774 1454 5830 sententiam
1486 5773 1669 5850 attuli-

86 5871 196 5911 mus
238 5854 310 5910 de
362 5841 603 5907 omissis.
658 5841 807 5904 liaud
857 5850 923 5901 ita
975 5847 1139 5901 multa
1191 5859 1252 5899 ea
1304 5856 1443 5908 esse,
1502 5841 1663 5895 verba

1753 5385 2016 5453 diximus,
2073 5395 2265 5448 annuis
2314 5396 2646 5462 perditorum
2700 5397 3214 5453 commonitionibus
3272 5411 3336 5451 ac

1754 5479 2327 5540 communicationibus
2355 5489 2664 5556 specialiter
2688 5488 2978 5543 retexenda
3031 5495 3155 5540 sunt
3182 5485 3230 5539 1'.
3270 5487 3328 5542 lu

1755 5569 2185 5629 testiﬁcationem
2217 5579 2456 5632 veritatis
2485 5580 2792 5635 manifestis.
2820 5579 3121 5634 rationibus
3151 5593 3338 5632 exem-

1771 5699 1931 5760 Flacii
1966 5705 2203 5762 indicare
2228 5711 2494 5764 videntur.

1845 5778 1870 5816 ι)
1902 5774 2112 5834 Priores
2143 5777 2405 5837 editiones
2434 5782 2765 5852 conjunguut
2790 5785 2952 5840 verba
3001 5786 3051 5838 in
3101 5788 3342 5856 testiﬁco-
