3936 6410
163 417 263 478 985

1055 405 1144 463 DE
1185 399 1463 461 ERROHE
1502 393 1974 462 PROFANARUM
2013 393 2460 456 ιιιειιςιοιιιιιι.

3301 398 3405 456 986

166 545 215 595 et
236 527 442 589 Anubin
470 533 782 584 venatorem
809 533 857 580 ι.
901 522 1000 580 Cui
1037 523 1160 579 ideo
1201 522 1452 577 caninum
1503 524 1668 588 caput
1694 513 1722 554 δ
1749 515 1805 577 Α
1827 512 1919 568 llla
1947 555 1962 581 ,
2002 529 2162 586 quam
2205 515 2436 586 despicis
2451 512 2500 583 ιι,
2530 514 2694 587 ignita
2724 515 3018 572 venerandi
3041 515 3263 586 spiritus
3289 529 3409 572 ma-

167 625 458 698 impositum
487 629 593 689 est,
615 621 740 691 quia
767 616 988 673 lacerati
1018 614 1263 685 corporis
1285 620 1469 684 partes
1499 608 1729 665 artificio

166 722 304 778 canis
339 711 652 785 vestigantis
697 711 918 767 invenit.
961 709 1051 766 Sic
1089 709 1366 764 inventum
1400 704 1594 760 Osirim
1630 700 1732 757 lsis

165 808 368 867 tradidit
396 804 708 876 sepultum.
752 800 990 857 Fuerant
1023 813 1152 855 sane
1176 798 1228 852 hi
1259 795 1398 868 apud
1438 793 1727 864 Egyptum

164 914 309 971 reges
341 909 360 936 ε
391 895 596 968 pariter
617 907 679 948 ac
706 890 952 966 tyranni,
982 889 1074 945 sed
1104 888 1274 944 Osiris
1295 887 1474 957 justus
1495 926 1508 950 ,
1533 893 1731 953 praeter

91 1001 94 1004 ’
165 992 308 1059 illud,
338 988 482 1061 quod
506 999 845 1052 eum_sorore
875 982 1169 1039 commisit.
1193 979 1416 1052 Typhon
1459 977 1724 1040 furiosus,

164 1085 416 1153 impotens
445 1093 508 1133 ac
524 1075 812 1149 superbus.
838 1073 966 1130 ideo
989 1072 1078 1128 ille
1104 1071 1322 1138 colitur,
1348 1070 1450 1124 iste
1473 1063 1726 1122 vitaturd.

164 1173 279 1229 Hzce
307 1179 387 1227 est
409 1169 569 1225 Isiaci
597 1165 735 1224 sacri
757 1179 982 1222 summa.
1017 1164 1074 1218 In
1096 1162 1268 1234 adytis
1298 1161 1495 1216 habent
1527 1158 1728 1213 idolum

163 1261 377 1321 Osiridis
404 1260 676 1331 sepultum
712 1275 725 1310 :
759 1257 860 1312 hoc
886 1255 1080 1311 annuis
1125 1253 1356 1310 luctibus
1394 1253 1649 1322 plangunt
1679 1261 1726 1320 ο,

161 1353 344 1409 radunt
365 1350 546 1420 capita
577 1347 622 1415 τ,
655 1356 712 1404 ut
741 1347 1106 1403 miserandum
1129 1359 1313 1400 casum
1337 1345 1478 1414 regis
1505 1345 1586 1398 sui
1619 1351 1732 1396 tur-

160 1441 391 1514 pitudine
413 1439 752 1496 dehonestati
770 1437 1000 1494 deﬂeant
1015 1435 1659 1508 capitis,tunduntpectus
1679 1445 1725 1503 Β,

158 1537 384 1591 lacerant
412 1532 647 1588 lacertos
677 1572 690 1594 ,
724 1539 968 1584 veterum
1001 1528 1280 1582 vulnerum
1310 1536 1557 1582 resecant
1579 1525 1723 1581 cica-

159 1627 345 1693 trices,
387 1633 443 1680 ut
474 1623 669 1680 annuis
698 1621 928 1678 luctibus
951 1622 1004 1676 in
1035 1620 1229 1676 animis
1264 1635 1452 1674 eorum
1502 1619 1728 1676 funesta:

156 1735 214 1776 ac
239 1719 553 1775 miserandae
580 1717 728 1774 necis
753 1717 975 1771 exitium
1006 1723 1340 1771 renascatur.
1372 1715 1439 1771 Et
1465 1729 1586 1770 cum
1612 1713 1728 1770 hmc

156 1811 306 1868 certis
335 1809 526 1865 diebus
565 1809 829 1876 fecerint,
874 1818 997 1862 tunc
1028 1809 1232 1878 lingunt
1269 1822 1331 1863 se
1357 1807 1580 1862 lacerati
1608 1822 1728 1863 cor-

1827 608 2023 679 jestate
2051 599 2373 665 decoratur‘
2401 627 2412 663 :
2443 619 2502 664 ut
2529 624 2597 665 ex
2623 609 2737 679 ipsa
2761 625 2858 679 per
2883 619 3098 666 veteres
3124 610 3408 666 conscien-

1829 702 1915 756 tiae
1931 703 2211 758 cicatrices
2232 703 2576 759 credentibus
2603 703 2912 758 hominibus
2935 704 3183 760 salutaris
3205 705 3411 760 sanitas

1830 794 2104 865 irrigetur.
2160 794 2267 850 Sed
2310 795 2362 850 in
2407 795 2490 850 his
2545 793 2825 850 funeribus
2865 802 2922 850 et
2962 794 3238 860 luctibus,
3285 809 3408 866 qua:
3481 855 3483 857 ,

1829 904 1956 944 vere
1999 898 2124 944 sunt
2164 889 2350 944 funera
2377 930 2392 956 ,
2424 904 2545 959 qum
2572 888 2708 943 facta
2737 897 2887 958 sunt,
2932 904 3159 958 quorum
3192 897 3410 944 exstant

1785 1006 1800 1018 κ-
1831 979 1989 1036 hodie
2017 995 2231 1052 quoque
2261 981 2503 1052 reliquiae
2530 965 2696 1053 (nam
2741 989 2798 1037 et
2841 982 3150 1053 sepulcrum
3175 981 3408 1038 Osiridis

1828 1071 1988 1129 hodie
2016 1074 2068 1128 in
2099 1072 2330 1144 Egypto
2354 1082 2438 1130 est
2461 1073 2522 1141 ",
2555 1082 2610 1128 et
2634 1075 2859 1130 cremati
2882 1075 3130 1147 corporis
3159 1075 3407 1145 reliquiae

1827 1149 2122 1221 cernuntur
2147 1165 2196 1235 “)
2227 1165 2542 1222 defensores
2568 1181 2754 1222 eorum
2780 1168 2971 1222 volunt
2998 1166 3200 1223 addere
3225 1167 3410 1238 physi-

1828 1273 1947 1314 cam
2010 1257 2300 1316 rationem.
2347 1257 2580 1328 Frugum
2628 1259 2832 1314 semina
2877 1259 3078 1315 Osirim
3110 1267 3135 1295 ο
3163 1259 3408 1315 dicentes

1827 1365 1947 1407 esse
1973 1391 1987 1416 ,
2022 1350 2130 1406 lsin
2163 1359 2360 1406 terrain
2390 1361 2440 1416 P,
2469 1349 2784 1422 Typhonem
2823 1351 3061 1407 calorem
3084 1361 3112 1401 ιι
3145 1370 3159 1408 :
3189 1359 3244 1406 et
3283 1351 3407 1420 quia

1829 1450 2105 1496 maturata:
2130 1439 2311 1510 fruges
2331 1441 2509 1495 calore
2529 1482 2543 1506 ,
2575 1441 2640 1496 ad
2679 1441 2842 1496 vitam
2875 1440 3109 1496 hominis
3134 1441 3402 1510 colligun-

1829 1542 1916 1587 tur
1938 1574 1953 1600 ,
1984 1540 2039 1587 et
2067 1547 2097 1587 a
2129 1542 2286 1587 terrze
2315 1531 2587 1586 consortio
2616 1540 2966 1600 separantur,
3006 1539 3063 1586 et
3091 1545 3279 1586 rursus
3306 1545 3404 1602 ap-

1828 1627 2220 1696 propinquante
2252 1625 2445 1695 hyeme
2481 1624 2818 1680 seminantur
2839 1665 2856 1691 ,
2889 1625 3028 1680 bane
3064 1625 3255 1680 volunt
3283 1637 3406 1681 csse

1830 1727 2056 1774 mortem
2077 1717 2324 1785 Osiridis,
2347 1732 2469 1772 cum
2495 1715 2676 1789 fruges
2696 1717 2931 1772 reddunt
2957 1727 3005 1782 νς
3039 1716 3404 1772 inventionem

1828 1825 1979 1877 vero,
2004 1825 2127 1865 eum
2148 1809 2325 1880 fruges
2348 1809 2570 1880 genitali
2599 1817 2621 1844 ⁸
2653 1817 2812 1865 terrae
2834 1809 3074 1866 fomento
3097 1817 3398 1878 conceptae,

159 1903 295 1973 poris
342 1900 597 1970 reliquias
645 1900 885 1969 reperire
911 1939 926 1962 ,
966 1908 1018 1952 et
1051 1913 1168 1952 cum
1197 1899 1518 1962 invenerint,
1570 1900 1718 1969 quasi
1750 1892 1799 1952 B
1827 1919 1961 1959 nova
2002 1917 2189 1958 rursus
2215 1903 2496 1974 coeperint
2526 1902 2904 1972 procreatione
2937 1903 3211 1973 generari.
3259 1901 3408 1958 Pone

155 1993 333 2064 sopitis
359 1993 616 2059 luctibus,
644 1991 878 2061 gaudent
903 1988 950 2044 ιι.
979 1989 1023 2045 Ο
1053 1992 1248 2046 misera
1276 2001 1331 2045 et
1359 1991 1558 2045 caduca
1585 2008 1726 2046 mor-

157 2083 322 2139 talitas
349 2124 364 2150 ,
405 2093 465 2138 ut
503 2082 717 2153 regibus
750 2082 855 2137 tuis
892 2097 985 2152 per
1019 2097 1189 2136 annos
1219 2082 1460 2152 singulos
1491 2084 1728 2138 funestas

156 2175 328 2230 mittas
349 2173 573 2230 inferias
593 2215 606 2240 ,
637 2173 884 2244 neglecto
910 2175 1020 2229 Deo
1051 2189 1293 2240 summe,
1325 2177 1412 2246 qui
1442 2177 1622 2230 omnia
1647 2177 1728 2232 di-

157 2266 256 2320 vini
287 2264 495 2320 artificii
525 2263 899 2320 moderatione
937 2265 1280 2336 composuit,
1321 2275 1373 2320 et
1403 2282 1549 2337 spem
1582 2277 1725 2322 tuam

159 2356 329 2427 perdis
372 2365 427 2411 et
462 2356 644 2410 vitam.
689 2354 797 2410 Nec
827 2357 1028 2410 ostensi
1061 2355 1151 2411 tibi
1197 2357 1413 2411 luminis
1441 2357 1729 2426 splendore

157 2448 460 2518 corrigeris,
490 2463 589 2504 nec
617 2457 948 2518 recuperata:
971 2449 1230 2503 libertatis
1253 2451 1449 2518 (ιιιιῐιιίε
1479 2452 1726 2520 insignia,

159 2555 254 2594 nec
278 2555 426 2607 spem
451 2541 674 2595 reddita:
705 2540 805 2594 tibi
834 2540 1022 2593 salutis
1047 2541 1313 2611 agnoscis,
1342 2558 1439 2596 nec
1461 2557 1526 2596 cx
1558 2545 1729 2612 [‘(Blli-

160 2632 316 2685 tentia
346 2633 740 2702 przrteritorum
767 2631 1046 2686 criminum
1065 2632 1447 2702 indulgentiam
1465 2637 1722 2704 postulas.

160 2723 375 2779 Frustra
401 2723 495 2778 tibi
526 2725 665 2778 hanc
706 2739 901 2793 aquam
928 2765 944 2789 ,
990 2739 1146 2794 quam
1193 2726 1325 2780 colis
1366 2727 1408 2793 ί,
1444 2737 1598 2795 putas
1625 2729 1726 2784 ali-

160 2813 365 2883 quando
394 2813 672 2884 prodesse.
705 2814 821 2869 Alia
851 2824 934 2870 est
959 2830 1115 2884 aqua,
1150 2832 1250 2885 qua
1277 2820 1518 2874 renovati
1553 2819 1728 2875 homi-

161 2918 250 2958 nes
273 2913 648 2960 renascuntnr.
675 2903 822 2958 llane
850 2919 1062 2974 aquam,
1099 2922 1252 2975 quam
1277 2908 1410 2962 colis
1438 2925 1728 2984 perﬂannos

161 2996 410 3066 singulos,
440 2997 519 3052 vis
547 2999 654 3051 alia
679 2997 915 3052 decoctis
945 3013 1201 3053 venarum
1232 3003 1496 3059 meatibus
1523 3005 1720 3075 siccat,

159 3095 246 3143 aut
275 3096 420 3146 certe
446 3089 690 3146 funestus
730 3091 872 3161 regis
903 3090 977 3145 tui
1008 3091 1020 3142 t'
1074 3094 1288 3162 sanguis
1333 3099 1713 3154 commaculat.

227 3223 494 3280 “Rectius
544 3227 681 3280 forte
725 3226 1041 3281 latratorcm.
1099 3227 1189 3282 Sic
1230 3231 1446 3283 latrator
1506 3233 1720 3291 Anubis.

160 3297 290 3362 apud
325 3296 512 3365 Virgil.
544 3296 671 3351 Ain.
705 3311 819 3361 viti,
850 3298 952 3352 698
977 3315 991 3361 ;
1017 3309 1070 3350 et
1095 3301 1289 3354 latrans
1330 3301 1546 3366 Anubis,
1594 3307 1721 3360 l’ro-

162 3375 290 3434 pert.
323 3367 552 3434 Elegiar.
588 3368 681 3420 lib.
713 3382 793 3429 ιιι,
827 3368 966 3434 eleg.
1000 3369 1083 3431 10,
1123 3385 1172 3422 ν.
1222 3371 1310 3434 41,
1346 3373 1447 3425 nisi
1498 3385 1724 3430 venator

159 3433 379 3497 dicatur,
411 3433 534 3502 quia
561 3436 788 3489 artificio
819 3433 968 3490 canis
995 3433 1336 3505 vestigantis,
1387 3455 1444 3496 ut
1487 3445 1562 3496 ait
1609 3444 1725 3499 Fir-

161 3505 345 3577 mi_cu_s,
370 3505 862 3577 laceraticorrporis
884 3517 1065 3577 partes
1097 3509 1326 3564 invenit.

221 3571 247 3610 δ
275 3574 685 3646 Cynocephalus
708 3571 956 3646 inventor
983 3576 1183 3630 dicitur
1214 3581 1351 3646 apud
1389 3581 1587 3637 Minue.
1621 3583 1722 3638 Fc-

159 3643 398 3728 l‘icemjn
432 3643 620 3728 (ξριτιξ.
653 3659 704 3698 c.
734 3644 948 3725 ἐμεῖο
1001 3643 1614 3728 qunque-describitun
1655 3654 1720 3707 ad

159 3713 374 3789 Apuleio
397 3730 410 3767 :
448 3715 871 3789 Attollenseauis
899 3713 1332 3789 ceruicesarduas
1353 3723 1568 3789 Anubis,
1597 3723 1724 3778 lwva

159 3783 427 3856 caduceum
457 3803 652 3856 geretis.
686 3784 945 3856 Athanas.
973 3789 1078 3842 καθ’
1102 3788 1230 3841 Ἑλλ.
1255 3806 1305 3844 c.
1334 3791 1389 3845 9.

225 3864 244 3891 ε
265 3855 613 3932 §ynesi_ns_d_e
632 3855 980 3910 Providentia
1013 3875 1063 3927 p.
1089 3859 1151 3913 91
1179 3874 1294 3929 seq.
1324 3877 1489 3932 usque
1509 3863 1575 3918 ad
1601 3864 1724 3931 121,

157 3923 237 3976 ed.
269 3923 491 3979 Petavii.
524 3927 698 3982 Wow.

221 3991 246 4029 ἀ
287 3996 578 4072 (_Jol_e_batur
628 4007 804 4072 tamen
865 3999 917 4072 in
975 3998 1136 4072 l_dolis
1191 4003 1537 4072 templisque.
1591 4005 1726 4061 V'ide

155 4062 580 4143 Iliorlaciitnel
620 4069 816 4143 Progr.
852 4069 930 4143 de
973 4069 1272 4143 Typhoniis
1308 4062 1720 4143 'z‘Eg'yptiorum.

158 4133 348 4190 llafnia:
373 4180 388 4202 ,
425 4138 588 4194 189.2.
619 4133 820 4194 Horum
851 4133 1254 4211 Typhoniorum
1280 4133 1521 4212 reliquiae
1549 4145 1725 4200 adhuc

154 4218 455 4278 supersunt.

222 4286 244 4313 ο
270 4277 528 4334 Athanas.
561 4279 670 4336 καθ’
690 4279 926 4340 Ἐλλήνων
951 4295 998 4333 c.
1029 4278 1113 4332 10.
1147 4277 1324 4333 Wow.

222 4344 240 4383 ί
273 4348 527 4404 Plutarch
548 4350 615 4404 de
647 4351 782 4404 Iside
813 4363 866 4405 et
891 4348 1097 4403 Osiridc
1121 4364 1170 4402 c.
1191 4351 1242 4412 4;
1265 4351 1528 4405 Artemid.
1563 4351 1724 4407 Onei-

153 4419 328 4490 rocrit.
359 4435 399 4485 ι,
433 4436 486 4475 c.
531 4421 622 4485 25;
669 4420 864 4474 Euseb.
897 4419 1068 4490 Pra‘p.
1103 4419 1302 4490 Evang.
1337 4435 1392 4489 ιι,
1426 4437 1474 4476 c.
1508 4425 1558 4487 1;
1593 4423 1724 4478 Pru-

152 4485 291 4542 dent.
316 4505 366 4545 c.
392 4491 702 4559 Symmach.
729 4505 766 4555 ι,
793 4504 912 4543 vers
940 4485 1044 4543 609
1069 4511 1082 4546 :

267 4578 408 4642 lsidls
434 4579 660 4627 amissum
687 4590 881 4642 semper
907 4579 1182 4641 plangentis
1204 4580 1382 4630 Osirin.

270 4640 561 4702 Mimieaque
587 4648 640 4690 et
664 4640 862 4690 ridenda
883 4640 985 4691 suis
1009 4642 1243 4693 solemnia
1262 4645 1424 4694 calvis.

151 4741 352 4823 S_yn_esii
382 4747 688 4823 encomium
717 4749 1014 4823 φαλᾳκρίας,
1047 4747 1220 4823 βςξ9,
1249 4749 1336 4823 ed.
1366 4749 1548 4804 Petav.
1577 4751 1727 4823 ΑΤοιι-

151 4813 260 4898 deri
289 4828 472 4898 autem
505 4818 694 4898 solitos
725 4813 785 4872 ἰιι
829 4813 978 4898 luctu
1010 4813 1072 4872 ex
1101 4819 1390 4875 Plutarcho
1423 4827 1541 4898 περὶ
1568 4821 1726 4881 δεισι-

152 4883 402 4957 δαιμονίας
422 4894 480 4940 et
501 4888 619 4942 aliis
648 4899 857 4944 notum.
886 4887 1059 4943 WOW.

217 4956 239 5002 κ
273 4956 537 5011 llerodot.
569 4972 641 5021 Il,
685 4959 776 5021 61,
826 4959 926 5012 hoc
957 4958 1024 5013 de
1069 4958 1206 5014 festo
1233 4959 1390 5015 Isidis
1432 4962 1721 5019 Busiritico

152 5035 364 5100 narrat,
409 5037 579 5100 atque
620 5027 687 5100 de
714 5028 942 5100 (laribus
970 5030 1022 5082 in
1072 5029 1308 5100 Egypto
1355 5032 1720 5087 habitantibus

150 5095 320 5158 addit,
361 5111 462 5150 eos
496 5097 686 5150 cultris
715 5097 879 5151 facies
913 5095 1229 5155 vulnerare:
1257 5102 1569 5156 Lactantius
1597 5104 1715 5156 Div.

150 5161 268 5242 l_nst.
299 5181 337 5231 ι,
371 5181 422 5220 c.
453 5166 544 5242 21.
578 5165 741 5242 lsidis_
769 5166 1202 5242 Egyptiasacra
1237 5171 1404 5235 fiunt,
1453 5184 1719 5242 quatenus

151 5233 304 5286 lilium
347 5236 631 5304 parvulum
662 5239 744 5291 vel
790 5233 1082 5305 perdiderit
1123 5241 1209 5294 vel
1257 5233 1543 5296 invenerit.
1587 5243 1718 5298 Nam

151 5305 312 5381 primo
333 5305 646 5381 sacerdotes
667 5308 786 5375 ejus
807 5307 1118 5381 deglabrato
1133 5324 1361 5379 corpore
1382 5328 1475 5366 sua
1503 5325 1722 5381 pectora

150 5374 369 5452 tundunt
392 5385 454 5452 et
479 5374 856 5452 _iamantantur
879 5374 1078 5452 i_sic_ut
1107 5374 1266 5448 ipsa,
1298 5398 1418 5437 cum
1450 5374 1684 5452 perdidit
1704 5425 1720 5449 ,

151 5442 361 5517 fecerat.
392 5445 600 5517 Deinde
630 5462 761 5514 puer
793 5446 1105 5514 producitur
1130 5442 1286 5517 quasi
1337 5442 1587 5507 inventus
1614 5496 1627 5516 ,
1669 5442 1724 5509 et

151 5512 196 5566 in
220 5512 665 5587 lcetitiarlrluctus
695 5512 1066 5587 ille'mutatur.
1091 5512 1426 5587 TlieOpbilus
1444 5524 1510 5576 ad
1535 5512 1719 5577 Au'tol.

150 5597 185 5658 t_.
209 5600 256 5658 ei.
285 5583 372 5658 11.
407 5584 589 5658 Wovv.
614 5615 678 5658 οτ-
705 5586 1060 5658 Athenagora:
1091 5583 1276 5658 Legat.
1310 5607 1364 5653 e,
1392 5592 1490 5655 12;
1523 5592 1719 5649 Minue.

150 5651 303 5708 Felic.
321 5655 445 5710 Oct.
464 5655 845 5710 c.21.Similia
869 5651 1031 5711 habet
1055 5651 1270 5713 carmen
1296 5651 1361 5714 ad
1392 5651 1718 5717 senatorem.

149 5726 229 5802 μιιί
255 5741 286 5778 a
310 5726 578 5802 religione
603 5725 902 5802 christiana
933 5726 1244 5802 defecerat,
1279 5731 1332 5784 in
1364 5730 1720 5802 Cyprianicis,

149 5789 487 5873 Lampridius
517 5796 570 5873 in
594 5795 913 5873 *Gommode
935 5812 984 5849 c.
1018 5789 1301 5873 9,.lsiac'os
1333 5789 1508 5871 pineis
1553 5789 1722 5873 usque

150 5861 212 5919 tui
237 5861 532 5938 perniciem
561 5866 745 5937 'peetns
773 5866 996 5926 tundere
1021 5871 1269 5940 cogebat;

1752 2954 1800 3016 C

1827 1995 1966 2048 hanc
1991 2008 2174 2048 veram
2206 2006 2326 2048 esse
2361 2008 2640 2048 sacrorum
2673 1993 2898 2048 istorum
2927 1995 3193 2049 rationem
3219 2035 3235 2057 ,
3265 2007 3407 2064 pone

1827 2072 2062 2156 propter
2096 2084 2272 2154 fruges
2309 2092 2433 2140 vota
2480 2083 2630 2140 reddi
2678 2083 3026 2150 numinibus,
3075 2084 3202 2154 quid
3249 2083 3408 2138 addis

1828 2179 2116 2240 incestum,
2143 2175 2268 2246 quid
2290 2175 2634 2240 adulterium,
2658 2174 2787 2245 quid
2817 2175 3138 2230 miserandae
3163 2175 3408 2230 animad-

1830 2270 2096 2324 versionis
2144 2267 2411 2323 exitium?
2463 2265 2600 2334 Quid
2644 2266 2956 2322 errantibus
3003 2267 3310 2321 hominibus
3353 2275 3410 2323 et

1827 2363 2142 2432 simpliciter
2215 2375 2438 2429 peccare
2513 2359 2857 2429 cupientibus
2922 2359 2991 2413 de
3061 2360 3232 2414 sacris
3298 2362 3406 2415 tuis

1827 2455 2024 2507 malum
2074 2460 2342 2506 monstras
2398 2449 2990 2519 excmpluntipbysica
3038 2451 3176 2504 ratio
3245 2464 3404 2517 quam

1824 2546 1978 2605 dicis,
2001 2545 2105 2597 alio
2121 2555 2319 2611 genere
2335 2540 2558 2595 celetur.
2579 2539 2715 2606 Quid
2742 2549 2920 2593 autem
2950 2539 3113 2593 celari
3139 2537 3404 2608 oportuit,

1829 2635 1971 2708 quod
1988 2634 2234 2689 omnibus
2265 2643 2448 2686 notum
2470 2631 2588 2685 est?
2616 2631 2721 2684 Cur
2766 2631 3020 2700 plangitis
3034 2630 3404 2700 frugesterrze,

1829 2737 1884 2784 ct
1927 2725 2227 2782 crescentia
2277 2720 2473 2791 lugetis
2523 2720 2773 2775 semina?
2821 2719 2904 2776 Ad
2956 2722 3405 2775 sustentationem

1830 2821 2044 2892 generis
2089 2815 2302 2870 humani
2333 2813 2448 2868 hate
2474 2813 2652 2866 omnia
2685 2812 2866 2867 divina
2909 2814 3103 2868 smnmi
3151 2813 3244 2866 Dei
3278 2813 3410 2867 libe-

1832 2913 2040 2968 ralitate
2065 2908 2258 2963 donata
2285 2912 2425 2959 sunt.
2453 2903 2684 2974 Agendae
2711 2911 2836 2957 sunt
2857 2918 3068 2958 summo
3091 2903 3200 2956 Deo
3224 2902 3409 2972 gratim
3495 2902 3499 2906 ’

1832 3013 2051 3076 propter
2082 3001 2182 3056 hoc
2207 3040 2222 3065 ,
2254 3012 2353 3052 nec
2397 3005 2479 3051 est
2527 2996 2718 3048 summi
2764 2995 2860 3050 Dei
2901 2994 3131 3064 lugenda
3175 2995 3408 3062 largitio.

1826 3098 2029 3156 Dellete
2061 3090 2235 3163 potius
2265 3089 2406 3159 quod
2435 3086 2631 3142 erratis
2654 3128 2669 3154 ,
2701 3095 2796 3152 et,
2837 3086 2977 3154 quod
3025 3101 3266 3141 errorem
3318 3100 3410 3141 ve-

1896 3232 1923 3270 h
1949 3231 2027 3285 De
2053 3225 2264 3296 perdito
2306 3221 2457 3277 Isidis
2491 3220 2599 3296 filio
2638 3221 2777 3275 idem
2802 3220 2975 3296 habet
3004 3220 3199 3296 Minue.
3237 3219 3410 3286 Felix,

1827 3321 1876 3361 e.
1909 3302 2002 3357 22.
2036 3290 2387 3358 Moainvento
2416 3291 2862 3362 parvulo,gaudet
2894 3290 3024 3363 Isis,
3049 3291 3305 3345 exsultant
3327 3308 3414 3344 sa-

1917 3374 2081 3425 dotea.
3300 3394 3303 3397 ·

1827 3393 2213 3495 αξαιῗῆῖῖᾇςιιιη
2239 3435 2405 3503 (ΡΙιιι.
2424 3433 2490 3486 de
2511 3431 2649 3485 lside
2672 3440 2722 3484 et
2741 3430 2963 3503 Osirider
2980 3445 3028 3503 c.
3049 3430 3127 3502 5),
3149 3431 3417 3502 aliamque

1828 3513 2076 3571 Fontinm
2091 3501 2390 3570 sacrorum,
2419 3503 2809 3570 fluminumque
2845 3502 2912 3554 ab
2929 3501 3172 3557 Ethnieis
3189 3504 3406 3558 cultam.

1902 3589 1915 3635 1
1952 3578 2200 3636 Osiridis.

1898 3656 1924 3716 ξι
1952 3652 2040 3706 Se.
2072 3647 2220 3716 Aqua
2240 3644 2522 3716 baptismi.

1903 3715 1919 3753 ¹
1957 3708 2159 3774 Alludil
2187 3715 2252 3768 ad
2298 3708 2578 3768 historiam
2609 3710 2858 3780 baptismi
2887 3708 3112 3766 Christi.
3146 3711 3277 3767 Luc.
3310 3728 3368 3767 ιιι
3397 3755 3411 3779 ,

1825 3795 1931 3857 21ς
1963 3791 2119 3846 Joan.
2143 3803 2182 3847 l,
2214 3785 2304 3857 3:2,
2337 3785 2426 3839 33.

1897 3851 1937 3900 ηδ
1964 3857 2214 3928 intelligit
2246 3855 2485 3928 Busirin,
2514 3854 2566 3928 in
2599 3870 2700 3925 qua
2731 3851 3108 3928 vaeca_iignea
3141 3852 3409 3928 inclusum

1827 3933 2055 3992 Osiridis
2093 3923 2290 3996 corpus
2330 3927 2398 3979 ab
2426 3925 2562 3980 Iside
2591 3923 2866 3996 sepultum
2893 3923 3058 3979 fuisse
3088 3925 3252 3978 tradit
3280 3925 3412 3980 Dio-

1826 4008 1994 4061 dorus
2021 3995 2236 4055 Siculus
2262 4013 2308 4061 ι,
2343 3996 2430 4051 85.
2468 3997 2616 4049 Alias
2643 3997 2762 4064 ejus
2790 3995 2950 4047 urbes
2981 3997 3312 4062 sepulcrales
3341 4011 3406 4050 ex

1830 4078 1937 4129 alia
1983 4070 2275 4126 traditione
2319 4067 2509 4119 eodem
2554 4067 2672 4118 loco
2718 4065 2918 4125 refert,
2950 4080 3187 4132 quarum
3215 4075 3412 4132 prmter

1828 4144 2040 4198 Busirin
2064 4137 2389 4191 celebriores
2408 4144 2564 4187 erant
2588 4134 2774 4196 Philm,
2809 4131 3027 4200 Abydus
3049 4142 3103 4186 et
3124 4133 3405 4202 Memphis.

1827 4215 2011 4282 Neque
2030 4209 2230 4282 reticet
2251 4204 2350 4258 Nili
2375 4204 2600 4274 abyssos
2625 4206 2766 4282 inter
2790 4203 3177 4282 Elephantinen
3207 4216 3257 4256 et
3276 4204 3410 4274 Sye-

1828 4271 1954 4338 nen'.
2003 4280 2136 4334 Vide
2174 4271 2499 4329 Creuzernin
2555 4289 2591 4336 ι,
2638 4272 2762 4326 259.
2811 4287 2927 4340 seq.
2962 4283 3013 4323 et
3043 4271 3405 4328 Commentat.

1830 4352 2162 4408 llerodoleas
2201 4361 2240 4407 l,
2280 4359 2337 4415 Ac.
2366 4344 2434 4415 εἰς,
2467 4342 2527 4413 ξς
2577 4344 2671 4407 10,
2715 4344 2808 4415 11,
2846 4343 2950 4394 15:
2992 4347 3084 4397 Καὶ
3114 4346 3170 4396 οὐ
3197 4345 3346 4415 μόνον
3375 4347 3400 4399 ὂ

1826 4428 1982 4497 τάφος
1997 4429 2085 4477 τοῦ
2108 4413 2357 4497 Ὀτξίηιδος
2382 4412 2807 4497 δείκνυταιηάλλόξ
2831 4415 2915 4467 καὶ
2938 4412 3210 4497 iapix-sia;
3243 4414 3408 4497 Allia-

1829 4483 1946 4548 ttas.
1970 4509 2020 4546 c.
2038 4493 2130 4544 25.
2152 4483 2311 4541 Mtilta
2335 4492 2633 4553 supersunt
2648 4483 2891 4554 Amuleta
2922 4483 3196 4553 nagypna,
3217 4486 3410 4554 quibus

1748 4535 1804 4595 Ῑ)
1828 4535 2621 4626 Safinihaii'aislamiae
2644 4535 2870 4609 omnis
2894 4535 3248 4608 uesanam:
3261 4535 3406 4626 (tibi:

1831 4637 2003 4692 tarch.
2029 4634 2096 4688 de
2120 4625 2266 4685 ls.’et
2288 4625 2378 4681 Os.
2406 4625 2552 4696 c.15)
2572 4634 2985 4696 repraesententur
3006 4641 3019 4689 ;
3044 4625 3277 4694 quorum
3294 4627 3408 4682 haec

1828 4739 1910 4785 est
1943 4730 2108 4799 figura
2143 4745 2156 4781 :
2186 4697 2288 4823 ΞΙΞ

1899 4832 1927 4860 ιι
1954 4821 2107 4878 Unde
2132 4817 2395 4875 Fin—uicus
2425 4819 2539 4874 hzec
2563 4819 2820 4881 hauserit,
2849 4817 3061 4870 nescius
3089 4831 3227 4870 sum.
3261 4817 3406 4873 Nova

1828 4894 2039 4946 videtur
2067 4906 2184 4944 esse
2214 4890 2412 4952 fabula,
2446 4904 2623 4958 neque
2653 4888 2806 4942 facile
2840 4903 2906 4942 ex
2940 4887 3269 4943 Euhemero.
3297 4891 3407 4945 Sed

1828 4967 1880 5018 in
1904 4963 2136 5033 )Egypto
2150 4960 2408 5033 cadavera
2432 4974 2727 5033 numquam
2739 4959 3139 5033 cremabantur.

1896 5035 1918 5064 °
1946 5027 2208 5099 A‘t'lt'enag.
2251 5045 2299 5082 c.
2335 5029 2429 5092 19;
2462 5028 2660 5082 Euseb.
2697 5027 2870 5096 Przep.
2916 5029 3121 5097 Evang.
3163 5045 3216 5090 Il,
3251 5044 3298 5081 c.
3349 5032 3402 5090 1,

1829 5119 1905 5156 ιιι.
1937 5119 1988 5156 c.
2021 5100 2118 5164 12,
2157 5099 2316 5153 aliter
2346 5099 2618 5153 Plutarch.
2648 5099 2715 5153 de
2758 5099 2826 5152 ls.
2867 5107 2921 5154 et
2947 5099 3039 5153 Os.
3069 5114 3119 5154 c.
3151 5100 3238 5152 55.
3270 5099 3407 5153 Vide

1828 5174 2044 5228 Suidam
2072 5170 2123 5241 in
2154 5170 2342 5241 Δόγμα,
2374 5168 2550 5241 Wow.

1899 5254 1925 5291 ιι
1955 5241 2034 5293 Cl.
2065 5237 2257 5292 Onzel.
2282 5239 2345 5292 ad
2378 5239 2572 5292 Minue.
2609 5237 2722 5292 Fel.
2758 5256 2810 5308 p.
2845 5239 2968 5306 162,
3003 5239 3123 5305 165,
3157 5247 3212 5291 et
3239 5237 3407 5292 Creu-

1829 5327 2010 5366 zerum
2039 5310 2405 5379 Symbolaund
2435 5308 2657 5378 Mytltol.
2691 5325 2761 5372 tv,
2786 5310 2911 5364 220.

1900 5393 1927 5432 (ι
1955 5377 2227 5435 Plutarch.
2253 5377 2326 5449 de
2350 5378 2421 5433 ls.
2455 5377 2508 5433 et
2528 5384 2621 5432 Os.
2649 5395 2699 5433 e.
2732 5382 2798 5435 55
2832 5398 2846 5433 :
2887 5379 3101 5449 Typhoa
3128 5386 3300 5449 uentus
3322 5394 3409 5429 ar-

1827 5454 1951 5507 dens
1977 5461 2024 5505 et
2048 5449 2286 5516 pestilens
2303 5448 2650 5504 Orientalibus
2669 5450 2877 5503 Seruum
2905 5448 3091 5518 dictus.
3110 5448 3407 5518 iJabloneky

1827 5523 2102 5576 Pantheon
2135 5518 2438 5588 Egyptior.
2474 5536 2561 5585 Ill,
2593 5521 2680 5584 84,
2709 5521 2800 5579 85,
2829 5520 2920 5583 91,
2952 5518 3042 5572 92.
3077 5517 3142 5571 γ.
3176 5517 3407 5570 Norher-

1827 5594 1898 5658 gii
1950 5593 2010 5645 D.
2061 5591 2127 5641 de
2155 5587 2370 5644 scmum
2413 5602 2579 5644 vento
2616 5592 2669 5643 in
2707 5589 2990 5657 Opnsculis
3026 5587 3362 5642 Academicis
3390 5629 3406 5653 ,

1828 5661 2056 5719 Londini
2083 5658 2310 5714 Gothor.
2339 5661 2495 5716 1819.
2526 5677 2600 5722 ιιι,
2630 5675 2683 5728 p.
2715 5660 2837 5714 502.

1904 5744 1925 5769 ι’
1957 5733 2098 5800 Lege
2129 5748 2141 5782 :
2171 5731 2476 5785 redduntur.
2503 5731 2680 5800 Wow.
2959 5799 2965 5800 γ
3056 5798 3063 5800 _
3115 5784 3118 5787 λ

1834 5852 1838 5872 ἶ
1903 5811 1923 5836 ³
1954 5797 2264 5872 Lectionem
2297 5801 2548 5858 editionis
2574 5799 2831 5872 principis
2853 5798 3092 5868 genitalis
3127 5797 3409 5859 Wowerus

1832 5869 2057 5928 inutnvit
2082 5871 2132 5924 in
2161 5872 2388 5941 genitali.
