3936 6472
389 434 491 492 937

1611 431 1778 489 JULII
1815 431 2070 490 FIRMICI
2114 433 2419 490 MATERN]

3533 439 3638 496 988

383 561 553 605 strum
583 550 896 604 restauratis
927 565 1144 618 semper
1174 548 1411 605 luctibus
1438 590 1454 616 ,
1494 548 1750 618 plangite.
1781 548 1958 606 Nolite
1984 551 2033 612 Α
2061 562 2220 618 quam
2251 549 2537 614 sustinuit,
2566 549 2671 604 hoc
2704 550 2891 605 volunt
2917 565 3059 619 esse,
3091 552 3231 623 quod
3260 552 3396 610 falce
3434 568 3642 609 messor

386 643 577 696 annuis
601 639 768 694 sacris
794 655 1038 710 quatrcre
1066 640 1224 695 funus
1255 641 1487 695 alienum
1511 656 1526 704 ;
1559 641 1754 712 vestris
1783 639 1962 707 potius

388 734 667 801 funeribus
697 744 880 803 parate
906 734 1096 789 solatia
1130 749 1223 803 per
1251 748 1422 788 annos
1443 733 1700 803 slnguios.
1732 733 1775 788 0
1802 732 1966 787 miser

391 829 579 882 homo!
605 828 874 882 invenisse
903 837 953 882 te
982 827 1164 882 nescio
1189 826 1317 897 quid
1340 826 1563 898 gaudes,
1582 842 1701 880 cum
1733 828 1964 880 animam

390 931 533 975 tuam
557 937 619 990 ex
649 920 768 976 istis
799 923 967 975 sacris
1001 937 1094 990 per
1121 936 1290 976 annos
1319 921 1557 989 singulos
1580 921 1794 989 perdas.
1824 919 1967 974 Nihil

388 1011 498 1067 illic
528 989 738 1066 iuvenis
766 1012 866 1091 nisi
891 1011 1257 1077 simulacrum,
1283 1010 1420 1081 quod
1455 1011 1568 1079 ipse
1599 1010 1842 1078 posuiSIi,
1865 1009 1969 1064 nisi

388 1103 530 1172 quod
573 1105 766 1158 iterum
812 1093 903 1156 aut
947 1116 1160 1173 quaaras
1205 1110 1298 1156 aut
1338 1103 1537 1172 lugeas.
1571 1101 1763 1170 Quzere
1793 1102 1971 1172 potius

390 1209 540 1263 spem
573 1194 794 1258 salutis,
826 1209 1005 1264 qurere
1031 1193 1311 1260 exordium
1343 1194 1497 1260 lueis,
1529 1207 1708 1261 quaere
1744 1191 1885 1262 quod
1922 1199 1973 1247 te

389 1302 600 1341 summo
631 1286 740 1341 Deo
796 1296 889 1341 aut
937 1286 1315 1353 commendet,
1369 1293 1460 1340 aut
1497 1284 1703 1340 reddat.
1743 1284 1808 1338 Et
1848 1299 1972 1339 cum

391 1393 570 1433 veram
602 1378 739 1432 viam
769 1377 956 1432 salutis
983 1378 1275 1444 inveneris,
1309 1376 1510 1448 gaude,
1549 1385 1603 1430 et
1629 1385 1754 1430 tunc
1792 1385 1973 1430 erecta

391 1467 661 1524 sermonis
711 1469 958 1523 libertate
1009 1471 1280 1538 proclama
1326 1469 1643 1545 Εὑρήκαμεν,
1689 1468 1976 1543 συγχαίρο-

393 1584 481 1632 μεν
517 1570 544 1600 ι
574 1577 695 1617 cum
741 1563 808 1618 ab
854 1561 936 1626 his
992 1562 1391 1616 calamitatibus
1441 1570 1562 1632 post
1602 1561 1975 1630 paenitentiam

398 1662 541 1707 tuam
570 1653 766 1707 summi
798 1653 892 1707 Dei
918 1652 1082 1708 fueris
1111 1652 1436 1722 indulgentia
1461 1651 1740 1706 liberatus.

1017 1743 1241 1798 CAPUT
1281 1743 1367 1797 III.

683 1833 857 1888 Terra:
877 1837 1066 1888 cultum
1087 1835 1227 1905 apud
1251 1833 1482 1906 Phryges
1507 1838 1715 1904 refutat.

2067 640 2290 693 maturis
2323 640 2562 709 frugibus
2594 643 2738 698 facit.
2772 643 2996 698 Mortem
3047 647 3213 714 ipsius
3241 646 3464 714 dicunt,
3498 646 3641 718 quod

2067 730 2271 783 semina
2323 731 2547 785 collecta
2601 733 2904 788 conduntur
2949 750 2962 787 :
3005 735 3166 788 vitam
3213 751 3403 791 rursus
3432 779 3444 802 ,
3501 736 3643 806 quod

2063 821 2208 890 jacta
2261 824 2464 878 semina
2523 826 2715 880 annuis
2764 825 2972 882 vicibus
3021 829 3409 884 reconduntur.
3465 830 3644 887 Velim

2072 927 2214 968 nunc
2255 914 2383 968 mihi
2414 916 2704 986 inquirenti
2733 918 3120 987 respondeant,
3151 935 3247 974 cur
3277 921 3413 977 hanc
3444 921 3646 992 simpli-

2072 1006 2289 1060 citatem
2329 1007 2593 1061 seminum
2645 1023 2709 1062 ac
2768 1009 2976 1080 frugum
3029 1026 3148 1064 cum
3203 1011 3483 1077 facinore,
3524 1026 3647 1067 cum

2072 1110 2266 1165 morte,
2299 1115 2418 1154 cum
2451 1102 2613 1165 fastu,
2639 1116 2763 1158 cum
2793 1118 2974 1174 poena,
3007 1119 3127 1157 cum
3159 1121 3342 1160 amore
3362 1105 3640 1173 junxcrint

2077 1191 2221 1248 Itane
2243 1208 2349 1247 non
2391 1202 2507 1249 erat
2542 1194 2728 1261 aliud,
2779 1195 2917 1266 quod
2969 1195 3281 1251 diceretur?
3336 1198 3488 1255 Itane
3543 1213 3649 1266 non

2075 1295 2228 1351 erat,
2273 1287 2416 1357 quod
2473 1287 2526 1342 in
2576 1288 2798 1358 agendis
2842 1288 2952 1344 Deo
3007 1303 3218 1344 summo
3258 1305 3354 1359 pro
3409 1290 3652 1360 frugibus

2074 1379 2259 1450 gratiis
2304 1380 2502 1446 faceret
2539 1381 2737 1435 misera
2778 1381 3122 1436 mortalitas?
3169 1380 3238 1438 Ut
3301 1383 3508 1453 gratias
3558 1397 3656 1452 pro

2078 1472 2284 1526 renatis
2312 1473 2548 1541 frugibus
2595 1488 2743 1543 agas,
2790 1473 3002 1539 ululas;
3036 1481 3094 1528 ut
3118 1475 3377 1544 gaudeas,
3414 1474 3644 1544 plangis.

2079 1563 2188 1618 Nec
2219 1605 2233 1629 ,
2268 1573 2320 1618 te
2341 1579 2462 1618 cum
2493 1579 2678 1618 veram
2703 1565 2963 1618 rationem
2999 1563 3218 1630 videris,
3252 1564 3352 1619 huc
3371 1563 3658 1636 aliquando

2084 1653 2275 1708 fecisse
2304 1653 2587 1722 pCBnitttii,
2630 1653 2723 1708 sed
2754 1653 2856 1708 hoc
2887 1653 3036 1724 agis,
3081 1664 3137 1708 ut
3189 1659 3383 1710 annuis
3429 1655 3660 1722 luctibus

2085 1757 2372 1818 occupatus
2401 1749 2562 1802 vitam
2593 1762 2806 1818 semper
2836 1747 3006 1819 fugias
3036 1789 3050 1813 ,
3110 1760 3337 1803 mortem
3392 1747 3657 1817 requiras.

2091 1841 2275 1895 Dicant
2327 1842 2494 1904 mihi,
2543 1841 2668 1910 quid
2723 1839 2822 1895 hoc
2862 1839 3103 1910 frugibus
3147 1839 3366 1910 profuit,
3417 1847 3472 1892 ut
3502 1835 3660 1891 ﬂetus

474 1925 730 1998 Phryges,
765 1930 852 1998 qui
896 1928 1268 1983 Pessinuntem
1315 1928 1555 1983 incolunt
1581 1925 1608 1964 ι)
1631 1968 1646 1993 ,
1677 1927 1818 1984 circa
1849 1926 1986 1984 Galli

2101 1947 2215 1988 suos
2238 1933 2430 1987 annuis
2455 1931 2741 1985 ululatibus
2766 1930 3032 1985 seminent
3059 1929 3111 1983 in
3147 1927 3665 1993 tristitia,interfeeti

400 2019 633 2092 ﬂuminis
666 2019 809 2088 ripas
840 2030 861 2056 ο
894 2029 1053 2073 terra:
1101 2028 1420 2073 caeterorum
1453 2019 1846 2073 elementorum
1877 2018 1977 2072 tri~

401 2110 572 2165 buunt
613 2112 966 2178 principatum
995 2151 1010 2175 ,
1062 2119 1118 2165 et
1161 2113 1298 2164 hanc
1340 2111 1527 2164 volunt
1576 2115 1814 2164 omnium
1861 2125 1982 2165 esse

409 2211 633 2256 matrem
665 2199 713 2254 δ.
751 2201 951 2256 Deinde
995 2210 1050 2256 ut
1086 2211 1139 2256 et
1174 2202 1272 2271 ipsi
1309 2216 1542 2255 annuum
1571 2202 1671 2255 sibi
1704 2216 1980 2255 sacrorum

407 2293 651 2346 ordinem
699 2291 940 2346 facerent
973 2335 986 2357 ,
1037 2293 1281 2347 mulieris
1319 2293 1497 2347 divitis
1535 2307 1596 2347 ac
1646 2289 1842 2362 reginae
1874 2309 2005 2348 suae-

412 2398 687 2449 amorem,
733 2399 854 2453 qua:
901 2383 1069 2440 fastus
1111 2385 1272 2438 amati
1322 2384 1675 2439 adolescentis
1709 2384 1986 2456 tyrannica

410 2475 581 2530 voluit
620 2475 803 2530 ulcisci
832 2484 881 2541 θ,
912 2492 1031 2531 cum
1065 2477 1296 2531 luctibus
1337 2477 1531 2530 annuis
1573 2484 1983 2531 consecrarunt.

413 2569 476 2623 Et
505 2579 559 2622 ut
593 2568 724 2621 satis
763 2567 912 2621 iratae
942 2569 1152 2623 mulieri
1191 2562 1455 2634 facerent,
1479 2577 1570 2622 aut
1605 2579 1661 2622 ut
1702 2568 1988 2639 pmnitenti

410 2665 660 2719 solatium
691 2675 1016 2734 quaererent,
1050 2671 1218 2735 quem'
1260 2665 1418 2734 paulo
1463 2677 1587 2718 ante
1619 2664 1944 2734 sepelierant
1971 2705 1985 2730 ,

411 2757 670 2818 revixisse
703 2758 975 2824 jactarunt
999 2798 1014 2822 ,
1042 2767 1098 2812 et
1127 2773 1247 2812 cum
1277 2758 1521 2811 mulieris
1548 2757 1754 2811 animus
1789 2772 1854 2811 ex
1887 2757 1988 2810 irn-

413 2850 669 2917 patientia
704 2849 854 2903 nimii
884 2850 1085 2903 amoris
1113 2848 1354 2913 arderet,
1398 2856 1612 2902 mortuo
1658 2847 1993 2902 adulescenti

414 2941 610 3010 templa
641 2939 904 2994 fecerunt.
936 2939 1087 2994 Tunc
1126 2938 1268 3008 quod
1303 2939 1434 2992 irata
1479 2937 1688 2996 mulier
1716 2952 1810 3005 pro
1854 2937 1991 3005 inju-

417 3032 496 3086 ria
527 3039 721 3100 ενι-θείη
755 3031 955 3086 fecerat
988 3030 1174 3085 formae
1197 3071 1213 3098 ,
1257 3029 1360 3085 hoc
1393 3029 1706 3084 ordinantes
1732 3044 1760 3082 a
1801 3043 1860 3083 se
1889 3028 1996 3099 pati

418 3123 635 3177 voluere
662 3125 974 3178 sacerdotes
1005 3123 1052 3176 ί.
1086 3125 1174 3178 Sic
1206 3125 1397 3178 annuis
1438 3123 1606 3178 sacris
1635 3139 1757 3178 cum
1790 3122 1998 3178 honore

2083 2023 2283 2077 funeris
2310 2020 2712 2076 calamitatibus
2731 2019 3125 2091 ingemiscant,
3155 2019 3294 2089 quod
3323 2019 3503 2073 dicant
3532 2017 3666 2090 phy-

2082 2117 2192 2169 sica
2216 2115 2420 2168 ratione
2451 2115 2816 2184 compositum
2840 2155 2852 2178 ,
2883 2113 3075 2183 lugetis
3104 2122 3157 2168 et
3198 2112 3475 2183 plangitis,
3506 2119 3563 2167 et
3585 2111 3667 2166 lu—

2085 2216 2202 2262 ctus
2218 2217 2428 2261 vestros
2442 2206 2540 2260 alia
2563 2207 2769 2262 ratione
2788 2205 3435 2277 eelatis.Novitagricola,
3456 2203 3668 2276 quando

2087 2305 2283 2352 terram
2335 2307 2518 2352 aratro
2565 2296 2874 2363 dimoveat,
2921 2298 3137 2369 quando
3185 2298 3347 2352 sulcis
3396 2295 3662 2350 frumenta

2090 2390 2409 2442 committat.
2452 2387 2607 2442 Novit
2647 2388 2860 2458 quando
2900 2393 3191 2443 maturatas
3218 2385 3350 2440 solis
3389 2384 3670 2451 ardoribus

2092 2481 2310 2550 colligat
2355 2490 2581 2550 segetes.
2628 2479 2819 2544 Novit,
2851 2478 3064 2551 quando
3105 2486 3271 2532 tostas
3297 2486 3434 2533 terat
3471 2477 3665 2546 fruges.

2092 2573 2215 2628 Haec
2241 2583 2322 2629 est
2353 2573 2566 2643 physica
2601 2574 2758 2640 ratio,
2790 2573 2906 2629 haec
2934 2582 3060 2627 sunt
3085 2587 3206 2626 vera
3238 2571 3516 2637 sacrificia,
3550 2585 3669 2641 quas

2091 2667 2158 2720 ab
2183 2681 2329 2719 sanas
2355 2667 2548 2719 mentis
2573 2666 2873 2721 hominibus
2895 2680 3073 2720 annuo
3101 2663 3284 2719 labore
3310 2662 3666 2731 complentur.

2065 2777 2073 2782 ·
2099 2756 2248 2811 Hanc
2283 2756 2682 2826 simplicitatem
2723 2756 2973 2811 divinitas
3001 2742 3196 2827 qumrit
3221 2795 3233 2816 ,
3261 2762 3322 2809 ut
3347 2754 3590 2809 homines
3619 2752 3670 2806 in

2097 2849 2418 2920 colligendis
2466 2849 2730 2904 fructibus
2783 2848 3044 2903 ordinatis
3095 2855 3435 2917 temporum.
3466 2845 3672 2916 legibus

2101 2944 2359 3000 serviant.
2403 2941 2510 2997 Cur
2560 2944 2684 2998 huic
2715 2943 2886 2998 ordini
2935 2943 3146 2996 misera:
3193 2939 3382 2994 mortis
3421 2938 3674 3008 ﬁgmenta

2101 3035 2325 3103 qumsita
2373 3034 2542 3088 sunt?
2590 3036 2696 3088 Cur
2740 3033 2946 3088 celatur
2993 3031 3246 3102 lacrymis
3274 3071 3288 3097 ,
3331 3029 3469 3099 quod
3512 3026 3674 3082 celari

2105 3143 2207 3181 non
2235 3127 2452 3181 debuit?
2481 3126 2620 3182 unde
2646 3125 3002 3181 confiteantur
3025 3137 3246 3177 necesse
3263 3131 3366 3186 est,
3387 3120 3502 3174 ha-c
3523 3133 3674 3173 sacra

415 3224 573 3269 terrm.
597 3213 751 3267 istius
781 3214 986 3268 funeris
1016 3230 1213 3284 pompa
1237 3215 1595 3282 componitur,
1623 3223 1676 3267 et
1705 3229 1826 3268 cum
1869 3229 1994 3279 per-
2025 3232 2070 3292 ρ
2104 3235 2207 3272 non
2239 3220 2289 3272 in
2324 3220 2581 3273 honorem
2613 3218 2821 3287 frugum
2850 3258 2864 3282 ,
2891 3216 2986 3270 sed
3019 3217 3069 3269 in
3102 3215 3359 3268 honorem
3383 3228 3504 3268 esse
3533 3226 3680 3266 com-

419 3304 676 3360 suadetur
721 3305 1026 3361 hominibus
1072 3307 1212 3375 quod
1278 3309 1459 3361 colant
1514 3314 1754 3372 terram.
1815 3305 1996 3359 miseri

420 3397 624 3452 funeris
667 3407 992 3452 venerantur
1019 3399 1262 3454 exitium.
1301 3398 1399 3452 llic
1442 3411 1655 3467 quoque
1684 3438 1698 3463 ,
1747 3398 1994 3451 sacratis.

387 3521 389 3524 ι
418 3490 544 3543 simi
591 3489 947 3558 imperatores
973 3533 987 3557 ,
1016 3500 1074 3545 ut
1103 3507 1255 3546 error
1281 3491 1385 3547 iste
1413 3492 1650 3555 celetur,
1683 3494 1844 3546 etiam
1879 3489 1995 3544 haec

419 3595 570 3634 sacra
594 3582 808 3651 physiCa
829 3582 1017 3637 volunt
1034 3597 1152 3637 esse
1178 3584 1383 3638 ratione
1414 3583 1708 3653 composita
1727 3593 1773 3636 Β.
1801 3583 1999 3637 Amare

422 3680 618 3726 terram
639 3673 823 3728 volunt
848 3674 1047 3744 fruges,
1077 3686 1312 3730 amatum
1341 3692 1472 3732 vero
1502 3677 1601 3730 hoc
1625 3677 1794 3745 ipsum
1818 3679 2002 3731 volunt

423 3779 543 3819 esse
571 3806 585 3831 ,
625 3767 764 3834 quod
798 3782 861 3821 ex
894 3767 1139 3839 frugibus
1189 3771 1468 3836 nascitur;
1515 3783 1726 3837 poenam
1776 3777 1953 3824 autem
1983 3807 2001 3834 ,

493 3907 518 3934 ³
552 3899 724 3952 Verba
762 3902 1019 3954 solemnia
1059 3903 1473 3955 exclamantium
1506 3903 1558 3954 in
1583 3903 1749 3956 sacris
1777 3902 1996 3965 Isiacis,

425 3969 640 4021 invento
669 3983 895 4036 corpore
916 3971 1161 4027 Osiridis.
1192 3972 1495 4028 Scholiasta
1524 3972 1795 4027 iuvenalis
1819 3973 1884 4025 ad
1911 3971 1998 4025 illa

426 4039 539 4095 Sat.
572 4055 684 4104 vui,
721 4054 861 4094 vers.
892 4041 961 4096 29
991 4059 1004 4095 ε

545 4130 830 4242 ξεχριςιὶιιίιιθ
858 4133 980 4182 libet
1007 4133 1207 4198 p0pslus
1231 4135 1357 4198 quod
1377 4135 1550 4187 clamat
1567 4135 1693 4188 Osiri

573 4207 700 4242 nven
725 4208 773 4242 o.

573 4207 773 4254 nvento,

427 4274 588 4352 habet
612 4280 887 4345 sequentia
908 4297 919 4332 :
941 4279 1177 4350 Populus
1199 4281 1416 4352 zEgypti
1441 4283 1639 4336 invento
1672 4283 1810 4338 Osiri
1837 4285 2001 4338 dixit:

425 4348 744 4426 ξύρήγᾳμεν,
790 4348 1163 4426 σμ’γχαὶρ-ομεν.
1217 4348 1481 4426 ΙΙίΓΘΙώὨ
1530 4353 1719 4408 Isidem
1769 4355 2002 4409 inventis

424 4419 651 4472 Osiridis
681 4419 934 4472 membris
956 4419 1285 4476 tiiclainasse
1315 4425 1600 4487 putabant;
1621 4427 1740 4479 vide
1761 4426 2002 4479 Cramcri

428 4487 716 4564 editionem
744 4488 896 4564 hujus
913 4491 1232 4564 Scholiasta:
1257 4491 1590 4564 (llatnburgi,
1623 4494 1782 4563 189.3)
1801 4511 1854 4564 p.
1873 4495 1998 4564 512.

430 4559 627 4627 Eadem
649 4558 809 4609 verba
840 4559 1000 4627 habet
1024 4558 1395 4623 Athenagoras
1417 4562 1600 4627 Legat.
1631 4579 1678 4617 c.
1708 4558 2000 4617 iQI’WuW.

429 4626 1120 4708 —Cf.qt10iiitegetavitiui
1153 4627 1364 4708 Minucii
1392 4626 1583 4708 Felieis
1614 4646 1661 4684 c.
1692 4632 1785 4696 2|,
1821 4645 1872 4685 et
1895 4632 2006 4685 Au-

428 4697 697 4769 guStinum
726 4697 792 4751 de
822 4697 1049 4752 Ci'vitatc
1074 4699 1166 4753 Dei
1196 4713 1267 4762 γι,
1296 4712 1343 4751 c.
1390 4701 1472 4752 10.

501 4769 528 4807 δ
550 4769 745 4824 Strabo
772 4785 875 4835 xu,
906 4785 956 4824 c.
989 4771 1041 4833 7;
1079 4771 1389 4822 Ammianus
1426 4770 1762 4824 Marcellinus
1790 4772 1822 4822 Ι.
1867 4787 2001 4835 xxu,

410 4852 477 4893 te.
511 4840 600 4893 2-2.
650 4841 744 4909 (al.
792 4839 869 4910 9).
913 4840 988 4894 De
1033 4840 1210 4908 lapide
1251 4840 1629 4894 Pessinuntino
1667 4839 1877 4895 δυπετεῐ
1914 4843 2004 4910 qui

431 4911 570 4964 bello
598 4910 797 4962 Punico
815 4911 1052 4965 secundo
1070 4913 1292 4965 Romam
1310 4913 1669 4965 devehebalur
1691 4910 1834 4981 (Liv.
1856 4927 2002 4976 xxxx,

433 4995 482 5033 c.
515 4981 574 5034 il
609 4991 671 5034 et.
693 4981 780 5048 Μ)
824 4983 975 5036 multi
1003 4991 1127 5035 sunt
1158 4999 1169 5033 :
1200 4981 1472 5048 Appianus
1506 4983 1571 5036 de
1615 4982 1773 5035 bellis
1805 4981 2004 5035 Anuib.

431 5066 483 5104 c.
516 5052 602 5115 56;
637 5050 975 5105 Herodianus
1007 5051 1046 5117 l,
1075 5067 1126 5105 c.
1155 5052 1221 5111 2;
1248 5053 1514 5107 Arnobius
1556 5055 1676 5105 adv.
1707 5053 1908 5106 Gentes
1932 5067 2005 5113 v1,

432 5135 482 5174 c.
509 5121 589 5185 li,
619 5130 756 5175 etvu
776 5135 858 5192 ,_c.
879 5121 946 5175 46
970 5122 1162 5188 (υιιειι
1183 5123 1243 5192 .);
1271 5125 1553 5192 Augnsun.
1576 5122 1885 5177 deCivitate
1917 5121 2010 5175 Dei

433 5207 486 5244 ιιι
511 5233 524 5252 .
555 5206 602 5244 e.
640 5192 743 5262 1-2.;
779 5189 1140 5262 'I‘ertulliauus
1171 5189 1449 5262 Apologet.
1482 5210 1530 5249 c.
1560 5193 1668 5256 25;
1703 5192 2012 5248 Lactantius

431 5277 489 5323 ιι,
541 5263 570 5314 7
597 5277 610 5324 ;
636 5261 830 5315 Cicero
858 5260 925 5313 de
956 5260 1233 5330 llarusptc.
1278 5260 1588 5330 lieSpnnsis.
1616 5263 1698 5317 Cf.
1735 5263 2010 5318 Falconeti

437 5332 870 5385 dissertationcm
921 5347 1007 5382 sur
1053 5334 1104 5384 la
1151 5337 1315 5397 picrre
1360 5337 1420 5386 de
1454 5337 1502 5387 la
1528 5335 1663 5387 mere
1696 5337 1782 5387 des
1815 5335 2010 5398 dieux,‘

440 5401 596 5454 Mem.
623 5403 683 5454 de
706 5401 993 5473 l'acad.des
1019 5402 1187 5455 Inscr.
1220 5421 1262 5454 et
1291 5402 1350 5456 Β.
1379 5403 1436 5456 L.
1470 5414 1597 5457 toni.
1624 5421 1778 5470 χχιιι,
1804 5419 1856 5473 p.
1876 5403 2008 5467 ‘2l3;

434 5483 487 5546 et
519 5472 560 5524 si
596 5472 724 5546 tanti
748 5483 828 5525 est
851 5513 864 5536 ,
900 5482 1111 5546 nostras
1147 5473 1424 5527 Dissertat.
1464 5472 1812 5546 Antiquarias’
1837 5473 2015 5527 Theo-

442 5544 574 5595 tisce
605 5543 772 5595 editas
807 5558 858 5610 p.
892 5543 996 5596 257
1027 5557 1142 5610 seq.

517 5623 538 5688 (ξ
572 5612 759 5688 Steph.
792 5617 910 5688 περὶ
936 5614 1207 5688 «dissilit!
1240 5613 1443 5688 Πάλλρς.
1474 5613 1648 5668 an.

515 5679 540 5716 ἀ
570 5681 773 5736 Arnob.
809 5679 868 5746 ιιξ
898 5700 946 5738 c.
977 5685 1066 5744 ὕες
1094 5681 1230 5738 Nam
1261 5694 1305 5736 et
1336 5684 1560 5736 videmus
1587 5686 1716 5740 alios
1740 5703 1801 5740 ea:
1820 5686 2021 5754 sapien-

451 5755 660 5806 tioribus
694 5756 860 5810 dicere
897 5760 1130 5811 tellurem
1174 5774 1279 5811 esse
1319 5755 1580 5808 hominum
1628 5768 1878 5821 matrem;
1911 5770 1979 5823 vlt
2004 5795 2018 5812 .

453 5839 502 5876 c.
535 5827 620 5877 35.
645 5828 884 5882 Lactant.
919 5847 977 5893 ιι,
1009 5846 1057 5883 c.
1095 5831 1176 5885 £0.
1206 5827 1486 5885 Censorin.
1516 5829 1581 5882 de
1604 5828 1697 5883 Die
1720 5829 1888 5882 Natali
1911 5840 1958 5880 c.
1991 5825 2024 5880 5

456 5902 507 5947 et
535 5896 586 5945 4.
613 5899 829 5959 Servius
861 5903 913 5954 in
946 5901 1141 5971 Georg.
1176 5917 1233 5968 ιι,
1262 5898 1389 5957 268.
1422 5898 1668 5970 Orpbeus
1694 5899 1888 5970 Hymn.
1911 5896 2021 5951 ‘25:

2032 4709 2079 4767 D

2104 3313 2279 3379 posita
2332 3310 2520 3363 mortis
2575 3309 2782 3363 aliena).
2834 3307 2962 3361 Nam
3012 3306 3152 3377 quod
3206 3315 3398 3360 terram
3454 3311 3678 3357 matrem

2051 3427 2059 3434 ι
2103 3417 2223 3458 esse
2264 3401 2502 3456 omnium
2554 3400 2785 3457 Deorum
2827 3400 3009 3455 dicunt
3050 3396 3100 3466 ιι,
3131 3398 3220 3469 qui
3261 3397 3386 3452 huic
3415 3396 3680 3451 elemento

2101 3497 2335 3550 tribuunt
2363 3496 2559 3564 primas
2590 3505 2767 3564 partes
2791 3493 2822 3563 ,ζ
2842 3510 2970 3548 vere
2998 3493 3222 3563 deorum
3251 3506 3471 3546 suorum
3503 3499 3678 3543 mater

2099 3600 2219 3652 est,
2274 3605 2371 3644 nec
2412 3589 2697 3642 abnuimus
2736 3595 2828 3642 aut
2875 3599 3188 3641 recusamus
3235 3601 3246 3637 :
3288 3583 3411 3653 quia
3468 3580 3536 3635 ab
3580 3579 3681 3634 hac

2100 3680 2358 3734 eolleCtos
2383 3679 2522 3734 Deos
2545 3693 2672 3733 suos
2697 3721 2709 3743 ,
2741 3688 2832 3732 aut
2863 3676 3106 3747 lapideos
3125 3675 3329 3730 faciunt
3352 3686 3568 3742 semper
3589 3677 3683 3724 aut

2106 3771 2312 3840 ligneos
2334 3769 2374 3822 ί.
2392 3770 2613 3824 Terram
2631 3783 2849 3824 omnem
2875 3765 3252 3821 circumﬂuunt
3281 3765 3468 3828 maria,
3494 3772 3548 3818 et
3566 3776 3682 3816 rur-

2101 3911 2226 3979 Γαξα
2251 3973 2260 3979 _
2284 3907 2412 3979 Bede
2456 3912 2617 3979 ίίῆτερ
2652 3906 2915 3979 ’μᾳκάριτιη
2979 3905 3166 3979 Θνῃςτῶν
3202 3903 3249 3979 ’ζ’
3273 3904 3567 3979 ἀνθρώπων.
3605 3899 3680 3979 Dq

2102 3973 2298 4043 tlybelc
2328 3967 2684 4043 vide'Rigaltii
2713 3967 2918 4027 Ouiclii
2948 3983 2997 4025 et
3025 3967 3404 4043 Elmenhorst'ii
3436 3982 3588 4043 notas
3612 3967 3679 4023 ad

2105 4041 2299 4097 Minue.
2335 4041 2572 4098 Felicem
2602 4061 2649 4098 c.
2689 4044 2779 4109 21;
2814 4043 3102 4097 Hcraldum
3136 4051 3189 4096 et
3221 4042 3410 4096 Davies
3439 4041 3502 4095 ad
3531 4054 3682 4093 eum-

2104 4115 2254 4176 dein;
2285 4117 2371 4168 ed.
2398 4113 2708 4184 Cantabrig.
2742 4131 2792 4182 p.
2816 4114 2886 4168 4'2
2916 4122 2967 4184 et
3006 4112 3126 4167 105.
3153 4114 3233 4168 Cf.
3259 4127 3470 4181 quoque
3494 4109 3678 4165 Orellii

2106 4194 2264 4239 notas
2291 4186 2357 4259 ad
2387 4185 2589 4240 Arnob.
2626 4182 2761 4259 tum.
2782 4200 2818 4247 ι,
2849 4199 2899 4252 p.
2933 4182 3018 4259 79-
3053 4253 3076 4259 __
3100 4251 3113 4259 _
3527 4247 3538 4259 ,

2180 4267 2201 4292 (³
2238 4257 2513 4324 Adcniptis
2530 4251 2868 4322 genitalibus,
2902 4255 3021 4319 quia
3048 4251 3204 4306 fidem
3234 4265 3336 4305 non
3361 4251 3683 4324 praistitefal

2106 4326 2312 4396 (Attis).
2355 4316 2467 4380 lluc
2505 4316 2648 4381 réler
2685 4340 2806 4395 qum
2832 4316 3089 4396 sequntur
3128 4324 3271 4375 iratw
3310 4316 3531 4396 mulieri.
3583 4316 3684 4396 La-

2107 4387 2543 4465 ctaiit.'Epitoiiie
2565 4413 2616 4450 c.
2635 4398 2685 4452 8.
2705 4387 2934 4452 'Diverse
2950 4393 3124 4447 fabula
3144 4400 3390 4445 narratur
3408 4406 3422 4454 ;
3439 4387 3676 4465 aliienim

2109 4475 2161 4520 et
2190 4455 2427 4534 plerique
2457 4468 2522 4520 ab
2553 4469 2668 4534 ipso
2698 4467 2877 4520 Attide
2907 4465 3102 4518 factum
3134 4471 3352 4517 narrant
3390 4459 3528 4530 quod
3555 4459 3609 4510 h.
3641 4455 3679 4509 I.

2106 4537 2327 4610 Cybebe
2357 4539 2506 4610 iratae
2538 4539 2808 4591 tribuitur.
2844 4536 2975 4610 Vide
3006 4545 3116 4592 not,
3145 4543 3481 4610 sequentem.
3501 4600 3512 4610 .
3559 4598 3571 4610 θ

2186 4606 2202 4643 τ
2235 4610 2288 4660 Si
2314 4607 2438 4660 hinc
2461 4608 2672 4659 abe~set
2700 4607 3028 4673 praepositio,
3055 4601 3246 4673 melior
3265 4601 3402 4655 foret
3425 4601 3704 4673 latinitas,

2109 4671 2710 4730 Caesones—Mater
2731 4676 2891 4727 Deum
2925 4675 3178 4740 diligebat
3207 4672 3354 4725 Attin
3383 4689 3394 4722 :
3429 4673 3472 4723 is
3491 4671 3556 4722 ab
3586 4673 3685 4722 Ac-

2111 4746 2249 4797 (Ιιιςιιί
2281 4756 2430 4798 actus
2477 4747 2525 4797 in
2558 4746 2720 4798 furias
2746 4786 2759 4803 ,
2795 4743 2986 4796 testula
3019 4744 3117 4795 sibi
3156 4741 3405 4809 genitalia
3443 4740 3680 4794 desecat.

2114 4815 2222 4867 ΙΙου
2251 4815 2301 4866 in
2337 4814 2591 4867 honorem
2627 4829 2830 4883 magum
2877 4812 3060 4865 Matris
3101 4809 3542 4883 imitanturiGalli
3571 4809 3686 4876 ejus

2111 4885 2436 4937 sacerdotes.
2472 4880 2741 4937 Arnobius
2769 4899 2817 4945 v,
2853 4884 2902 4943 7,
2938 4883 3028 4944 59,
3063 4891 3115 4935 et
3145 4880 3314 4936 Orell.
3347 4882 3410 4934 ad
3445 4883 3497 4934 li.
3523 4883 3558 4934 I.
3591 4883 3688 4930 Au-

2112 4956 2305 5021 gustin.
2338 4955 2405 5007 de
2433 4954 2546 5007 Civ.
2572 4955 2734 5014 Dein,
2756 4955 2807 5017 4;
2841 4953 3104 5022 Luciantts
3130 4953 3197 5006 de
3226 4953 3327 5006 Dea
3347 4952 3503 5022 Syria
3524 4949 3688 5011 0.15;

2115 5027 2308 5080 Euseb.
2343 5026 2515 5093 Praap.
2553 5025 2749 5092 Evaug.
2781 5039 2840 5082 ti.
2874 5037 2920 5076 e.
2952 5021 3006 5075 4.
3035 5032 3088 5075 et
3115 5023 3272 5075 multi
3300 5021 3413 5075 alii.
3443 5021 3704 5093 Wow.f—V

2116 5096 2272 5163 Quid,
2304 5097 2387 5162 qui
2410 5092 2653 5163 sanguine
2678 5110 2768 5146 suo
2801 5095 2942 5156 libat,
2977 5103 3020 5146 et
3056 5093 3342 5145 vulneribus
3368 5094 3472 5146 suis
3493 5092 3695 5163 suppl—

2116 5112 2272 5163 uma,
2304 5113 2387 5162 qui
2410 5113 2498 5148 san
2538 5112 2653 5147 ume
2678 5112 2768 5146 suo
2801 5112 2942 5156 uoar,
2977 5112 3020 5146 et
3056 5112 3342 5145 vumerwus
3368 5112 3472 5146 suis
3493 5112 3679 5160 suppe-

2114 5176 2193 5219 cat
2216 5207 2228 5226 ,
2256 5183 2352 5219 non
2395 5112 2640 5235 proﬂmus
2684 5163 2858 5235 melius
2900 5173 3047 5235 esset,
3079 5179 3232 5235 quant
3265 5164 3355 5235 sic
3378 5162 3679 5235 religiosus.

2119 5236 2288 5289 Verba
2309 5229 2430 5288 sunt
2446 5229 2658 5288 Minucii
2680 5233 2872 5288 Felicis
2892 5249 2941 5287 c.
2963 5234 3053 5299 24,
3071 5229 3153 5287 ed.
3173 5229 3489 5302 Cantabrigi
3506 5229 3692 5302 p.125,
3747 5234 3751 5236 ’

2117 5306 2198 5360 Cf.
2225 5318 2398 5360 notas.
2432 5307 2496 5358 ad
2532 5306 2582 5357 li.
2615 5305 2650 5358 I.

2191 5385 2215 5422 ε
2249 5377 2319 5429 De
2361 5378 2503 5447 cultu
2545 5376 2778 5447 Phrygio
2813 5375 3294 5447 ejusquepliysiea
3337 5369 3692 5447 explicatione

2121 5455 2174 5501 et
2203 5461 2322 5499 cum
2346 5446 2610 5500 similibus
2641 5444 2993 5516 syucretisuio
3014 5444 3081 5497 cf.
3117 5444 3336 5516 omnino
3367 5445 3692 5516 Cretiaerum

2124 5533 2192 5579 ιι,
2225 5532 2275 5584 p.
2307 5517 2395 5580 56,
2428 5533 2541 5587 seq.
2574 5513 2840 5570 Firinicus
2877 5531 3007 5569 vero
3042 5516 3218 5568 omnia
3258 5515 3321 5568 ad
3367 5513 3692 5587 fertilitatem

2125 5582 2305 5651 terrm,
2340 5582 2622 5657 frugesque
2653 5596 2853 5641 statuto
2883 5597 3123 5657 tempore
3154 5595 3365 5657 renatas
3385 5582 3564 5657 refert.

2199 5658 2224 5695 ¹ι
2252 5647 2494 5727 Orpheus
2537 5647 2571 5710 ἰ.
2616 5673 2689 5720 c.;
2734 5657 2944 5727 Platon.
2980 5647 3177 5727 Polit.;
3209 5655 3423 5727 Lucret,
3445 5666 3522 5727 _u_.
3552 5647 3689 5727 598;

2132 5728 2298 5782 Varro
2328 5717 2395 5784 de
2431 5729 2580 5799 Ling.
2613 5717 2730 5782 Lat.
2774 5726 2969 5788 Verb.;
3020 5717 3366 5797 Elmenhorst
3392 5717 3458 5776 ad
3487 5717 3690 5777 Arnob.

2209 5870 2222 5908 ί
2273 5871 2373 5927 Per
2403 5871 2627 5926 ironiam
2655 5869 2816 5924 dicta.
