3936 6430
455 433 561 495 991

460 650 634 697 catur.
683 636 1032 703 Erubescite,
1080 649 1113 690 ο
1140 633 1369 690 miseri!
1414 631 1759 703 supinitatem
1790 638 1837 695 e;
1870 629 2026 684 aliter

464 739 564 788 vos
586 731 727 788 Deus
756 729 899 785 fecit.
927 727 1061 783 Cum
1088 726 1284 781 cohors
1313 732 1494 781 vestra
1513 724 1579 778 ad
1609 722 1838 777 tribunal
1879 720 2025 790 judi-

462 824 636 881 eantis
661 822 757 879 Dei
783 820 1096 886 accesserit,
1123 817 1258 874 nihil
1282 815 1558 873 vobiscum
1584 814 1816 871 alferetis
1838 854 1852 879 ,
1883 811 2029 881 quod

468 914 609 970 Deus
634 953 650 980 ,
688 913 777 984 qui
804 927 899 968 vos
926 911 1053 967 fecit
1074 948 1091 977 ,
1119 916 1395 980 agnoscat.
1441 906 1667 977 Abjicite
1696 904 1838 959 hunc
1868 910 2031 958 tanta

461 1005 783 1063 calamitatis
820 1017 1058 1060 errorem
1086 1042 1101 1069 ,
1144 1010 1198 1057 et
1221 1001 1395 1057 studia
1437 998 1677 1069 profante
1702 998 1898 1053 mentis
1926 995 2030 1050 ali-

460 1096 675 1167 quando
704 1095 953 1152 deserite.
976 1094 1148 1150 Nolite
1176 1107 1395 1163 corpus,
1420 1091 1562 1162 quod
1579 1090 1718 1146 Deus
1744 1090 1890 1156 fecit,
1914 1102 2032 1144 sce-

421 1255 427 1260 _
461 1186 630 1243 lerata
658 1186 865 1242 Diaboli
894 1186 1012 1257 lege
1050 1185 1310 1241 damnare
1332 1225 1348 1249 ,
1376 1181 1768 1249 calamitatibus
1798 1178 1997 1235 vestris
2016 1218 2032 1243 ,

466 1277 594 1332 dum
624 1276 799 1333 adhuc
822 1284 1033 1348 tempus
1060 1275 1285 1346 patitur,
1309 1273 1611 1329 subvenite.
1670 1269 2034 1327 Misericordia

468 1369 565 1425 Dei
590 1370 739 1425 dives
767 1376 850 1425 est
876 1367 907 1408 δ
925 1409 941 1437 ,
970 1367 1197 1425 libenter
1226 1367 1473 1437 ignoscit.
1498 1364 1721 1421 Relictis
1748 1364 2034 1433 nonaginta

466 1474 658 1516 novem
676 1459 903 1528 ovibus,
928 1460 1181 1515 amissam
1210 1458 1404 1529 quzerit
1432 1472 1589 1511 unam
1620 1454 1851 1527 (Matth.
1881 1470 2033 1519 ινιιι,

462 1549 559 1616 12ς
592 1550 720 1604 Luc.
752 1566 842 1617 xv,
871 1548 949 1621 4).
986 1549 1055 1604 Ει.
1082 1561 1299 1605 reverso
1328 1558 1480 1618 pater
1508 1546 1735 1617 prodigo
1776 1546 1885 1601 lilio
1943 1561 2036 1602 ve-

460 1649 601 1697 stem
631 1641 835 1707 reddit,
863 1650 917 1697 et
945 1649 1097 1711 parat
1120 1629 1483 1713 coenam(Luc.
1509 1641 1739 1720 “,22).
1768 1640 1919 1697 Nulla
1939 1656 2038 1697 vos

462 1730 758 1802 desperare
788 1731 944 1787 faciat
967 1731 1249 1788 criminum
1277 1731 1603 1788 multitudo:
1629 1731 1769 1788 Deus
1795 1747 2035 1788 summus

466 1838 565 1894 per
593 1824 761 1879 lilium
788 1839 943 1880 suum
973 1823 1153 1880 Jesum
1182 1823 1453 1879 Christum
1482 1822 1769 1878 Dominum
1793 1831 2034 1878 nostrum

465 1915 708 1971 volentes
735 1914 964 1983 liberat,
999 1922 1053 1971 et
1080 1900 1481 1985 paenitentibus
1512 1913 1749 1969 libenter
1771 1914 2030 1984 ignoscit,

456 2019 558 2061 nec
586 2006 750 2062 multa
775 2006 943 2077 exigit
970 2016 993 2045 ο
1029 2014 1088 2061 ιιι
1112 2006 1371 2076 ignoscat.
1398 1997 1533 2060 Fide
1556 2012 1759 2059 tantum
1789 2014 1844 2060 et
1872 2004 2035 2074 poeni-

462 2095 629 2151 tentia
654 2097 887 2166 potestis
916 2097 1213 2161 redimere,
1237 2095 1491 2167 quicquid
1519 2094 1804 2151 sceleratis
1832 2096 2036 2152 Diaboli

463 2188 900 2255 persuasionibus
926 2187 1255 2258 perdidistis.

535 2306 562 2334 ιι
591 2296 775 2368 Editio
813 2298 1092 2368 princeps,
1132 2296 1508 2368 summitatem;
1547 2293 1701 2361 alia,
1739 2294 2028 2349 sublimita-

468 2377 587 2422 tem.
615 2366 895 2421 Wowerus
919 2367 1154 2421 restituit
1178 2366 1527 2435 supinitatem.

530 2436 558 2475 ι)
598 2437 835 2505 ReSpicit
860 2437 1046 2491 Matth.
1078 2451 1242 2502 XVIII,
1267 2436 1360 2490 27.

536 2518 558 2546 ε
598 2506 902 2570 Wowerus.
936 2505 1106 2562 forte:
1142 2522 1232 2578 nec
1264 2505 1509 2560 mutatam
1536 2505 1713 2578 exigit.
1760 2505 1909 2563 Haud
1936 2524 2029 2565 ne-

463 2577 701 2633 cessaria
731 2578 941 2632 videtur
969 2576 1255 2632 correctio.

527 2645 553 2684 ἀ
594 2646 775 2717 Ignem
798 2647 1108 2715 procedenti
1132 2646 1272 2717 Cyro
1294 2647 1573 2714 praelatum
1603 2646 1772 2703 fuisse
1800 2656 2029 2705 testatur

462 2716 763 2787 Xenophon
794 2717 1081 2788 Cyropaed.
1111 2717 1372 2788 libravm,
1402 2732 1450 2771 c.
1475 2716 1652 2788 3,}2.
1680 2718 1781 2783 Qui
1812 2718 2025 2787 quidem

461 2786 637 2858 ignem
673 2786 983 2855 prreferendi
1024 2802 1140 2841 mos
1168 2802 1196 2839 a
1230 2787 1408 2841 Persis
1436 2787 1502 2841 ad
1532 2786 1802 2858 Romanos
1834 2786 2026 2858 postea

464 2857 1017 2929 migravit;_Augustis
1043 2858 1214 2929 enim,
1239 2858 1282 2910 si
1317 2872 1422 2912 non
1456 2859 1607 2927 prius
1627 2898 1643 2923 ,
1665 2873 1695 2912 a
1727 2857 1791 2911 M.
1824 2859 2028 2914 Aurelii

459 2927 634 2983 tamen
656 2940 709 2983 et
730 2927 1157 2999 Commodiinde
1180 2938 1419 2996 tempore
1440 2930 1615 2995 ignem
1640 2939 1696 2981 ut
1723 2929 2028 2999 symbolum

460 2999 672 3068 imperii
693 3009 749 3051 et
774 2998 1078 3068 Augustalis
1104 2996 1321 3068 honoris
1346 3000 1625 3067 praelatum
1650 2996 1769 3053 esse
1798 3007 1945 3068 patet
1964 3016 2028 3054 ex

459 3066 750 3121 Herodiani
780 3066 871 3121 lib.
899 3083 936 3129 ι,
964 3082 1015 3120 c.
1039 3066 1092 3133 8,
1110 3067 1207 3136 716,
1232 3082 1289 3130 tt,
1313 3066 1369 3130 8,
1409 3068 1639 3135 aliisque
1670 3066 1827 3136 hujus
1863 3070 2033 3136 scrip-

461 3137 597 3191 toris
628 3138 779 3191 locis.
810 3136 885 3189 Dc
928 3135 1273 3191 Phoenicibus
1302 3137 1439 3204 ignis
1477 3135 1771 3192 cultoribus
1805 3140 2030 3193 consule

463 3206 639 3260 locum
671 3205 1161 3276 Sanchuniathonis
1181 3207 1244 3258 ad
1267 3220 1314 3259 c.
1338 3204 1393 3270 4,
1420 3204 1647 3259 relatum
1661 3208 1801 3276 apud
1823 3208 2029 3263 Euzeb.

465 3276 640 3345 Prtep.
671 3275 929 3344 Evangcl.
958 3292 996 3340 ι,
1027 3291 1076 3330 c.
1111 3276 1195 3329 10.

535 3346 861 3422 °_Clement.
896 3346 1179 3422 Alexandr.
1216 3345 1384 3399 Protr.
1410 3360 1466 3422 _c.
1502 3345 1565 3410 5,
1611 3345 1796 3422 p356;
1826 3354 2031 3422 Περσῶν

463 3415 517 3471 δὲ
542 3417 587 3492 ei
603 3417 845 3492 Μάγοιςιςὸ
868 3423 979 3492 nisi:
1006 3420 1329 3492 “terminatas,
1340 3420 1422 3471 καὶ
1446 3422 1547 3472 τῶν
1567 3417 1848 3492 malitias
1872 3415 2032 3492 γᾶκτρι-

463 3487 898 3543 κούντων⁷πολλοὺ
926 3487 1184 3541 Maximus
1205 3487 1396 3556 'l'yrius
1417 3501 1578 3540 scrin.
1609 3489 1706 3552 58;
1730 3487 1938 3543 Soerat.
1963 3487 2027 3541 H.

464 3556 531 3611 E.
563 3572 653 3620 vti,
703 3572 753 3609 c.
786 3556 849 3620 8;
878 3556 1122 3612 Bullinus
1161 3556 1298 3610 Hist.
1330 3572 1391 3622 ll,
1420 3570 1470 3611 c.
1505 3556 1606 3621 26;
1638 3566 1695 3611 et
1737 3558 1887 3611 multi
1915 3557 2029 3610 alii.

466 3627 644 3681 Persa:
681 3627 861 3680 omnia
892 3630 1152 3683 elementa
1182 3627 1362 3680 colunt
1394 3634 1663 3697 tamquam
1704 3628 1901 3682 claram
1937 3628 2029 3681 Dei

463 3698 722 3769 sobolem,
740 3698 786 3751 oi
814 3700 877 3753 τὰ
901 3706 1140 3769 στοιχεῖα
1165 3700 1527 3769 θεοποιοῦντες,
1561 3698 1666 3767 igni
1694 3714 1829 3769 vero,
1850 3697 2033 3769 etluci

469 3767 782 3835 primarium
834 3767 1420 3837 locum—fassignabant.
1466 3768 1579 3822 llue
1622 3768 1765 3822 enim
1803 3768 2035 3836 denique

468 3844 716 3904 spectant
763 3848 922 3903 atque
952 3836 1262 3892 referuntur
1286 3850 1477 3889 omnes
1505 3838 1753 3890 notiones
1780 3837 2037 3889 sublimes

468 3914 797 3974 sanetaique.
828 3906 1155 3963 Theodoreti
1203 3904 1338 3959 Hist.
1388 3906 1593 3958 Eccles.
1638 3919 1695 3969 v,
1732 3919 1781 3958 e.
1810 3907 1911 3967 58,
1946 3906 2032 3959 ed.

469 3974 687 4029 Schulz.
744 3991 825 4041 ιιι,
880 3993 931 4043 p.
976 3975 1133 4045 1082.
1183 3974 1259 4029 De
1302 3974 1611 4045 Babyloniis
1659 3976 1833 4041 ignem
1880 3984 2039 4042 atque

471 4060 664 4116 aquam
694 4047 993 4100 colentibus
1020 4044 1093 4116 cf.
1132 4045 1385 4116 Berosum
1420 4044 1508 4113 ap.
1543 4046 1875 4100 Clementem
1896 4045 2037 4100 Pro-

470 4113 635 4186 trept.
668 4131 786 4183 cap,
813 4117 865 4178 5,
898 4132 1015 4186 pag.
1047 4113 1133 4182 57,
1158 4114 1359 4169 Potter.

546 4186 565 4223 ί
598 4187 750 4255 Apud
778 4186 1098 4267 Xenophon.
1123 4189 1245 4265 Ζειξς
1265 4189 1501 4259 μέγιστος
1514 4189 1601 4241 καὶ
1614 4187 1884 4267 βασιλεὺς.
1911 4186 2039 4255 Ejus

471 4268 741 4327 sumntum
766 4272 959 4311 numen
984 4260 1383 4312 universitatem
1406 4272 1589 4312 rerum
1613 4260 1736 4327 igne
1756 4267 2042 4327 penetrans

470 4324 704 4398 vivilicat
731 4337 1032 4398 movetque.

544 4403 572 4441 ο
586 4392 722 4451 Sunt
738 4396 819 4451 ha:
841 4392 1034 4451 divina:
1056 4406 1349 4466 potestates
1374 4396 1670 4451 secundum
1687 4397 1901 4453 decreta
1919 4396 2044 4451 Phi-

472 4463 734 4530 los0pbia:
755 4466 992 4547 omnium
1014 4463 1126 4547 fere
1142 4478 1387 4546 veterum
1406 4468 1753 4535 populorum,
1769 4467 2042 4531 mascula,

478 4534 832 4603 procreatrix,
860 4545 914 4588 et
939 4534 1159 4597 femina,
1191 4534 1511 4601 parturiens.
1739 4534 1744 4535 “

545 4600 575 4638 ιι
612 4602 757 4656 Hand
786 4600 947 4658 dubie
974 4606 1269 4670 respiciunt
1292 4604 1540 4658 Mithram
1573 4604 1732 4659 deum
1758 4616 1812 4659 et
1833 4606 2039 4658 Mitram

1685 418 1851 479 JULll
1886 416 2138 478 FIRMICI
2172 418 2476 477 MATERNI

459 546 734 613 membris,
761 543 901 617 quod
930 541 1130 615 polluta
1159 539 1406 612 corporis
1431 537 1892 595 eontaminatione
1916 535 2029 606 pla—
2052 547 2107 607 Α

3584 414 3691 475 99Ἇ

2739 534 2959 593 CAPUT
2998 536 3064 592 ν.

2136 669 2161 725 Ι
2168 679 2267 725 lem
2290 669 2435 741 Ignis
2462 670 2602 740 apud
2629 669 2833 726 Persas.
2868 669 3064 724 Horum
3104 670 3346 741 mysteria
3398 668 3698 741 fetialesque

2204 764 2416 835 detegit,
2441 764 2656 818 lascivos
2687 766 2950 834 tristesque
2969 765 3096 817 ritus
3119 765 3419 829 detestatur,
3452 762 3697 819 admixtis

2203 870 2337 925 stupe
2355 871 2383 908 e
2416 855 2580 909 sacris
2609 853 3015 909 Christianorum
3049 854 3485 909 cohortationibus
3503 895 3519 919 ,
3549 862 3597 908 et
3624 851 3697 909 ad

2206 946 2359 1012 ﬁnem
2383 944 2594 1015 capitis,
2614 945 2699 1000 ubi
2730 954 2841 1017 post
2864 946 3133 1000 secundam
3158 947 3394 999 lacunam
3420 946 3484 999 de
3520 944 3699 999 anima

2200 1034 2422 1089 humana
2461 1036 2706 1106 loquitur,
2744 1036 3099 1106 philosophica
3142 1037 3297 1092 etiam
3328 1038 3392 1092 de
3417 1033 3701 1092 indissolu-

2203 1125 2295 1179 bili
2323 1128 2476 1180 animi
2502 1127 2676 1181 anima
2728 1126 3068 1183 ratiocinatio.

2207 1261 2384 1317 Persa:
2428 1269 2480 1316 et
2510 1261 2645 1333 Magi
2676 1276 2888 1329 omnes,
2919 1262 3009 1332 qui
3046 1262 3245 1317 Persia:
3272 1261 3510 1333 regionis
3547 1262 3701 1317 ineo.

2136 1350 2252 1407 lunt
2284 1351 2449 1419 lines,
2479 1353 2652 1423 ignem
2684 1353 2969 1423 prazlorunt
2994 1349 3021 1388 ά
3044 1361 3097 1407 et
3126 1351 3378 1407 omnibus
3421 1351 3703 1407 elementis

2136 1442 2544 1512 putantdebere
2578 1444 2814 1513 prmponi
2842 1454 2886 1497 ε.
2922 1442 2983 1497 lli
3016 1443 3192 1512 itaque
3220 1442 3407 1499 Jovem
3440 1440 3461 1481 ί
3490 1443 3543 1496 in
3571 1442 3704 1497 duas

2135 1533 2386 1589 dividunt
2438 1542 2732 1605 potestates
2782 1544 2806 1583 π
2850 1542 3091 1590 naturam
3145 1536 3260 1605 ejus
3310 1534 3375 1589 ad
3427 1534 3705 1603 utriusque

2131 1637 2291 1679 sexus
2337 1624 2722 1681 transferentes
2761 1622 2790 1662 ιι
2815 1633 2869 1681 et
2896 1626 2993 1679 viri
3031 1633 3084 1680 et
3127 1624 3359 1680 fteminte
3409 1624 3700 1679 simulacra

2137 1715 2273 1784 ignis
2301 1714 2654 1771 substantiam
2682 1716 2994 1786 deputantes
3029 1714 3045 1753 ί
3069 1757 3083 1781 ,
3107 1723 3162 1770 et
3192 1714 3468 1769 mulierem
3491 1713 3704 1782 quidem

2141 1806 2368 1862 triformi
2393 1808 2541 1863 vultu
2586 1809 2601 1859 l
2643 1810 3008 1874 constituunt,
3059 1806 3377 1862 monstrosis
3430 1820 3545 1861 eam
3588 1819 3705 1859 ser-

2141 1899 2391 1968 pentibus
2436 1899 2702 1968 illigantes
2732 1896 2779 1951 ιι.
2815 1898 2962 1965 Quod
2991 1898 3111 1951 ideo
3140 1897 3375 1963 faciunt,
3415 1910 3483 1951 ne
3506 1896 3574 1951 ab
3611 1910 3707 1950 au-

2136 1998 2289 2043 ctore
2313 2002 2412 2042 suo
2439 1988 2654 2043 diabolo
2680 1988 2854 2058 aliqua
2879 1987 3084 2042 ratione
3113 1985 3467 2041 dissentiantl
3490 2004 3503 2041 :
3529 1985 3625 2041 sed
3648 1994 3708 2041 ut

2137 2080 2236 2134 dea
2266 2094 2359 2133 sua
2401 2079 2744 2149 serpentibus
2772 2079 3009 2151 polluta,
3058 2078 3343 2133 maculosis
3382 2077 3585 2135 diaboli
3626 2079 3709 2132 in—

2137 2168 2382 2237 signibus
2410 2168 2724 2224 adornetur.
2756 2168 2939 2223 Virum
2986 2182 3111 2224 vero
3137 2164 3443 2223 abactorem
3474 2166 3639 2222 boum
3666 2174 3707 2203 ιιι

2138 2298 2337 2370 Heroso
2381 2307 2600 2353 auctore
2624 2297 2742 2370 (lib.
2767 2314 2844 2364 ιιι,
2877 2315 2930 2367 p.
2960 2297 3029 2353 70
3051 2300 3138 2353 ed.
3164 2296 3425 2370 Richteri)
3452 2296 3703 2368 perhibet

2141 2368 2392 2424 Clemens
2430 2371 2587 2424 Alex.
2617 2368 2883 2438 l’rotrept.
2914 2383 2961 2423 c.
2994 2370 3050 2433 5,
3082 2385 3132 2438 p.
3166 2369 3234 2424 57
3266 2369 3407 2422 Ροιι.

2212 2441 2225 2489 i
2255 2440 2528 2506 Quatenus
2558 2441 2609 2493 in
2641 2454 2755 2492 eam
2784 2454 2850 2493 ex
2881 2448 3056 2493 mente
3074 2438 3381 2509 Graecorum
3400 2438 3711 2509 coaluerant

2134 2507 2367 2580 Mylitta,
2411 2510 2739 2580 Artemisct
2782 2509 3123 2580 Persephone
3162 2507 3416 2580 (Cre'uzer
3448 2523 3512 2580 _t,
3555 2507 3703 2577 72.5).

2135 2578 2264 2633 Nam
2294 2580 2362 2634 de
2386 2580 2528 2635 idolo
2562 2578 2775 2648 Iricipiti
2819 2579 2881 2633 ad
2921 2578 3141 2635 formam
3183 2578 3408 2633 Hecates
3438 2578 3561 2633 ﬁcto
3600 2591 3708 2631 non

2136 2660 2218 2705 est
2245 2650 2385 2719 quod
2430 2652 2745 2719 cogitemus.
2780 2649 2844 2703 Et
2873 2649 2995 2703 licet
3022 2648 3247 2703 Mithras
3276 2650 3408 2704 artis
3454 2649 3710 2717 operibus

2115 2733 2259 2787 saepe
2288 2722 2445 2774 fuerit
2469 2718 2783 2789 eXpressus,
2809 2720 2877 2789 de
2905 2718 3060 2773 Mitra
3088 2729 3263 2789 tamen
3292 2720 3479 2773 iisdem
3502 2732 3711 2786 reprae-

2116 2785 2320 2844 sentata
2354 2785 2647 2861 numquam
2694 2804 2779 2843 me
2814 2785 2992 2859 legere
3024 2788 3244 2861 tuemini
3266 2829 3282 2855 ,
3312 2790 3413 2844 nisi
3460 2785 3584 2844 mox
3625 2801 3712 2843 se-

2133 2863 2348 2930 quentia
2379 2862 2479 2915 bue
2512 2860 2834 2930 pertineant.

2206 2930 2232 2967 ¹ί
2254 2930 2446 2986 Nescio
2473 2926 2539 2983 an
2565 2931 2667 2984 huc
2690 2928 3143 3000 refert-i:possiiit,
3172 2928 3255 2983 vel
3273 2942 3393 2983 eum
3418 2928 3567 3000 b_isee
3592 2926 3713 2982 Fir-

2144 3001 2270 3054 mici
2300 3003 2533 3069 aliquam
2565 2998 2963 3054 siinilitutlincm
2996 2999 3251 3069 habeant,
3284 3014 3406 3067 qua:
3436 2998 3712 3069 Diodorus

2134 3069 2347 3124 Siculus
2393 3067 2487 3124 lib.
2518 3086 2576 3131 ll,
2608 3085 2656 3123 c.
2691 3070 2746 3130 9,
2800 3086 2853 3138 p.
2892 3069 2989 3123 l2?)
3018 3067 3342 3138 wesseling.
3367 3108 3384 3132 ,
3414 3075 3594 3138 narrat
3636 3068 3710 3121 de

2134 3149 2307 3194 statua
2354 3139 2480 3208 Opis
2534 3140 2771 3195 sedentis
2801 3136 2870 3192 'in
2918 3136 3192 3208 cacumine
3245 3136 3547 3208 Pyramidis
3592 3149 3714 3205 qua

2134 3208 2266 3263 Belo
2292 3204 2862 3279 Babylonetexstructa
2902 3216 3036 3261 erat.
3078 3207 3238 3279 lianc
3284 3204 3560 3279 cuimduo
3598 3204 3714 3260 ser-

2139 3288 2325 3347 pentes
2376 3276 2569 3333 comita
2584 3278 2802 3343 bantur,
2834 3292 2972 3345 quos
3000 3276 3213 3345 quidem
3252 3276 3716 3347 numinisnaturte

2138 3345 2400 3403 Satellites
2431 3351 2542 3403 sive
2574 3348 2753 3401 socios
2798 3347 2962 3402 fuisse
2998 3362 3102 3400 non
3142 3354 3226 3399 est
3268 3346 3408 3413 quod
3433 3345 3709 3399 miremur.

2136 3418 2424 3481 Craterum.
2457 3435 2549 3473 cur
2579 3418 2717 3472 Solis
2741 3427 2927 3471 stature
2954 3417 3200 3471 draconis
3230 3414 3434 3485 elligies
3461 3415 3713 3486 subjungi

2132 3491 2289 3543 solita
2322 3490 2511 3555 fuerit,
2546 3488 3017 3542 docetMacrobius
3046 3487 3160 3542 Sat.
3190 3501 3229 3550 ι,
3258 3500 3309 3537 e.
3353 3486 3419 3541 19
3447 3494 3502 3539 et
3524 3486 3613 3540 20.

2210 3554 2505 3629 1Respicit
2553 3559 2829 3615 historiam
2882 3560 3059 3628 lapsus
3108 3556 3565 3626 Pretoplastorum
3604 3554 3713 3612 Ge-

2137 3642 2252 3685 HES.
2284 3646 2361 3684 111.

2205 3710 2244 3737 ω
2267 3700 2536 3755 Mithram.
2571 3698 2619 3751 ls
2642 3700 2783 3753 enim
2814 3698 3098 3752 vocabatur
3144 3697 3435 3766 Βουκλόπρς.
3467 3695 3714 3766 Porphy—

2137 3770 2247 3823 rius
2276 3772 2342 3824 de
2373 3775 2540 3822 Antro
2571 3769 2798 3837 Nymph.
2831 3782 2880 3821 c.
2918 3770 3034 3837 i8:
3066 3772 3151 3821 καὶ
3186 3764 3464 3827 Βουκλόπος
3485 3768 3593 3829 θεὸς
3618 3764 3711 3837 siin

2137 3840 2326 3911 γένεσιν
2351 3836 2625 3911 λεληθότως
2648 3839 2853 3911 rigatis».
2891 3836 3039 3911 Elide
3069 3838 3285 3890 abactor
3329 3838 3486 3911 [eum
3511 3878 3527 3904 ,
3569 3836 3714 3906 quod

2140 3906 2342 3963 diserte
2372 3909 2638 3975 expressit
2662 3907 2861 3960 Statius
2890 3906 3059 3961 Theb.
3091 3921 3129 3971 ι,
3169 3921 3314 3960 vers.
3350 3906 3474 3961 720.

2266 4020 2515 4082 Indignata
2533 4021 2672 4082 sequi
2693 4023 2997 4081 torquentem
3017 4031 3198 4068 cornua
3216 4017 3462 4069 Mithram.

2142 4128 2272 4199 Ejus
2300 4130 2471 4188 τελετὴ
2503 4128 2704 4183 idcirco
2726 4134 2943 4199 vocatur
2971 4127 3242 4197 βονκλοπίη
3265 4142 3287 4199 ;_
3314 4133 3390 4199 et.
3412 4124 3717 4199 quinquat-

2142 4194 2296 4254 aunis
2338 4201 2391 4254 in
2428 4199 2615 4253 orbem.
2646 4198 2851 4251 redibat
2878 4237 2892 4261 ,
2924 4194 3199 4265 propterea
3235 4195 3389 4248 κύκλα
3409 4194 3716 4255 Βουκλοπίης

2143 4271 2278 4324 dixit
2300 4270 2487 4334 Poeta,
2526 4270 2579 4323 b.
2621 4283 2673 4323 c.
2704 4264 2944 4322 solemne
2992 4264 3045 4321 et
3074 4268 3124 4319 in
3173 4265 3358 4334 orbem
3398 4264 3614 4318 rediens
3641 4265 3721 4319 le-

2143 4351 2285 4394 stum
2299 4381 2312 4393 .
2328 4339 2440 4395 Jos.
2462 4342 2727 4394 Scsucsa
2748 4337 2884 4409 apud
2898 4333 3477 4391 Wowerum—Furem
3503 4346 3719 4405 quoque

2145 4410 2419 4481 appellata
2442 4410 2863 4465 Commodianus
2896 4410 3143 4463 lnstruct.
3172 4421 3293 4474 xm,

2271 4523 2475 4585 Insuper
2499 4532 2550 4572 et
2566 4520 2722 4572 furem
2744 4522 2899 4585 adhuc
2922 4522 3185 4585 depingitis

2270 4584 2606 4645 Vertebatque
2624 4586 2776 4634 boves
2800 4584 2983 4633 alienos
3000 4597 3198 4645 semper
3218 4584 3267 4631 in
3288 4585 3457 4643 antris,

477 4673 631 4727 deam
683 4674 966 4727 Persarum
988 4716 1003 4739 ,
1054 4663 1121 4728 de
1148 4676 1340 4743 quibus
1383 4674 1698 4728 consulatur
1745 4672 2040 4729 Creuzerus
2067 4672 2121 4731 D
2144 4682 2290 4743 99111
2322 4667 2567 4743 Hercule
2592 4665 2717 4743 Capi
2775 4667 2937 4720 bOVt‘S
2984 4665 3229 4743 Emisequ}
3259 4663 3643 4743 _Q00lﬂnden§_-

475 4743 654 4814 Symb.
686 4744 791 4796 uud
820 4743 1039 4815 Mythol.
1068 4744 1274 4815 1,7728,
1306 4760 1421 4814 seq.
1454 4744 1690 4813 Uterque
1714 4755 1868 4797 erant
1908 4744 2043 4811 ignis

478 4816 745 4868 masculus
775 4824 829 4869 et
868 4816 1086 4870 femina.
1117 4814 1303 4869 Jovem
1349 4830 1585 4884 quoque,
1618 4822 1883 4882 quatenus
1922 4830 2041 4867 cum

475 4899 603 4957 aere
623 4887 1065 4957 componebatur,
1094 4885 1242 4957 διφυῆ
1265 4886 1363 4939 sibi
1391 4884 2047 4957 ﬁgiirabantcratj,teste

478 4956 817 5030 atheuagora
839 4970 889 5009 c.
918 4956 1006 5011 18.
1036 4953 1182 5030 Pana
1207 4956 1354 5030 διφυῆ
1378 4953 1535 5011 vocat
1558 4956 1709 5030 Plato
1750 4956 1802 5008 in
1827 4953 2043 5023 Craton

475 5024 614 5078 haud
667 5025 883 5095 quidem
922 5024 1275 5087 crediderim;
1314 5038 1371 5081 ut
1412 5043 1516 5082 non
1560 5027 1692 5080 nulli
1738 5034 2044 5089 autumant,

477 5102 695 5165 pr0pter
723 5096 1029 5151 inferiorem
1051 5112 1277 5167 eamque
1304 5097 1529 5152 ferinam
1553 5097 2048 5167 corporispartem,

474 5167 569 5219 sed
597 5168 721 5235 quia
749 5181 849 5235 pro
878 5178 1101 5232 naturae,
1132 5166 1345 5237 gemina
1388 5170 1483 5222 ista
1511 5183 1670 5237 quam
1704 5166 2054 5221 indicavimus

479 5245 745 5304 poteState
768 5237 1067 5299 instructa),
1098 5240 1315 5291 numine
1346 5239 1663 5293 habebatur.

552 5305 569 5377 ἱ
595 5306 741 5361 Adde
770 5306 837 5359 ad
869 5318 993 5361 ant-2
1022 5309 1115 5360 viri
1133 5347 1149 5373 ,
1181 5308 1266 5363 vel
1290 5318 1414 5361 ante
1457 5309 1626 5377 ignis,
1658 5307 1800 5377 quod
1846 5304 2051 5377 malim.

480 5374 688 5432 Habent
714 5378 853 5429 enim
882 5377 1014 5431 duas
1035 5386 1268 5439 statuas,
1295 5374 1521 5431 alteram
1553 5374 1844 5431 masculam
1868 5418 1883 5441 ,
1916 5376 2054 5429 alte-

478 5461 591 5517 ram
621 5446 965 5511 muliebrem,
998 5462 1116 5517 quae
1144 5446 1275 5516 ipsis
1296 5456 1421 5517 sunt
1447 5447 1741 5515 imagines.
1789 5462 1884 5502 seu
1910 5461 2055 5517 sym-

478 5516 599 5571 bola
620 5517 850 5586 duplicis
869 5516 1178 5574 substantive
1206 5518 1365 5587 ignis.
1386 5516 1577 5571 Facem
1599 5518 1815 5587 prtefert
1835 5516 2051 5587 Strabo,

480 5590 571 5653 qui
600 5603 675 5651 χι,
700 5585 757 5641 ιι.
788 5588 843 5650 8,
876 5605 928 5657 p.
960 5589 1067 5645 478
1093 5587 1181 5643 ed.
1206 5585 1537 5652 Tzschucke,
1560 5585 1630 5643 de
1659 5590 1849 5642 statuis
1876 5585 2055 5655 loqui-

482 5664 590 5727 tur.
621 5658 885 5713 Anaitidis
905 5668 958 5713 et
996 5658 1187 5715 Omani
1231 5666 1389 5727 atque
1428 5658 1690 5712 Anandati
1717 5659 2056 5714 Persicorum

482 5723 797 5798 Geniorum,
829 5744 860 5783 a
888 5730 1039 5784 Saeis
1066 5740 1122 5785 et
1143 5723 1459 5798 Massagetis
1500 5728 1645 5783 Zela:
1672 5729 1724 5783 in
1750 5729 1941 5783 eadem
1968 5740 2062 5781 ara

484 5797 691 5869 positis.
717 5796 1152 5869 Cultniniautem
1188 5796 1651 5869 bnnc‘imaginum
1682 5800 1820 5869 apud
1864 5799 2059 5869 Persas

482 5864 552 5920 ab
594 5864 889 5926 Artaserxe
933 5867 1073 5925 Darii
1116 5868 1249 5930 Ochi
1300 5869 1411 5928 lilio
1454 5864 1818 5933 introductum
1860 5864 2056 5933 fuisse,

2144 4737 2224 4791 Cl.
2256 4737 2443 4803 Zoegae
2471 4736 2848 4803 Abbandlugen
2874 4775 2889 4799 ,
2934 4732 3132 4789 edente
3159 4732 3464 4799 Welckero,
3497 4749 3549 4802 p.
3579 4734 3700 4789 151.

2146 4808 2241 4877 De
2278 4808 2379 4877 hoc
2408 4805 2595 4877 Mithra
2626 4807 2887 4877 Βουκλόπῳ
2934 4805 3053 4860 vide
3082 4804 3403 4877 Creuzerum
3434 4805 3618 4877 Sytnb.
3652 4820 3710 4869 t,

2149 4894 2201 4943 p.
2234 4876 2338 4930 785
2364 4890 2477 4943 seq.
2509 4875 2775 4930 Kleukero
2805 4875 2985 4928 taurus
3012 4884 3097 4929 est
3137 4875 3439 4944 symbolum
3478 4876 3711 4930 feminze.

2146 4947 2339 5003 Nescio
2363 4959 2427 4997 an
2459 4954 2635 4999 recte:
2660 4961 2779 4999 nam
2812 4961 3096 5014 numquam
3125 4959 3322 5011 vacem,
3348 4961 3564 5014 semper
3584 4944 3723 4999 tauri

2158 5018 2319 5072 habet
2364 5017 2885 5069 lormam.Attanten
2935 5016 3206 5070 Luctatius
3243 5016 3309 5069 ad
3355 5017 3510 5071 Statii
3582 5016 3723 5069 Tlte-

2160 5088 2343 5143 baidos
2371 5102 2407 5148 ι,
2458 5100 2602 5140 vers.
2635 5086 2759 5147 719,
2788 5085 2909 5149 720,
2963 5102 3053 5150 per
3075 5094 3283 5141 taurum
3326 5088 3529 5141 Lunam
3562 5102 3590 5139 a
3622 5084 3718 5140 Mi-

2160 5158 2278 5211 thra
2312 5159 2585 5209 subactam
2617 5157 2885 5223 intelligit.
2914 5158 3026 5211 Erit
3047 5173 3176 5212 vero
3203 5158 3376 5224 potius
3419 5156 3718 5227 symbolum

2160 5228 2297 5281 tauri
2323 5227 2623 5295 primigenii
2655 5243 2684 5281 a
2712 5230 2988 5281 venenatis
3004 5227 3308 5281 Abrimanis
3338 5228 3601 5282 creaturis
3625 5240 3722 5280 neo

2159 5298 2288 5358 cati.
2336 5297 2487 5364 cujus
2517 5310 2701 5352 semen
2724 5312 2752 5351 a
2793 5298 2944 5352 bonis
2986 5298 3171 5352 Geuiis
3199 5297 3364 5351 Luna:
3398 5297 3724 5352 servandum

2160 5368 2497 5423 credebatur.
2526 5367 2636 5432 Qua
2665 5366 2803 5423 forte
2830 5368 2895 5422 de
2920 5384 3078 5423 causa
3111 5368 3334 5422 Mitbras
3353 5408 3369 5433 ,
3402 5366 3723 5436 principium

2163 5447 2367 5492 natura:
2395 5438 2649 5500 activum,
2683 5440 2733 5492 in
2761 5439 3118 5493 monumentis
3148 5446 3357 5491 taurum
3382 5434 3449 5492 eo
3494 5434 3723 5492 consilio

2161 5510 2389 5580 pugione
2418 5507 2750 5563 intcrllciens
2770 5520 3206 5579 reprzesentatur,
3230 5518 3287 5563 ut
3306 5522 3498 5563 omnes
3525 5509 3725 5577 planta:

2157 5596 2222 5635 ex
2246 5579 2515 5635 'cadavere
2534 5580 2673 5650 ejus,
2702 5584 2877 5650 omnia
2903 5591 3079 5634 autem
3120 5580 3369 5634 animalia
3395 5593 3462 5650 ex
3493 5581 3611 5650 ejus
3639 5590 3728 5630 se-

2158 5652 2305 5706 mine
2334 5648 2701 5707 nascerentur.
2738 5649 2883 5705 Hanc
2923 5650 3341 5719 explicationem
3377 5649 3553 5718 Zocga
3582 5648 3727 5719 inter

2158 5723 2293 5776 alias
2324 5722 2595 5791 proponit,
2626 5720 2753 5776 licet
2779 5737 2894 5776 eam
2918 5714 3147 5791 probare
3160 5720 3301 5775 haud
3323 5714 3586 5774 videatur.
3606 5714 3726 5770 Cas.-

2161 5804 2331 5853 tcrum
2362 5802 2486 5846 sunt
2511 5792 2625 5862 haec
2654 5794 2905 5862 mysteria
2933 5792 3226 5857 Mitliriaea,
3260 5791 3333 5854 de
3375 5791 3569 5862 quibus
3593 5800 3727 5840 con—

2160 5851 2243 5917 lcr
2268 5863 2357 5917 Sal
2368 5860 2641 5918 nte-(imi!
2653 5900 2668 5918 .
2691 5851 2993 5917 llrrﬁerclm
3008 5851 3311 5918 historidues
3325 5851 3623 5921 steriliques
3635 5861 3724 5906 stu‘
