3936 6410
165 295 288 365 997.

1095 304 1184 363 ne
1225 263 1502 364 annonis
1541 300 2009 365 rnorauanuu
2045 303 2487 362 RELIGIONUM.

3319 301 3424 356 $138

170 415 452 472 atrocitate
489 425 794 474 commotus
817 457 833 485 ,
859 418 1078 474 Titanes
1113 418 1330 491 quidem
1369 421 1518 474 vario
1549 436 1749 488 genere
1778 431 1828 491 Α
1856 419 2068 490 tyranni
2115 418 2412 473 facinorosa
2444 417 2735 472 crudelitas
2775 417 2829 470 in
2863 417 3057 471 animis
3097 417 3426 473 audientium

173 508 558 578 suppliciorum
583 511 917 566 excruciatos
946 522 1102 566 necat
1121 521 1168 566 ⁸.
1192 505 1299 568 Nec
1323 513 1748 583 praetermissum

179 608 263 655 est
289 599 342 654 in
370 599 573 657 ultione
600 600 697 655 filii
721 611 812 657 aut
833 609 1158 658 tormentum
1180 602 1400 672 aliquod
1432 614 1521 657 aut
1559 618 1747 673 paena,

177 681 282 747 sed
307 708 402 762 per
430 693 614 747 omnia
641 707 921 764 poenarum
953 708 1149 763 genera
1183 693 1479 748 bacchatus
1503 735 1518 758 ,
1563 708 1751 748 necem

178 783 650 854 qualitercumque
689 784 779 837 filii
812 783 1137 852 vindicavit,
1176 783 1378 838 affectu
1417 784 1630 854 quidem
1660 799 1757 854 pa-

178 873 302 942 tris,
326 873 422 929 sed
446 875 722 946 tyrannica
745 883 1029 944 potestate.
1055 874 1208 930 Tunc
1231 875 1351 946 quia
1375 875 1574 929 diutius
1607 883 1760 944 pater

179 960 322 1020 ferre
355 965 587 1036 lugentis
616 965 780 1021 animi
814 973 1083 1022 tormenta
1115 981 1219 1020 non
1261 975 1514 1036 poterat,
1545 976 1598 1020 et
1634 965 1756 1035 quia

179 1055 336 1112 dolor
358 1073 424 1114 ex
447 1058 681 1114 orbitate
711 1059 932 1115 veniens
963 1059 1127 1114 nullis
1152 1059 1360 1112 solatiis
1391 1058 1756 1128 mitigabatur,

180 1149 468 1220 imaginem
499 1151 614 1222 ejus
641 1168 707 1207 ex
737 1166 933 1222 gypso,
965 1151 1192 1221 plastico
1220 1166 1384 1222 opere
1415 1151 1682 1220 perfecit,
1706 1161 1761 1204 et

179 1254 298 1307 cor,
327 1257 390 1297 ex
414 1258 520 1316 quo
549 1242 754 1298 facinus
787 1244 995 1308 fuerat,
1025 1258 1216 1298 sorore
1265 1242 1578 1307 deferente,
1609 1242 1764 1297 dete-

181 1339 376 1399 ctum,
426 1333 481 1388 in
531 1350 592 1389 ca
641 1343 792 1404 parte
837 1335 1024 1405 plastae
1063 1335 1330 1400 collocat,
1373 1349 1475 1404 qua
1524 1332 1763 1404 pectoris

183 1424 394 1482 fuerant
429 1427 754 1482 lineamenta
787 1426 1036 1482 formata.
1084 1426 1216 1480 Post
1257 1427 1372 1480 haec
1423 1441 1517 1494 pro
1552 1424 1764 1495 tumulo

184 1518 418 1573 exstruit
462 1517 720 1588 templum
748 1558 763 1585 ,
806 1527 861 1573 et
891 1518 1244 1588 paedagogum
1290 1517 1438 1587 pueri
1485 1516 1767 1571 constituit

184 1607 546 1663 sacerdotem.
591 1608 722 1663 lluic
761 1608 974 1665 Silenus
1004 1609 1106 1663 fuit
1134 1623 1330 1664 nomen
1351 1606 1402 1661 δ.
1435 1608 1724 1663 Cretenses
1749 1645 1763 1672 ,

185 1706 253 1751 ut.
271 1697 502 1754 furentis
531 1699 744 1770 tyranni
765 1700 1028 1755 saevitiam
1053 1700 1364 1770 mitigarent
1393 1710 1413 1738 ο
1441 1740 1454 1764 ,
1488 1698 1657 1754 festos
1688 1699 1767 1751 fu—

1855 511 2078 564 funestis
2120 526 2332 577 semper
2381 507 2732 562 relationibus
2767 517 3099 563 renascatur.
3145 509 3294 564 llu::c
3330 509 3433 580 Ly-

1853 615 2050 670 cutgus
2089 609 2149 666 8,
2188 599 2367 654 sobria
2413 599 2648 652 virorum
2698 599 3073 668 ennjuratitute
3123 611 3433 670 protectus,

1853 708 2019 762 regno
2047 693 2225 760 exuit,
2271 693 2420 762 pellit
2459 693 2648 761 patria.
2693 692 2875 760 Neque
2915 693 3058 747 enim
3093 693 3436 748 effeminatus

1855 787 1949 842 ille
1971 799 2293 841 consensum
2316 785 2556 839 virorum
2583 786 2751 854 potuit
2786 785 2983 840 diutius
3014 788 3307 858 stistinege.
3339 785 3435 840 Ef-

1860 879 2177 933 feminatutn
2216 877 2359 932 enim
2391 876 2582 952 fuisse,
2628 887 2680 931 et
2711 887 3010 941 amatorum
3039 880 3290 933 serviisse
3319 878 3438 932 libi-

1859 971 2092 1036 dinibus,
2118 969 2428 1026 Graecorum
2453 971 2748 1039 gymnasiis
2772 970 3091 1025 decantatur
3112 967 3157 1025 ιι.
3184 970 3293 1027 Nec
3316 971 3438 1041 fuga
3471 991 3478 1002 ι

1860 1063 1974 1131 ejus
2005 1062 2280 1134 Lycurgus
2313 1071 2517 1116 tantum
2545 1072 2627 1116 est
2660 1063 2968 1132 exsilioque
2997 1072 3282 1118 contentus
3302 1105 3316 1127 ,
3345 1065 3440 1117 sed

1863 1154 2057 1206 timens
2104 1169 2170 1207 ne
2217 1154 2422 1222 fugiens
2463 1162 2516 1206 et
2545 1153 2614 1205 ab
2641 1152 2760 1206 aliis
2800 1163 3052 1224 receptus
3078 1197 3091 1220 ,
3140 1155 3435 1210 ludibriosa
3495 1141 3499 1145 ’

1861 1248 2127 1303 scelerum
2169 1262 2387 1302 suorum
2425 1245 2586 1300 etiam
2615 1246 2665 1299 in
2694 1246 2792 1298 alia
2825 1246 3043 1315 regione
3073 1247 3334 1302 condet-et
3357 1263 3443 1301 se-

1865 1337 2035 1402 ntina,
2061 1338 2369 1392 succinctus
2401 1337 2542 1390 ferro
2567 1378 2582 1401 ,
2616 1334 2803 1404 patria:
2831 1335 3064 1390 dedecus
3096 1337 3287 1391 minaci
3328 1353 3449 1406 prr-

1869 1430 2114 1498 sequitur
2148 1429 2347 1483 edicto.
2379 1427 2528 1481 Tunc
2566 1426 2728 1481 Liber
2766 1427 3018 1496 projeclis
3059 1427 3273 1492 infulis,
3312 1443 3446 1497 quas

1865 1521 2167 1593 pampineis
2199 1535 2519 1575 coronarum
2557 1518 2778 1572 circulis
2817 1519 3082 1587 illigabat,
3117 1535 3237 1573 cum
3281 1509 3446 1573 senti-

1867 1614 1986 1668 viro
2016 1612 2273 1666 comitatu
2316 1610 2525 1681 fugiens
2559 1599 2698 1682 (soli
2730 1610 2874 1665 enim
2919 1626 3038 1664 eum
3102 1610 3274 1664 scenti
3322 1618 3447 1664 sunt

1868 1715 2176 1773 stuprorum
2205 1712 2259 1757 et
2289 1702 2613 1772 flagitiorum
2639 1709 2695 1755 et
2725 1701 3004 1756 libidinum
3031 1699 3196 1772 socii)
3223 1716 3314 1768 per
3336 1716 3446 1754 ont-

186 1789 340 1846 neris
368 1788 486 1845 dies
515 1798 791 1860 statuunt,
839 1799 894 1847 et
939 1806 1177 1845 annuum
1226 1805 1439 1846 sacrum
1492 1788 1765 1844 trieterica
1797 1805 1844 1865 Β
1871 1809 1968 1848 nes
1996 1809 2116 1848 oras
2154 1793 2316 1847 vicini
2348 1793 2511 1847 maris
2538 1807 2658 1846 cum
2713 1806 2924 1844 summa
2959 1791 3319 1860 trepidatione
3349 1791 3448 1844 de-

186 1882 598 1936 consecratione
642 1890 1000 1952 componunt,
1047 1883 1229 1937 omnia
1277 1881 1372 1952 per
1401 1881 1644 1935 ordinem
1685 1879 1763 1933 fa-

186 1972 416 2038 cientes,
450 1988 570 2043 quze
600 1987 734 2043 puer
765 1974 1004 2027 moriens
1033 1981 1130 2027 aut
1151 1971 1295 2036 fecit,
1324 1980 1414 2025 aut
1441 1985 1632 2036 passus
1663 1979 1767 2024 est.

186 2061 382 2119 Vivum
417 2063 622 2118 laniant
646 2063 900 2118 dentibus
931 2072 1144 2118 taurum
1178 2060 1204 2098 ιι
1229 2105 1243 2128 ,
1291 2061 1539 2117 crudeles
1582 2060 1771 2130 epulas

188 2155 385 2209 annuis
429 2155 1036 2210 comtnemorationibus
1071 2156 1373 2212 excitantes
1399 2195 1414 2221 ,
1460 2167 1511 2209 et
1557 2169 1652 2224 per
1689 2169 1770 2208 se-

187 2256 341 2301 creta
373 2245 648 2324 sylvarum
684 2246 1019 2302 clamoribus
1071 2247 1310 2302 dissonis
1359 2246 1622 2318 eiulantes
1675 2243 1773 2298 tin-

188 2350 327 2411 gunt
353 2339 521 2394 animi
566 2339 798 2396 furentis
826 2340 1126 2406 insaniam,
1162 2348 1219 2394 ut
1247 2339 1378 2392 illud
1427 2337 1636 2391 facinus
1667 2351 1772 2390 non

191 2445 294 2502 per
323 2431 566 2486 fraudem
593 2430 790 2487 factum
816 2474 832 2499 ,
866 2431 960 2487 sed
998 2447 1089 2501 per
1118 2431 1381 2485 insaniam
1410 2430 1726 2484 crederetur
1756 2447 1769 2481 :

192 2520 482 2592 praefertur
508 2523 664 2590 cista,
697 2524 750 2576 in
783 2537 885 2593 qua
911 2535 1009 2576 cor
1034 2535 1191 2576 soror
1219 2520 1448 2575 latenter
1476 2518 1776 2574 absconde-

193 2621 314 2680 rat;
345 2613 594 2669 tibiarum
625 2622 783 2669 cantu
806 2625 861 2668 et
887 2611 1258 2684 cymbalorum
1299 2612 1498 2666 tinnitu
1539 2624 1776 2680 crepun-

193 2702 284 2760 dia
309 2745 326 2772 ,
368 2704 564 2775 quibus
602 2719 735 2775 puer
759 2703 1018 2775 deceptus
1045 2702 1256 2768 fuerat,
1296 2703 1653 2758 mentiuntur.
1687 2703 1779 2758 Sic

195 2794 251 2850 in
282 2793 549 2851 honorem
603 2791 820 2867 tyranni
851 2809 880 2849 a
914 2794 1187 2850 serviente
1228 2793 1384 2862 plebe
1429 2792 1563 2847 deus
1607 2793 1780 2846 factus

196 2897 320 2955 est,
365 2888 456 2958 qui
499 2885 702 2943 habere
732 2902 838 2942 non
866 2889 1041 2958 potuit
1069 2887 1426 2956 sepulturam.
1465 2884 1589 2940 Fuit
1617 2885 1780 2940 etiam

197 2977 345 3033 alius
367 2977 529 3033 Liber
558 2976 702 3048 apud
751 2977 970 3033 Thebas
1006 2987 1269 3048 tyrannus
1297 2985 1320 3013 ο
1342 3017 1357 3042 ,
1399 2974 1622 3044 magica!
1648 2975 1782 3031 artis

199 3075 472 3139 potestate
493 3069 839 3140 conspicuus.
869 3069 964 3124 llic
983 3083 1107 3124 cum
1132 3048 1424 3123 muliebres
1456 3066 1663 3152 a’nitnos
1697 3082 1784 3120 ve-

200 3162 363 3218 nenis
389 3162 708 3235 quibusdam
737 3173 792 3218 et
818 3158 1155 3219 carminibus
1179 3169 1501 3230 occupasset
1525 3199 1542 3226 ,
1575 3175 1672 3235 pro
1699 3174 1782 3213 ar-
1807 3191 1854 3252 Ο

200 3251 366 3307 bitrio
392 3266 490 3308 suo
517 3253 755 3308 crudelia
786 3253 1022 3308 facinora
1046 3252 1345 3307 furentibus
1371 3251 1696 3322 imperabat,
1729 3259 1786 3304 ut

201 3351 388 3400 mente
412 3354 600 3414 captas
619 3344 830 3399 nobiles
851 3344 1097 3400 feminas
1122 3352 1176 3398 et
1200 3342 1482 3398 libidinum
1513 3338 1785 3396 ministras

203 3435 432 3491 haberet
459 3444 516 3490 et
537 3435 829 3493 scelerum.
871 3437 973 3502 Qui
1005 3437 1192 3505 qualia
1217 3433 1406 3489 fecerit
1433 3435 1671 3500 scelera,
1700 3434 1786 3487 vel

201 3535 467 3598 quantum
495 3527 652 3582 matri
693 3536 880 3582 contra
913 3527 1080 3580 filium
1103 3567 1117 3592 ,
1160 3526 1246 3582 vel
1276 3526 1554 3581 Sororibus
1595 3533 1784 3579 contra

204 3617 437 3674 fratrem
478 3618 825 3688 imperaverit
870 3617 1113 3685 facinus,
1161 3617 1215 3672 in
1248 3618 1426 3672 scenis
1472 3615 1712 3686 quotidie
1755 3630 1786 3669 a

205 3709 401 3784 tragici
444 3711 702 3767 carminis
746 3709 1058 3768 auctoribus
1103 3707 1375 3766 traditur‘
1399 3750 1412 3775 ,
1448 3718 1507 3764 ut
1535 3707 1788 3765 scelerati

283 3881 310 3910 ι
355 3869 432 3927 De
457 3868 542 3924 bis
568 3866 985 3926 Commodianus
1015 3867 1176 3923 lnstr.
1211 3882 1303 3932 xx,
1334 3865 1420 3922 tibi
1456 3882 1469 3917 :

338 3982 567 4034 Adoratis
583 3983 713 4032 enim
734 3979 868 4032 stulti
890 3980 1014 4030 mala
1035 3979 1136 4030 Icto
1158 3978 1430 4028 defunctos.

281 4087 310 4126 δ
362 4086 441 4143 De
464 4088 565 4142 hoc
592 4085 788 4141 Bacchi
814 4083 1112 4153 Paadagogo
1137 4081 1257 4138 vide
1284 4080 1530 4135 Lactant.
1559 4095 1598 4144 ι,
1623 4093 1672 4133 c.
1701 4079 1793 4144 21,

211 4156 912 4232 etcreuzerum,ttt.51_4.
1008 4224 1043 4232 μ
1120 4220 1139 4232 η
1219 4221 1228 4232 ,
1291 4221 1305 4232 _
1391 4219 1511 4232 ΛΔ
1635 4218 1684 4232 η
1754 4219 1765 4231 ,

287 4242 310 4270 ο
357 4228 503 4284 Loca
550 4218 792 4282 veterum
831 4227 898 4280 de
936 4224 1084 4277 cultu
1111 4220 1260 4275 Jovis
1291 4221 1346 4274 in
1388 4219 1548 4273 Creta
1599 4218 1798 4274 videsis

211 4300 361 4370 apud
393 4298 684 4364 Meursium
722 4297 775 4351 in
797 4296 951 4381 Creta
974 4289 1329 4380 (.Amstelod”
1363 4288 1549 4370 “57.5),
1584 4289 1796 4370 p.._l98.

231 4438 245 4442 _
285 4373 343 4442 d_
362 4369 960 4442 llesychLZI'aupopay‘oc
999 4384 1025 4416 ο
1060 4373 1334 4442 Αιονγσος.
1368 4358 1578 4442 Surdas
1609 4359 1793 4440 Itidem

1871 1884 2199 1954 sperationis
2221 1883 2439 1938 erratit.
2458 1882 2571 1937 lllic
2595 1883 2734 1936 inter
2749 1883 2928 1936 ebrias
2952 1879 3192 1950 puellasi
3222 1893 3276 1936 et
3300 1882 3451 1935 vino-

1872 1975 2050 2028 lentos
2072 1989 2252 2038 senes,
2283 1989 2406 2028 cum
2429 1972 2605 2028 adhuc
2628 1987 2749 2026 eum
2775 1971 3040 2026 scelerum
3074 1985 3270 2042 pompa
3309 1985 3448 2046 prae-

1874 2065 2126 2132 cederet,
2169 2076 2221 2120 et
2249 2067 2386 2119 alter
2417 2065 2567 2134 nigro
2595 2065 2797 2117 antictu
2831 2072 2999 2129 teter,
3046 2064 3183 2118 alter
3228 2074 3451 2117 oswnso

1875 2173 2051 2229 angue
2083 2158 2338 2214 terribilis
2366 2157 2412 2222 i,
2444 2157 2580 2212 alter
2607 2166 2860 2212 cruentus
2886 2171 2981 2212 ore
3004 2197 3017 2221 ,
3046 2157 3172 2210 dum
3201 2157 3322 2210 viva
3357 2171 3452 2226 pe—

1875 2251 2018 2304 coris
2058 2250 2297 2304 membra
2340 2246 2633 2320 discerpit,
2664 2264 2692 2302 a
2735 2248 2981 2320 Lycurgo
3025 2249 3453 2318 comprehensus

1877 2355 1974 2408 per
2006 2332 2300 2409 proximam
2341 2355 2561 2408 rupem,
2595 2355 2713 2409 quae
2742 2341 3063 2394 immensum
3097 2339 3454 2408 praecipitium

1877 2429 2020 2485 saxis
2050 2431 2211 2485 inviis
2241 2429 2477 2495 fecerat,
2506 2430 2557 2483 in
2603 2445 2750 2484 mare
2781 2429 3180 2499 przecipitatur,
3217 2439 3272 2483 ut
3316 2429 3456 2485 lace-

1879 2537 1998 2576 rum
2031 2535 2228 2591 corpus
2249 2519 2486 2597 :marinis
2509 2513 2613 2574 diu
2649 2520 2908 2589 jactatum
2949 2519 3232 2588 fluctibus,
3265 2535 3455 2576 erran-

1880 2613 2008 2666 tium
2039 2613 2355 2683 populorutn
2398 2613 2606 2666 animos
2632 2612 2699 2666 ad
2744 2613 2990 2667 sanitatis
3037 2627 3101 2667 ac
3145 2614 3458 2668 sobrietatis

1879 2703 2125 2758 ordinem
2156 2718 2342 2788 severa
2386 2702 2851 2759 animadversione
2879 2714 3182 2758 revocaret.
3218 2704 3370 2758 Hunc
3399 2705 3461 2758 fi-

1883 2809 2003 2848 nem
2030 2793 2208 2848 Liberi
2236 2793 2522 2859 Homerus,
2557 2805 2614 2848 ut
2637 2795 2814 2863 fugam
2841 2803 2895 2849 et
2927 2794 3337 2866 trepidationem
3367 2793 3462 2849 de-

1885 2893 2108 2955 tegeret,
2139 2893 2193 2940 et
2219 2895 2276 2940 ut
2302 2885 2618 2941 ostenderet
2639 2894 2893 2952 mortem,
2923 2885 2968 2940 a'
3025 2902 3038 2938 :

2380 3063 2392 3073 .
2426 3063 2436 3073 .
2472 3063 2482 3073 .
2515 3060 2527 3074 .
2560 3060 2572 3074 .
2604 3061 2615 3073 .
2651 3063 2660 3072 .
2694 3028 2933 3085 Atheuae}!
2957 3034 3125 3086 νοσηοιὶς

2103 3096 2237 3136 Mm"
2261 3095 2348 3143 ἁλὸς
2369 3097 2467 3135 κατὰ
2489 3101 2594 3147 κῦμα·
2619 3098 2720 3143 Θὶτκ
2744 3093 2980 3140 δ’ἱηηδιειτο
3004 3097 3124 3147 κόλπῳ

2107 3135 2284 3197 λιιδιόςα·
2309 3135 2483 3210 necnec;
2506 3135 2573 3210 1d?
2591 3135 2649 3211 tl}
2667 3135 2798 3209 Jay»;
2817 3135 2948 3210 ivdpe;
2969 3135 3167 3208 ὀμοιλῇᾜ.

1961 3249 2201 3306 Imitatur
2226 3259 2299 3318 te,
2329 3251 2593 3321 Lycurge,
2622 3259 2677 3304 et
2705 3251 2943 3305 sobrium
2970 3252 3118 3304 tuum
3157 3248 3462 3305 institutum

1893 3342 2177 3412 sequitur,
2210 3356 2311 3396 nec
2353 3356 2383 3394 a
2429 3340 2755 3396 salutaribus
2793 3342 2902 3396 tuis
2943 3341 3151 3410 legibus
3202 3341 3470 3396 exorbitat

1894 3435 2054 3487 etiam
2102 3433 2289 3486 consul
2320 3441 2507 3488 noster
2534 3432 2882 3488 Posthumius
2909 3430 2954 3484 ι.
2994 3431 3122 3486 Nam
3150 3432 3286 3486 sicut
3323 3433 3374 3485 in
3407 3430 3473 3485 li-

1897 3525 2006 3578 bris
2043 3523 2344 3577 Annalibus
2382 3523 2718 3588 invenimus,
2753 3521 3233 3578 Bacchanaliorum
3263 3521 3468 3575 scelera

1897 3615 2095 3671 Ebutio
2134 3613 2364 3685 quodam
2394 3609 3047 3668 adolescentedeferente
3074 3612 3285 3664 detecta
3319 3617 3470 3664 sunt.

1902 3709 2080 3764 Erant~
2094 3707 2267 3762 adhuc
2293 3706 2348 3760 in
2371 3705 2502 3760 urbe
2529 3703 2701 3758 Roma
2731 3701 2926 3773 integri
2949 3716 3149 3768 mores,
3183 3715 3284 3756 nec
3322 3699 3472 3778 quis-

1902 3880 1968 3920 eo
1996 3863 2140 3920 conf.
2170 3862 2364 3934 Zoegre
2405 3861 2840 3934 dissertationem
2877 3877 2896 3934 :_
2929 3859 3188 3934 Lycurgos
3230 3875 3327 3914 con
3352 3857 3472 3934 den

1903 3935 2174 3989 Mamaden
2197 3929 2521 4001 beatoungeu,
2547 3943 2602 3984 et
2625 3929 2898 4001 welckeri
2913 3929 3304 4001 additamenta.
3335 3931 3478 3982 Ana—

1939 4004 2135 4074 lyphntt
2165 4001 2296 4074 ibid.
2331 3999 2649 4074 illustratur.
2678 3999 2868 4074 Omnia
2895 3999 3027 4074 hare
3053 4015 3138 4074 cx“
3163 3999 3473 4074 Euhemero

1941 4019 2135 4074 typuntt
2165 4019 2296 4057 ωια.
2331 4019 2649 4055 ιιιυειτιιιυτ.
2678 4019 2868 4052 umma
2913 4019 3027 4052 ιιιιξιι
3053 4019 3119 4051 CX
3164 4019 3473 4052 uunemert)

1899 4019 2147 4126 gausisse
2201 4071 2413 4126 videtur
2465 4068 2749 4123 Firmieus.
2811 4068 3014 4122 Fabula
3069 4068 3196 4122 olim
3267 4068 3474 4122 exstitit

1903 4141 2147 4212 Escltyli
2168 4140 2442 4212 Lycurgus
2474 4139 2748 4212 inscripta.

1975 4210 2004 4249 ιι
2043 4206 2167 4266 Hinc
2195 4206 2542 4280 intelligenda
2575 4208 2827 4280 videntur
2850 4208 2922 4280 de
2949 4206 3333 4280 certaminibus
3361 4211 3477 4262 ntu-

1901 4283 2067 4344 sicis.
2102 4295 2220 4348 quae
2247 4277 2394 4334 inter
2416 4277 2580 4334 festos
2617 4277 2841 4332 deorum
2873 4277 2992 4348 dies
3022 4279 3378 4334 celebrantlns
3424 4282 3476 4333 in

1901 4347 2196 4424 gymnasiis
2224 4361 2274 4406 et
2306 4350 2450 4424 alibi
2465 4348 2924 4424 instituebantur;
2964 4347 3193 4424 fortasse
3222 4350 3378 4424 sintul
3414 4349 3481 4405 de

213 4438 286 4494 de
315 4419 766 4495 uidetidfwb'a‘.
796 4419 1020 4502 έέ-Ὠιιω
1057 4419 1458 4490 Pbotius‘habet
1479 4429 1534 4483 in
1554 4428 1796 4487 Lexicn:
1831 4443 1878 4502 ι)
1903 4419 2270 4502 ἑῇτιριίιιὶὺιιε,
2299 4436 2418 4500 qua:
2441 4420 2730 4502 iisdetnin.
2749 4419 2901 4502 locis,
2933 4419 3206 4502 qtli‘bllsnel:
3230 4422 3482 4502 juventus

211 4511 573 4582 'gatupogpa'gw:
604 4506 700 4582 Τὸῖ
720 4501 953 4582 Διόνυσρν
978 4502 1214 4582 Σοφοξλῇς
1243 4504 1519 4582 μέγ-Τυροζ.
1564 4502 1694 4582 ὀςντὶ.
1709 4507 1802 4556 τοῦ

213 4576 293 4635 ὅτι
454 4570 761 4667 ξιθῦτραμξοιξ
807 4570 1055 4667 ςδωσξσοισί
1086 4574 1206 4662 βοςρς
1235 4570 1442 4662 ἐδίδαιςὰ
1473 4570 1503 4630 ἦ
1545 4571 1627 4627 τὸν
1656 4573 1806 4660 .0391;-

213 4657 372 4732 y'niv,
408 4648 490 4723 ἀφ’
513 4643 581 4703 οὗ
611 4643 696 4732 arati.
739 4646 820 4702 ἐπὶ
861 4647 948 4701 τὸν
975 4643 1240 4725 spartum:
1269 4647 1536 4716 μετήνεγκα
1584 4643 1808 4714 τοὺνομα

227 4719 607 4798 Δριστοᾴὰνης,
637 4719 740 4772 huc
766 4732 868 4769 non
903 4719 1188 4784 pertinent.

294 4802 320 4830 ο
341 4789 716 4863 DeHDionysio
737 4785 996 4841 Thebano
1023 4800 1143 4863 quze
1169 4783 1351 4850 habet,
1376 4783 1525 4863 unde
1557 4795 1806 4863 sumpse-

217 4863 325 4928 rit,
361 4859 501 4916 mihi
535 4851 638 4914 non
662 4857 854 4928 liquet,
882 4851 1346 4928 cumﬂﬂomerus,
1372 4853 1530 4928 _l_lia_d.
1565 4852 1632 4917 z’,
1665 4851 1805 4928 l5Q_;

220 4919 479 5004 Hyginus
501 4928 631 4983 Fab.
661 4919 864 5004 552.55}
892 4925 1252 5004 Apollodorus
1269 4922 1526 5004 Biblioth.
1555 4937 1636 4987 nt,
1667 4936 1717 4976 c.
1751 4919 1806 4986 5,

219 4992 433 5072 aliique
459 4999 696 5068 fugatum
724 4992 1146 5072 quidem—primo
1169 4992 1456 5072 Baccbutn,
1476 5007 1649 5072 neque
1677 5005 1810 5046 vero

219 5059 591 5127 dilaceratutn
615 5108 630 5132 ,
661 5059 836 5137 neque
867 5063 920 5116 in
948 5059 1194 5137 Lycurgo
1225 5063 1458 5137 inultum
1483 5059 1651 5114 fuisse
1687 5075 1811 5114 nar-

225 5151 371 5198 rent.
409 5138 496 5194 Cf.
529 5137 710 5208 Heyne
739 5132 806 5208 ad
829 5132 1334 5208 Apolbtdor.__tt,_p.
1367 5132 1490 5208 571,
1523 5144 1640 5208 seq.

303 5211 322 5250 ῐ
371 5199 698 5276 Huiusmodi
749 5199 900 5258 fuere
946 5201 1189 5276 Alschyli
1233 5200 1438 5276 fabulae
1482 5217 1495 5252 :
1546 5199 1808 5276 Bacchas,

225 5268 506 5342 Bassaraé.
531 5279 766 5352 ἀψύσον
786 5277 978 5352 «mos
999 5268 1527 5352 saevientes.
1547 5268 1714 5351 39m!
1738 5285 1811 5335 -εο

226 5341 539 5413 Pentheus,
569 5347 781 5403 Semele
808 5341 828 5400 ἑ
853 5341 1143 5414 Sophoclis
1176 5341 1544 5414 Dionysiacus,
1578 5341 1623 5393 si
1648 5354 1813 5414 verus

227 5433 314 5479 est
345 5409 547 5476 titulus
577 5435 590 5471 :
619 5414 886 5486 Euripidis
917 5409 1035 5481 quae
1058 5409 1346 5486 supersunt
1375 5409 1606 5486 Baccha;
1638 5409 1815 5478 (forte

229 5493 427 5548 eadem
456 5503 580 5560 quae
608 5479 877 5560 Pentheus
906 5479 1188 5560 inscripta,
1220 5482 1364 5560 inter
1390 5479 1697 5560 tleperditas
1731 5496 1816 5534 re-

231 5551 524 5630 censetur)
551 5568 605 5615 et
634 5558 881 5630 Cyclops,
911 5555 1060 5630 chori
1080 5551 1299 5608 ratione
1328 5551 1529 5630 habita.
1561 5617 1600 5630 ἐ
1659 5620 1671 5630 _
1792 5623 1793 5627 η

307 5617 333 5682 ιι
377 5617 620 5697 Lycurgi
648 5617 823 5684 fabula
845 5617 995 5683 varie
1033 5617 1816 5697 narratur.‘_Re_gem_Redone-

307 5648 333 5682 δ
377 5648 422 5687 ιλ
465 5648 620 5697 curgt
648 5648 823 5684 lanula
845 5648 995 5683 varie
1033 5648 1299 5680 narratur.
1337 5648 1533 5690 negem
1562 5648 1816 5674 ncuuuu-

235 5720 360 5763 rum
391 5648 650 5758 1ybraciae
681 5698 807 5753 facit
836 5696 1149 5766 Apollodor.
1184 5708 1264 5766 tu,
1295 5694 1328 5748 5
1347 5733 1361 5757 ,
1393 5690 1775 5766 Bacchumque
1789 5707 1821 5746 θ

240 5762 331 5833 sua
358 5771 593 5845 regione
605 5762 1104 5842 pepulisse'narrat,
1130 5765 1268 5822 haud
1295 5777 1421 5820 vero
1448 5770 1503 5820 et
1523 5763 1713 5832 patria.
1748 5762 1820 5818 De

1909 4493 2148 4548 studiosa
2177 4503 2230 4546 et
2254 4488 2574 4562 quicumque
2601 4489 2764 4562 Musis
2791 4488 3068 4562 faverent,
3096 4491 3286 4562 diebus
3306 4493 3476 4562 etiam

1913 4581 2020 4620 non
2060 4563 2214 4619 festis
2237 4557 2528 4618 eitnvenir'e
2557 4560 2831 4622 solebant,
2869 4557 2982 4614 fere
3010 4559 3253 4627 quotidie
3284 4561 3484 4615 decan-

1914 4645 2021 4690 tata
2046 4650 2168 4692 esse
2193 4649 2284 4702 per
2307 4649 2466 4702 quam
2495 4631 2909 4697 verisimileest.

1992 4705 2006 4743 ί
2051 4698 2293 4772 Ωιιωήιὶἰ
2326 4698 2394 4756 de
2424 4702 2632 4756 Baccho
2656 4708 2918 4754 terrarum
2942 4698 3132 4772 orbem
3168 4699 3483 4772 triumphali

1915 4769 2108 4852 pompa
2139 4780 2463 4852 peragrante
2484 4777 2736 4852 narrant.
2766 4777 2964 4852 poster
2988 4769 3040 4821 in
3072 4770 3189 4837 fuga
3220 4770 3487 4852 cittsevye-

1914 4837 2063 4902 nissé
2083 4837 2292 4899 statuit:
2321 4843 2395 4898 De
2426 4839 2649 4895 Bacchis
2675 4853 2727 4891 v.
2763 4837 3082 4892 Creuzerntn
3117 4855 3212 4905 ιιι,
3250 4837 3370 4895 186.

1989 4917 2004 4967 i
2054 4914 2253 4970 Arnob.
2302 4927 2370 4974 v,
2403 4925 2451 4965 c.
2487 4909 2571 4964 l9.
2615 4908 2962 4963 Bacchanalia
3013 4910 3487 4978 praetermittamus

1915 4985 2263 5041 immania...
2301 4980 2354 5036 itt
2387 4980 2584 5049 quibus
2623 4978 2810 5033 furore
2847 4981 3224 5044 mentito.....,
3261 4980 3491 5032 circuttt-

1916 5057 2126 5124 plicatis
2155 5065 2247 5105 vos
2273 5051 2857 5124 anguibus,_atqne.....
2879 5054 3165 5124 caprorum
3191 5051 3488 5124 reclaman-

1914 5119 2046 5181 tium
2077 5125 2278 5176 viscera
2309 5119 2606 5176 cruentatis
2646 5120 2832 5176 oribus
2862 5122 3157 5188 dissipatis.
3191 5119 3484 5175 Scholiast.

1915 5193 2187 5266 Lycophr.
2218 5205 2267 5268 V_.
2295 5192 2427 5268 μδ.
2457 5191 2530 5268 [)e
2560 5189 2784 5268 Bacchis
2817 5209 2830 5244 :
2858 5201 3093 5268 Περιῆῖᾳν
3126 5192 3308 5268 elatior:
3332 5192 3488 5268 χερσὶ

1915 5212 2187 5266 Lycopnr.
2219 5212 2267 5242 ν.
2305 5212 2427 5246 uo.
2458 5212 2530 5244 ue
2561 5212 2784 5247 naccnls
2817 5212 2830 5244 :
2858 5212 2974 5268 ιιερι
3043 5213 3093 5245 ον
3126 5212 3308 5248 ecastor:
3332 5212 3488 5261 χερσί

1913 5269 2117 5339 λέοντας
2167 5263 2252 5316 καὶ
2289 5264 2439 5339 ἔτερα
2467 5263 2636 5339 enatat.
2691 5212 3066 5339 δράκοχταςτξέ
3089 5264 3206 5336 περί
3226 5261 3313 5318 τὰς
3337 5259 3491 5339 κόμας

1919 5334 2500 5409 εἷχονᾼξσττειρῃμέὖενς.
2524 5334 2732 5409 Evt)qu
2751 5363 2816 5372 -—
2843 5334 3183 5409 Draconcsnv'.
3213 5337 3490 5395 serpentes

1920 5398 2353 5474 in'religinn'ibus
2383 5403 2660 5459 Bacchicis
2681 5411 3069 5458 commemorat
3095 5398 3388 5454 Crcuzerus
3412 5411 3494 5464 tri,

1993 5547 2017 5584 ιι
2063 5544 2281 5602 Homeri
2309 5543 2459 5599 Iliad.
2495 5543 2562 5608 z',
2587 5559 2640 5596 v.
2669 5543 2790 5599 135.

2001 5616 2016 5655 ι
2064 5617 2211 5671 Hanc
2258 5615 2540 5671 historiam
2584 5613 2702 5668 fuse
2749 5611 2913 5666 tradit
2953 5611 3172 5674 Livius,
3208 5625 3410 5676 xxxix,
3443 5624 3493 5665 c.

1927 5687 2079 5744 8-19.
2120 5685 2348 5741 Celebre
2381 5693 2466 5740 est
2495 5685 2554 5739 S.
2583 5682 2644 5735 (ἶ.
2676 5682 2744 5737 de
2770 5680 3214 5735 Bacchanalibus.
3243 5674 3326 5736 Cf.
3367 5674 3502 5735 Mat-

1935 5758 2129 5834 tbaeunt
2156 5755 2470 5828 Egyptian:
2497 5755 2552 5811 in
2576 5755 2632 5811 S.
2658 5752 2717 5808 C.
2745 5751 2812 5808 de
2840 5749 3264 5810 Bacchanalibus
3295 5760 3350 5809 et
3370 5750 3506 5822 Byn-
