3928 6434
223 367 350 427 1001
1163 371 1250 428 DE
1289 370 1568 430 ERRORE
1608 375 1774 431 ΡΒοΕ

1867 377 2080 451 [ARUM
2117 382 2562 443 RELIGIONUM.
3347 400 3487 456 1002

215 487 356 558 quod
386 485 812 558 colligendarum
842 487 1053 558 {rugam
1097 489 1395 546 tradiderat
1422 491 1791 560 disciplinam,
1819 501 1873 559 Α
1898 496 2014 550 vult
2044 499 2146 552 ista
2175 503 2474 569 persuasio,
2503 512 2563 558 ut
2588 504 2790 559 divinis
2821 507 3245 568 rebusufunestae
3271 516 3496 571 calami-

217 589 336 650 post
385 588 616 634 mortem
647 579 717 633 oh
743 581 1090 643 beneﬁcium,
1121 581 1264 651 quod
1293 597 1358 637 ex
1391 581 1607 653 frugum
1649 585 1805 656 copia
1909 589 2036 643 tatis
2063 591 2198 645 ordo
2228 594 2510 648 societur?
2540 604 2598 649 ut
2620 607 2827 652 naturae
2856 601 3121 667 siderum,
3155 593 3313 675 quam
3349 609 3494 665 Deus

217 671 564 738 nascebatur,
613 680 668 727 et
711 672 926 742 sepulta
954 674 1007 726 in
1048 689 1115 728 eo
1147 674 1268 729 loco
1296 686 1380 729 est
1418 685 1466 742 ⁸,
1520 678 1723 746 pariter
1748 687 1805 732 et
1905 695 2153 760 summus
2173 686 2337 739 certis
2369 685 2576 756 legibus
2606 689 2753 756 iecit,
2787 693 3034 747 mortalis
3058 671 3338 754 calamitas
3385 701 3494 756 luc-

211 775 553 830 consecrata,
607 774 663 820 et
710 765 895 820 divino
944 780 1066 820 cum
1112 766 1221 819 tilia
1247 767 1522 836 appellata
1555 768 1800 823 nomine.
1905 773 2046 828 tibus
2069 773 2438 856 iungeretur?
2463 780 2564 835 Cui
2590 782 2668 836 rei
2695 783 2916 852 prodest
2944 788 3088 856 quod
3113 764 3333 844 facitis?
3363 794 3492 849 mis-

209 856 369 913 Amat
397 858 543 913 enim
593 856 910 912 Grmcorum
945 856 1140 912 levitas
1184 872 1301 923 eos,
1331 858 1422 928 qui
1450 858 1554 947 sibi
1599 858 1804 928 aliquid
1900 864 2037 918 cetis
2057 872 2273 922 terrena
2305 870 2640 938 coelestibus,
2681 874 2888 930 caduca
2930 879 3163 947 superis,
3199 884 3488 941 tenebrosa

207 947 559 1014 contulerint,
595 947 679 1002 vel
711 947 804 1018 qui
834 947 1063 1002 consilio
1084 954 1178 1001 aut
1217 947 1413 1020 virtute
1453 962 1512 1002 se
1537 946 1800 1017 iuverint,
1903 950 2230 1024 lucentibus,
2259 959 2480 1016 dolores
2501 975 2565 1018 ac
2586 963 2766 1022 luctus
2789 946 3068 1024 hominum
3093 970 3288 1026 divinis
3318 972 3492 1030 hono—

205 1038 409 1095 divinis
459 1037 735 1108 appellare
775 1038 1133 1093 nominibus..
1159 1037 1227 1092 Et
1253 1037 1335 1093 sic
1363 1039 1432 1093 ab
1471 1039 1604 1108 ipsis
1634 1040 1828 1105 hene—_
1901 1045 2051 1103 ribus
2080 1061 2486 1110 consecrantes.

101 1157 124 1163 υ
204 1132 450 1188 liciorum
477 1131 650 1200 gratia
688 1141 1030 1201 repensatur,
1077 1139 1137 1185 ut
1162 1129 1297 1186 deos
1319 1130 1518 1200 dicant,
1572 1142 1627 1188 et
1664 1131 1801 1190 deos
2164 1130 2165 1133 “

370 1186 617 1291 credant,
665 1186 767 1296 qui
785 1186 889 1280 sibi
916 1186 1210 1292 aliquando
1239 1186 1800 1294 profuerint._Sic
2487 1186 2715 1246 CAPUT
2765 1191 2902 1247 vm-

200 1314 399 1371 Libero
457 1314 638 1370 Nisab
697 1330 802 1370 non
854 1314 1084 1380 dubitat,
1137 1330 1236 1369 nec
1268 1316 1338 1369 de
1369 1317 1525 1371 novis
1576 1320 1801 1389 ambigit

200 1408 396 1476 Sparta
428 1407 702 1464 sideribus
734 1417 778 1474 ε,
808 1414 1011 1475 cremat
1039 1416 1093 1461 et
1117 1415 1408 1484 consecrat
1430 1408 1719 1466 Herculem
1767 1409 1794 1449 ἀ

198 1499 373 1555 tristis
398 1498 564 1555 (Etas
598 1507 644 1562 ε,
676 1505 732 1552 et
761 1514 791 1552 a
827 1498 982 1552 vanis
1002 1495 1358 1555 Cretensibus
1399 1498 1420 1538 ί
1447 1501 1624 1556 adhuc
1645 1518 1794 1559 mor-
1968 1503 2037 1555 ad
2067 1520 2153 1558 eos
2179 1506 2352 1558 habita
2383 1510 2611 1577 refutare
2636 1520 2788 1580 atque
2815 1511 3057 1566 detestari
3085 1513 3324 1584 fingitur.

196 1592 274 1646 tui
301 1590 453 1646 Jovis
484 1591 775 1646 tumuluss
804 1600 1086 1646 adoratur.
1117 1591 1352 1648 Additur
1380 1601 1584 1662 tamen,
1612 1611 1799 1652 sacra-
1967 1594 2024 1648 Si
2063 1606 2360 1653 convocato
2418 1599 2567 1654 omni
2612 1615 2813 1669 genere
2873 1601 3110 1658 humano
3161 1605 3256 1661 Sol
3298 1605 3484 1663 habita

193 1679 391 1737 tissimi
429 1681 816 1752 imperatores,
848 1681 915 1735 ad
947 1680 1108 1750 hujus
1150 1682 1363 1752 profani
1414 1685 1618 1740 erroris
1661 1701 1796 1756 aug-
1894 1687 2158 1743 concione
2180 1689 2517 1758 loqueretur,
2541 1691 2977 1761 desperationem
2999 1704 3232 1750 vestram
3259 1697 3361 1754 hac
3377 1697 3485 1754 for-

191 1782 463 1840 mentum,
486 1773 629 1844 quod
659 1775 757 1830 hos
775 1773 1026 1831 homines
1057 1774 1132 1844 (id
1165 1785 1270 1842 est,
1298 1775 1553 1832 Liberum
1581 1788 1637 1832 et
1660 1779 1796 1833 Pro—
1894 1792 1991 1832 san
2039 1781 2282 1836 oratione
2310 1791 2618 1856 percuteret
2645 1802 2660 1838 :
2691 1785 2823 1852 Quis
2849 1802 2969 1853 vos,
3007 1789 3192 1844 caduci
3232 1787 3483 1846 homines

187 1867 515 1938 serpinam),
551 1865 760 1936 majore
785 1867 941 1937 quasi
979 1868 1310 1922 auctoritate
1335 1866 1615 1922 defendat.
1654 1867 1867 1930 Nam'B
1895 1876 1950 1923 et
1999 1886 2095 1939 per
2121 1871 2240 1927 dies
2286 1874 2528 1944 singulos
2549 1891 2764 1931 summo
2819 1879 2929 1932 Deo
2981 1862 3146 1936 variis
3191 1883 3483 1952 generibus

1901 1317 2137 1373 Continet
2166 1323 2441 1376 maximam
2463 1333 2660 1392 partem
2687 1328 3094 1397 prosopopoeiam
3120 1347 3219 1397 qua
3247 1334 3329 1385 sol
3357 1335 3486 1388 divi-

1960 1408 2112 1478 num,
2135 1430 2284 1481 quem
2305 1414 2534 1471 homines
2559 1418 2661 1487 ipsi
2682 1419 3004 1486 exhibebant,
3033 1423 3225 1476 cultum
3255 1427 3485 1482 oratione

163 1959 447 2035 Liberum
470 1957 538 2014 ad
569 1959 753 2015 Solem
782 1961 970 2014 volunt
997 1959 1208 2015 referre
1237 1969 1545 2015 commenta
1574 1959 1794 2016 Graeco-

183 2067 378 2108 corum
398 2048 454 2118 P,
476 2051 860 2120 Proserpinam
894 2065 1022 2105 vero
1045 2051 1296 2106 Liberam
1309 2051 1554 2108 dicentes
1579 2051 1787 2106 Lunam

183 2132 312 2202 esse
339 2135 657 2214 contingunt
691 2142 734 2196 ί.
765 2143 918 2210 Quod
971 2159 1131 2212 quam
1177 2145 1474 2200 absurdum
1531 2155 1587 2200 et
1632 2161 1787 2216 quam

182 2237 450 2292 miserum
477 2236 569 2302 sit,
604 2251 670 2296 ex
702 2234 820 2305 ipsa
849 2236 1097 2292 veritatis
1121 2251 1410 2306 possumus
1440 2238 1653 2293 ratione
1673 2238 1789 2293 col-

180 2326 373 2397 ligere.
403 2326 537 2395 Quis
559 2324 697 2382 vidit
727 2339 955 2397 puerum
979 2326 1162 2384 Solem
1186 2328 1209 2379 τ
1239 2328 1362 2397 quis
1399 2315 1596 2384 fefellit
1614 2329 1639 2381 ἲ
1665 2329 1786 2398 quis

177 2418 387 2474 occidit
406 2418 432 2472 I
460 2418 580 2487 quis
609 2418 918 2474 laceravit?
948 2419 1071 2488 quis
1102 2418 1328 2472 divisit?
1360 2421 1482 2488 quis
1524 2420 1784 2475 membris

143 2562 147 2566 ,
178 2509 302 2580 ejus
331 2509 585 2578 epulatus
611 2510 739 2563 est?
763 2509 896 2576 Quis
920 2507 1126 2563 Lunam
1157 2509 1379 2577 rapuit?
1401 2508 1520 2576 quis
1542 2509 1780 2563 abscon-

175 2603 260 2656 dit
293 2600 308 2650 i
339 2601 362 2652 τ
393 2601 516 2669 quis
540 2599 791 2654 Plutonis
832 2600 1117 2670 coniugem
1165 2598 1338 2654 fecit?
1375 2597 1482 2654 Sed
1526 2607 1581 2653 et
1623 2613 1779 2653 erro-

175 2706 294 2746 rem
320 2693 483 2744 istum
509 2688 729 2760 physica
753 2703 967 2744 rursum
989 2690 1174 2744 volunt
1195 2697 1483 2760 protegere
1505 2689 1712 2745 ratione
1724 2689 1775 2757 ιι,

175 2782 471 2838 iudivisam
501 2790 763 2849 mentem,
793 2790 847 2836 et
875 2781 1128 2847 divisam,
1163 2781 1215 2836 id
1248 2786 1449 2847 εεῐ,τὸν
1475 2785 1773 2859 ἀμέριστον,

172 2875 368 2930 καὶτὸν
391 2875 757 2950 μεμερισμένον
778 2880 894 2928 νοῦν
937 2871 982 2939 Ῑ,
1023 2872 1124 2927 hac
1170 2887 1229 2928 se
1263 2882 1453 2943 putant
1494 2889 1652 2943 posse
1689 2881 1776 2928 ra-

171 2969 326 3022 tione
369 2968 644 3022 venerari.
695 2966 868 3022 Dicite
913 2966 1067 3031 mihi,
1119 2982 1153 3019 o
1182 2981 1277 3020 vos
1309 2966 1587 3033 mortales,
1640 2966 1769 3037 quid

171 3059 516 3115 naturalibus
534 3059 697 3116 rebus
707 3057 906 3114 additis
925 3057 1116 3114 funera
1138 3058 1162 3110 i
1188 3056 1319 3127 quid
1337 3057 1434 3112 Dei
1460 3057 1771 3128 dispositio-

147 3152 298 3207 ’ncm
348 3150 655 3207 crudelium
701 3151 957 3206 mortium
1005 3150 1290 3205 atrocitate
1319 3149 1599 3218 polluitis?
1638 3149 1766 3220 quid

1895 1959 2246 2027 rebellantes,
2291 1963 2359 2016 ad
2386 1964 2491 2020 hoc
2529 1975 2735 2020 tantum
2770 1967 2980 2023 facinus
3017 1971 3237 2042 impegit
3272 1981 3333 2026 ut
3360 1987 3484 2043 pro-

1889 2049 2018 2106 fano
2054 2053 2275 2108 nefariae
2304 2055 2618 2125 cupiditatis
2647 2072 2836 2114 errore
2864 2069 2920 2114 et
2979 2062 3115 2116 mori
3162 2080 3246 2118 me
3285 2065 3482 2120 dicatis

1889 2152 2073 2199 vestro
2119 2144 2346 2201 arbitrio
2402 2155 2458 2202 et
2504 2149 2734 2204 vivere?
2783 2154 2965 2220 Atque
3020 2155 3222 2209 utinam
3278 2158 3480 2213 usitato

1889 2250 2040 2291 more
2084 2237 2174 2291 vel
2212 2254 2319 2294 uno
2368 2255 2568 2309 genere
2627 2256 2844 2296 vesanae
2887 2245 3237 2314 cogitationis
3283 2257 3480 2304 vestra:

1887 2327 2139 2397 ﬁgmenta
2175 2331 2571 2404 procederent!
2608 2333 2823 2389 Utinam
2848 2335 2967 2391 sine
2993 2341 3318 2396 contumelia
3345 2344 3476 2404 mei,

1883 2420 2166 2473 scelerata:
2183 2422 2526 2490 cogitationis
2547 2434 2743 2479 vestra:
2764 2425 3108 2494 grassaretur
3127 2433 3472 2500 improbitas!

1881 2508 2033 2563 Nunc
2066 2520 2279 2564 vosmet
2308 2526 2406 2580 per
2428 2515 2728 2582 praecipitia
2753 2510 3023 2583 jactanles
3047 2559 3061 2583 ,
3093 2519 3222 2572 mihi
3262 2537 3475 2589 quoque

1879 2614 1986 2653 non
2013 2599 2263 2668 parcitis,
2288 2616 2387 2656 nec
2409 2602 2645 2670 aliquam
2676 2603 2845 2659 habet
2887 2617 3072 2662 vester
3102 2623 3282 2664 sermo
3324 2627 3474 2668 reve-

1877 2690 2140 2756 rentiam;
2174 2691 2270 2746 sed
2300 2706 2420 2746 cum
2444 2692 2712 2748 dedocere
2736 2711 2860 2750 meo
2892 2697 2944 2750 in
2976 2699 3196 2754 exitium
3229 2713 3468 2758 vestrum

1876 2793 2218 2855 mortemque
2275 2788 2601 2855 properatis.
2661 2787 2770 2842 Alii
2839 2805 2926 2844 me
2974 2792 3112 2860 apud
3176 2793 3469 2863 Egyptum

1874 2878 2036 2931 undis
2089 2877 2197 2931 Nili
2246 2887 2300 2933 et
2353 2878 2555 2949 rapidis
2582 2881 2874 2936 verticibus
2905 2892 2944 2919 ω
2973 2883 3245 2939 obstinato
3270 2889 3468 2942 mentis

1868 2966 2056 3023 furore
2106 2969 2464 3040 submergunt
2487 2960 2677 3026 n.'Alii
2709 2977 2998 3043 amputatis
3030 2975 3274 3033 virilibus
3309 2978 3463 3045 plan-

1869 3069 2002 3129 gunt
2033 3069 2080 3112 ο.
2112 3060 2217 3115 Alii
2249 3062 2456 3117 crudeli
2495 3074 2675 3119 morte
2699 3080 2922 3133 caesum,
2954 3077 3048 3121 aut
3099 3069 3150 3123 in
3199 3071 3305 3124 olla
3356 3072 3453 3128 de-

1870 3160 2132 3221 coquunt,
2161 3161 2254 3206 aut
2280 3163 2488 3223 septem
2516 3155 2751 3210 verubus
2780 3157 3033 3231 corporis
3064 3161 3168 3214 mei
3213 3163 3455 3218 membra

167 3257 312 3314 Opus
349 3252 471 3298 erat
504 3252 609 3296 tam
638 3241 777 3296 duro
803 3220 1120 3311 crudelique
1162 3243 1470 3297 tormento?
1499 3239 1628 3312 quid
1655 3241 1758 3296 sibi
1784 3233 1829 3298 C
1862 3220 2100 3298 lacerata
2151 3220 2430 3315 subligunt
2472 3254 2521 3298 Γ.
2591 3245 2693 3310 Qui
2737 3220 3033 3315 paululum
3069 3250 3198 3304 mihi
3244 3251 3456 3320 placida

127 3432 130 3436 .
243 3389 272 3418 ι
297 3380 375 3435 De
401 3377 630 3449 Cereris
647 3377 970 3433 inEleusine
996 3380 1250 3449 sepulcro
1268 3379 1399 3433 nihil
1424 3378 1565 3448 apud
1589 3381 1764 3449 scrip-

165 3458 316 3505 tores
348 3447 566 3517 legitur.
585 3447 783 3502 Noster
817 3464 882 3503 ex
911 3447 1222 3504 Euhemero
1251 3447 1499 3504 hausisse
1519 3447 1755 3505 videtur.

237 3537 265 3576 δ
305 3536 563 3592 Creuzer.
597 3553 678 3601 ιιι,
727 3537 852 3600 122,
899 3537 1004 3591 124
1026 3554 1047 3593 :
1074 3539 1279 3593 Nomen
1306 3541 1351 3592 si
1383 3555 1446 3593 ea;
1490 3537 1649 3592 India
1677 3557 1760 3595 re-
1807 3575 1814 3581 ο

167 3611 441 3673 petendum
462 3616 558 3670 est,
587 3607 739 3660 habes
767 3607 939 3660 urbem
957 3607 1389 3663 NISCIADABURA.
1417 3609 1655 3663 Creuzer
1677 3619 1781 3676 tv,‘

161 3678 273 3747 257
299 3695 312 3730 :
341 3676 582 3732 Liberum
609 3676 837 3747 Nysium
860 3679 1176 3746 appellatum
1199 3679 1358 3747 fuisse
1374 3678 1758 3747 docentraucto-

113 3786 122 3793 ς
162 3745 267 3802 res.
307 3748 516 3802 Arnob.
541 3763 592 3811 v,
625 3745 696 3803 28
721 3764 735 3802 :
762 3745 948 3802 Utrum
966 3760 1137 3802 autem
1161 3745 1224 3801 ab
1239 3748 1364 3802 urbe
1383 3764 1453 3801 an
1470 3747 1532 3801 ab
1552 3746 1758 3804 homine

161 3818 982 3890 nomenacceperitpincertum
1033 3830 1126 3874 est.
1187 3818 1380 3875 Cicero
1431 3818 1752 3890 deANatura

165 3889 330 3944 Deor.
365 3888 463 3962 Ill,
496 3887 548 3943 c.
576 3887 680 3962 2ξ,Δ
706 3889 870 3943 habet
899 3889 1156 3962 Liberum
1178 3961 1181 3962 ν
1200 3891 1446 3962 quintum
1481 3888 1631 3962 Nyso
1658 3905 1756 3944 na-

163 3967 288 4031 tum!
302 3966 365 4031 et
388 3957 584 4031 Dione.
613 3958 694 4013 Cl.
722 3971 906 4014 notam
927 3957 1334 4018 CreuzeriISic
1358 3957 1574 4031 quoque
1595 3959 1756 4016 Com-

162 4029 454 4094 modianus
485 4028 651 4084 lustr.
681 4045 754 4084 xu
778 4048 791 4082 :

286 4129 496 4180 Tollitur
514 4138 661 4193 atque
683 4130 826 4181 datur
841 4131 971 4194 Nyso
990 4130 1278 4180 nutriendus
1295 4112 1534 4178 alumnus.

162 4233 241 4287 De
293 4232 436 4302 Nysa
490 4242 544 4288 et
576 4233 791 4287 Baccho
819 4231 984 4302 Nysio
1011 4229 1114 4302 loci
1137 4230 1383 4302 _C_lassiei
1433 4237 1560 4302 sunt
1604 4232 1748 4298 apud

160 4298 390 4357 Diodor.
418 4304 527 4357 Sic.
572 4315 613 4366 ι,
643 4317 693 4356 c.
721 4302 788 4356 15
820 4298 935 4371 (ubi
986 4301 1090 4371 vid.
1137 4298 1516 4368 Wesseling.),
1561 4308 1617 4353 et
1660 4315 1742 4368 ιιι,

159 4372 362 4435 67-70;
395 4372 564 4426 Orell.
593 4371 660 4425 ad
683 4369 892 4425 Arnob.
921 4384 975 4434 v,
1006 4369 1095 4422 28-.

234 4453 259 4481 ο
304 4441 604 4496 Dioscuris.

229 4510 258 4548 ἀ
295 4511 500 4580 Justin.
529 4510 597 4563 Μ.
643 4508 798 4579 Apol.
829 4522 867 4580 ι.
898 4521 949 4562 c.
993 4506 1084 4561 29.
1114 4506 1462 4580 Theoph._ad
1486 4508 1736 4580 Autolyc.

76 4570 84 4575 ”
155 4600 199 4646 l,
230 4595 283 4633 c.
311 4581 378 4634 N
402 4595 417 4632 :
827 4577 1012 4633 ἑαυτὸν
1035 4570 1323 4655 uariantur-az.
1347 4577 1558 4632 Tatian.
1586 4570 1737 4635 Or'at.

154 4653 222 4701 ad
250 4647 469 4701 Graecos
500 4663 552 4701 c.
577 4648 664 4701 56.
755 4663 898 4701 niue.
933 4646 1082 4701 Felix
1115 4663 1167 4701 c.
1216 4649 1280 4701 21
1311 4666 1323 4701 :
1355 4647 1628 4701 Hercules.
1678 4660 1737 4701 ut

154 4653 222 4705 ad
250 4647 469 4704 Graecos
497 4647 552 4704 'c.
577 4648 664 4704 56.

153 4720 416 4777 latrinam
444 4728 618 4788 exuat,
650 4717 845 4774 Mutis
872 4718 1072 4789 ignibus
1099 4727 1474 4774 concrematur.

232 4801 255 4827 ο
298 4790 417 4846 Vib.
447 4789 740 4860 SequeSter
759 4789 1147 4860 deuontibus;
1168 4789 1333 4860 Cypr.
1358 4791 1424 4846 de
1453 4789 1590 4845 Van.
1617 4789 1737 4846 ldo-

154 4863 268 4919 lor.
310 4873 360 4914 c.
414 4865 470 4925 t';
520 4859 721 4915 Minue.
757 4859 911 4914 Felix
939 4873 992 4913 c.
1019 4859 1122 4922 21;
1152 4859 1283 4914 ειν.
1344 4859 1736 4916 Elmenhorstii

151 4943 318 5000 atque
343 4930 552 4986 Ouzelii
583 4940 738 4984 notas
763 4928 842 5000 ad,
863 4930 919 4982 h.
945 4929 982 4982 Ι.
1004 4929 1290 5000 ;_[.actant.
1333 4947 1372 5000 ι,
1404 4932 1475 4994 9;
1510 4935 1734 5000 August.

154 4997 357 5060 de’Civ.
390 5001 505 5064 Dei,
534 5015 687 5066 xvxu,
710 5000 743 5054 4
767 5015 783 5065 ;
808 4999 1004 5068 ﬂygin.
1029 4997 1162 5054 Fab.
1188 5001 1292 5065 50;
1318 4999 1526 5054 Arnob.
1548 4997 1621 5064 tv,
1639 5001 1730 5056 25.

231 5070 253 5110 ί
273 5071 744 5135 Suidas,v.uixoe.
780 5067 959 5123 WOW.
986 5098 1056 5106 —
1097 5069 1251 5125 Haud
1299 5071 1517 5126 invenio
1563 5071 1615 5124 in
1643 5073 1732 5126 ed.

155 5142 502 5197 Kusteriana.
598 5159 604 5164 '

231 5222 256 5258 8
279 5211 488 5280 Teopb.
509 5210 573 5264 ad
588 5209 772 5265 Autol.
801 5225 840 5270 ι.
857 5207 1169 5280 ο.15;ιι,5.
1190 5209 1628 5280 Athenagorasc.
1643 5209 1735 5264 26.

157 5277 419 5335 Tatianus
431 5296 479 5336 c.
495 5280 584 5334 44.
601 5280 866 5348 Origenes
883 5277 1006 5348 adv.
1027 5279 1245 5334 Celsum
1270 5297 1349 5346 ιιι,
1368 5277 1522 5341 οἰῶ,
1541 5293 1594 5348 p.
1611 5280 1735 5334 475.

156 5352 307 5405 εὶυωί
330 5349 556 5404 Tertull.
577 5347 803 5418 Apol’og.
819 5362 867 5401 c.
885 5347 974 5401 25.
994 5351 1203 5418 Arnob.
1224 5350 1470 5416 tv,tc.25.
1493 5348 1742 5411 Lactant.

155 5438 202 5480 ι.
238 5422 326 5475 11.
355 5420 495 5473 Loca
525 5431 654 5473 vctt.
680 5429 887 5472 auctor.
920 5417 1149 5472 collecta
1174 5419 1420 5474 invenies
1442 5422 1493 5471 in
1523 5419 1744 5472 Meursii

157 5490 339 5552 Creta,
369 5505 431 5552 Il,
471 5505 522 5542 c.
556 5490 609 5542 4.
640 5489 720 5542 ει.
752 5487 1011 5540 Creuzer.
1044 5498 1117 5540 tv.‘
1167 5489 1292 5542 427.
1332 5489 1408 5543 De
1447 5488 1549 5541 hoc
1591 5486 1744 5542 Jovis

95 5577 101 5584 '
160 5562 368 5616 tumulo
423 5558 716 5613 Eubemcri
763 5557 1132 5610 testimonium
1187 5558 1432 5613 servavit
1484 5558 1743 5610 Ennius:

158 5630 339 5686 Etuta
370 5643 571 5699 pessum
597 5637 752 5699 acta,‘
773 5626 846 5678 sic
873 5627 1066 5699 ille,_in
1097 5627 1246 5699 Creta
1266 5629 1422 5699 uitam
1456 5635 1742 5678 commuta-

157 5705 226 5756 uit
252 5712 299 5756 et
323 5687 394 5754 ad
420 5700 541 5752 deos
554 5698 699 5758 abiit,
718 5687 945 5761 eumque
971 5695 1176 5751 Curetes
1199 5697 1295 5765 [itii
1316 5697 1394 5750 sui
1419 5705 1743 5765 curaverunt,

158 5773 624 5836 decoraveruntque
649 5780 806 5829 eum;
835 5777 883 5821 et
910 5761 1208 5836 sepulcrum
1251 5769 1361 5842 ejus
1387 5773 1464 5820 est
1500 5765 1555 5818 in
1593 5761 1746 5822 Creta

441 5860 715 5924 Ριτιιοι..
747 5851 896 5916 XII.

1865 3385 1920 3437 in
1937 3386 2130 3489 1alppido
2158 3385 2378 3466 Gnosso.
2410 3385 2520 3439 vid.
2553 3385 2785 3439 Ennium
2813 3387 3068 3454 Hesselii,
3087 3404 3140 3457 p.
3162 3391 3286 3473 523.

1990 3454 2251 3508 Macrobu
2299 3454 2570 3509 Saturnal.
2602 3473 2642 3518 ι.
2675 3471 2724 3509 c.
2759 3457 2847 3517 18.
2897 3460 2984 3514 ubi
3027 3463 3259 3515 ostendit
3293 3462 3453 3519 Libe-

1863 3537 1979 3599 rum
1994 3533 2216 3599 patrem
2250 3540 2372 3579 eum
2385 3524 2724 3599 Aipsumesse
2746 3525 2913 3582 Deum
2943 3544 3101 3599 quem
3126 3530 3327 3586 Solem.

1939 3593 1956 3628 ¹
1987 3591 2239 3648 Creuzer.
2272 3609 2346 3656 ιν,
2378 3594 2498 3655 188.
2531 3595 2658 3649 220.

1892 3661 1948 3785 bi
1989 3663 2169 3785 malim
2194 3664 2538 3730 abscondidit,
2569 3664 2698 3720 licet
2733 3666 2939 3721 Nonius
2985 3681 3198 3738 qu0quc
3250 3671 3446 3731 habent

1926 3747 2048 3785 scan
2089 3745 2145 3785 ιι.
2546 3764 2551 3769 -

1858 3745 2145 3786 αωοοηαιι.
2546 3764 2551 3769 ·

1931 3801 1955 3839 ¹ί
1976 3803 2407 3870 Discrepantiam
2424 3811 2478 3858 et
2496 3819 2724 3871 pugnam
2750 3808 3141 3862 sententiarum
3162 3810 3229 3864 de
3253 3813 3432 3869 unius-

1856 3874 2120 3945 cujusque
2137 3873 2374 3928 numinis
2389 3883 2601 3951 natura,
2621 3879 2852 3951 nominis
2879 3878 2931 3951 vi
2952 3887 3006 3932 et
3025 3878 3436 3951 signiﬁcatione,

1855 3961 2192 4018 numeroque
2219 3945 2527 4018 eorumqui
2545 3949 2818 4018 communi
2859 3947 3038 4018 aliqua
3075 3945 3439 4018 appellatione

1853 4014 2179 4078 salutentur,
2231 4016 2455 4082 exponit
2501 4014 2774 4069 Arnobius
2802 4033 2881 4082 ιιι,
2933 4014 2983 4072 (Ξ.
3031 4014 3243 4074 29134.
3294 4023 3434 4082 Vide

1854 4084 2035 4190 Melyer
2062 4085 2130 4136 de
2157 4084 2504 4162 Arnobioap.
2528 4083 2789 4138 235-258.

2010 4153 2086 4190 re:
2130 4151 2476 4190 ιηηιηεηιιιηει
2532 4151 2789 4190 Νρη-βΙαι

2009 4153 2089 4206 Ex
2129 4151 2479 4235 Philosophia
2531 4151 2950 4235 Neo-Platonica
2976 4163 3153 4235 immeo,
3196 4166 3424 4235 μερικόν.

1847 4231 2071 4301 mentem
2096 4220 2459 4301 particulnrem
2482 4231 2678 4301 quceest
2700 4223 2955 4293 particeps
2975 4222 3176 4301 Totius,
3196 4220 3428 4301 'et'pmp;

1847 4300 1927 4368 ter
1948 4293 2116 4358 ipsam
2145 4290 2483 4368 uniuersalem
2511 4291 2733 4368 animum
2751 4290 3040 4368 et‘propter
3067 4290 3233 4368 ipsam
3256 4290 3425 4368 parii-

1843 4357 2068 4414 cularem
2091 4370 2329 4424 mentem,
2362 4357 2522 4412 habet
2548 4360 2770 4415 Proclus
2801 4357 3102 4420 Diad'ochus
3129 4357 3425 4426 institutio-

1844 4432 1929 4484 nis
1951 4429 2291 4500 Theologica:
2320 4444 2370 4484 c.
2424 4429 2550 4502 109,
2572 4431 2680 4502 ed.
2731 4430 2985 4488 Creuzeri
3035 4450 3086 4502 p.
3119 4437 3220 4494 l60
3251 4457 3262 4491 :
3294 4449 3421 4498 Νοῦν

1842 4501 2143 4578 ἀμέριστον,
2170 4509 2414 4578 mentem,
2467 4500 2792 4578 individuam
2842 4500 3144 4578 essentiam,
3183 4512 3304 4578 quia
3349 4527 3422 4568 est

1844 4571 2028 4648 ager,
2074 4571 2470 4648 magnitudinis,
2507 4572 2814 4642 incorporea
2840 4583 2888 4630 et
2928 4571 3222 4645 immobilis,
3255 4583 3416 4648 ibid.,

755 4650 898 4730 ique.
933 4646 1082 4732 Felix
1115 4663 1167 4703 c.
1216 4649 1280 4703 21
1311 4666 1323 4701 :
1355 4647 1628 4732 Hercules,
1678 4660 1738 4704 ut
1761 4639 1890 4732 De.
1909 4643 2130 4732 17113).

1909 4722 1950 4751 ω
1971 4712 2211 4769 Emenda
2243 4712 2547 4766 Vorticibus.
2574 4713 2746 4768 Wow.

1912 4793 1941 4820 η
1971 4793 2026 4838 et
2052 4792 2076 4819 ο
2114 4785 2213 4848 Qui
2245 4783 2492 4836 nimirum
2529 4783 2706 4837 Solem
2738 4783 2878 4837 idem
2921 4798 3042 4838 cum
3075 4785 3287 4843 Osiride
3319 4807 3417 4845 nu-

1838 4871 1960 4910 men
1988 4850 2619 4927 esse_contciiduiit_(vid.
2661 4852 2895 4927 Macrob.
2930 4869 3086 4927 i,_qc.A
3110 4857 3171 4910 21
3194 4857 3238 4927 ),
3270 4861 3415 4915 Ado-

1795 4965 1801 4969 .
1841 4927 2053 4987 nidem,
2103 4925 2279 4993 Atyn,
2338 4920 2561 4988 Osirim;
2592 4929 2646 4974 et
2692 4920 2895 4976 Horum
2945 4923 3088 4978 aliud
3134 4920 3241 4982 non
3294 4945 3415 4987 esse

1836 5008 2001 5066 quam
2013 4995 2222 5066 Solem.

1909 5077 1937 5114 ι)
1963 5062 2214 5118 Clemens
2251 5061 2521 5126 Protrept.
2551 5073 2600 5114 c.
2632 5058 2688 5124 2,
2718 5075 2770 5127 p.
2806 5061 2874 5116 l5
2898 5077 2917 5115 :
2950 5063 3008 5118 Οἱ
3035 5062 3087 5120 δὲ
3127 5076 3333 5130 Τιτᾶνες
3367 5074 3416 5125 οἱ

1839 5140 1919 5190 καὶ
1963 5133 2346 5190 διασπάσαντες
2390 5131 2542 5201 ᾳρτρν
2561 5130 2748 5187 λέϐητόι
2771 5153 2886 5187 τινα
2913 5135 3114 5201 τρίποδι
3163 5136 3412 5201 ἐπιθέντες

1841 5154 1919 5190 καί
1963 5154 2346 5190 οιασπασαντες
2390 5154 2542 5184 αυτον
2562 5154 2748 5187 Λεοητα
2771 5154 2886 5187 τινα
2913 5154 2944 5186 τ
2979 5154 3114 5190 ιποοι
3163 5154 3412 5201 επιυεντες

1841 5210 1923 5283 τεαὶ
1949 5202 2294 5283 τοῦΑιοὶνρσου
2313 5199 2615 5283 ἐμβαλόντες
2631 5202 2699 5256 τὰ
2711 5202 2852 5283 μέλῃ,
2871 5154 3127 5283 confusion?
3143 5207 3412 5283 πρότερον,

1842 5273 2018 5348 ἔπειτα
2040 5272 2316 5348 ὀβελίσκοις
2340 5273 2773 5348 πειριστξιίρᾳντες,
2796 5272 3073 5348 ὑπείρεχον
3102 5272 3410 5348 Ἦςὶαίστῖοιο.

1843 5295 2018 5330 (πειτα
2040 5295 2316 5342 ορελισκοις
2340 5295 2773 5344 περισπειραντες.
2796 5295 2973 5346 υπειρι
3024 5295 3073 5327 ον
3121 5295 3410 5348 υφαιστοιο.

1843 5344 1965 5399 Vid.
2016 5339 2478 5411 quoque_1usti_tt.
2510 5341 2578 5393 Μ.
2609 5340 2765 5411 Apol.
2797 5357 2834 5405 ι,
2869 5356 2918 5395 c.
2961 5295 3056 5408 ﬁgi);
3109 5347 3311 5400 Arnob.
3348 5348 3408 5411 V,
3468 5362 3476 5370 '

1844 5429 1895 5469 c.
1929 5412 1994 5467 19
2016 5408 2044 5462 -έ
2077 5409 2377 5482 Desistimus
2397 5408 2746 5482 Bacchanalia
2790 5411 3091 5482 pradicare,
3137 5414 3190 5466 in
3234 5408 3416 5482 quibus

1845 5497 2056 5551 arcana
2077 5488 2122 5531 et
2152 5479 2374 5551 tacenda,
2394 5494 2476 5534 res
2500 5480 2744 5551 proditur
2769 5479 3004 5551 sacratis,
3030 5550 3033 5551 ν
3048 5490 3104 5551 ut
3141 5479 3417 5551 occupatus

1850 5549 2132 5622 puerilibus
2163 5547 2600 5622 ludisdistractus
2619 5567 2650 5601 α
2679 5547 3123 5622 Titanibus-Liber
3143 5553 3230 5616 sit,
3260 5547 3316 5606 ut
3352 5556 3416 5607 ab

1849 5617 2029 5677 iisdem
2057 5618 2372 5690 membratim
2399 5630 2568 5690 sectus
2591 5629 2739 5690 atque
2759 5619 2812 5670 in
2841 5617 3029 5690 aliulas.
3055 5623 3332 5690 conjectus,
3361 5635 3416 5677 ut

1850 5697 2169 5759 coqueretur.
2197 5685 2753 5759 Wowé—EtArnbb.
2775 5704 2814 5751 ι,
2841 5685 3157 5759 41:__Nonne'
3181 5685 3417 5746 Liberum

1848 5771 1895 5816 et
1915 5755 2003 5815 uos
2022 5758 2234 5813 Patrem
2263 5759 2575 5814 membratim
2601 5757 2665 5811 ab
2692 5755 2891 5809 Titanis
2921 5755 3230 5823 discerptum
3266 5765 3417 5831 fano.

2720 5845 2796 5913 3‘3
