3936 6436
87 365 220 425 I009

1003 365 1094 422 DE
1131 363 1414 423 ERRORE
1449 361 1920 422 PROFANARUAI
1959 363 2408 422 RELIGIONUII.

3205 362 3349 420 1010

83 480 408 542 institutum,
438 484 495 532 et
531 478 799 532 incestum
836 475 1273 532 desiderantibus
1317 493 1346 531 a
1389 477 1523 532 Jove
1571 491 1663 531 suo
1689 481 1744 540 Α
1765 492 1892 531 num
1914 477 2160 532 deﬂenda
2177 478 2489 548 persuasio!
2509 479 2554 536 0
2577 477 3142 533 infelictsimitationis
3161 491 3355 532 cruen-

87 578 294 625 mantur
327 570 601 639 exetnpla.
631 569 766 622 Cum
801 579 974 622 matre
1017 569 1312 623 concubuit
1342 577 1387 634 ι,
1418 582 1662 622 sororem

87 660 230 715 duxit
276 674 502 714 uxorem
532 659 594 726 b;
632 670 686 715 et
731 669 789 713 ut
837 659 1108 729 integrum
1164 658 1370 713 facinus
1418 659 1668 728 impleret

89 753 288 818 incesti,
323 753 489 808 ﬁliam
517 769 730 823 quoque
773 753 954 807 animo
999 753 1332 822 corruptoris
1379 765 1664 822 aggressus

89 854 166 901 est
187 856 230 898 ε.
258 844 552 900 Inferiores
579 843 777 914 aliquis
801 843 996 897 aemulo
1026 843 1260 898 stridore
1284 842 1662 912 persequitur,

90 950 140 996 et
166 940 528 995 adversarium
565 940 713 1008 cupit
759 939 966 993 crudeli
1009 937 1227 992 feritate
1275 948 1548 1006 torquere,
1597 935 1665 989 ab

91 1031 330 1100 Apolline
353 1046 424 1085 ex
451 1029 678 1102 Marsya
714 1029 930 1084 casibus
962 1025 989 1064 ιι
1018 1028 1318 1082 crudelium
1363 1035 1673 1081 tormento-‘

91 1139 201 1178 rum
225 1137 381 1177 casus
421 1122 618 1178 discat.
650 1123 904 1179 Alienum
933 1122 1128 1190 aliquis
1169 1119 1444 1175 desiderat
1483 1130 1536 1173 et
1564 1119 1667 1173 hoc

92 1229 204 1268 cum
249 1223 426 1268 morte
461 1213 666 1268 domini
693 1223 922 1275 conatur
963 1212 1211 1280 implere,
1241 1211 1506 1265 videatut
1535 1209 1668 1264 Iler-

93 1305 232 1358 cules
255 1305 442 1358 occiso
466 1302 717 1374 Geryone
742 1304 926 1359 Iberas
946 1303 1188 1371 abegerit
1207 1302 1372 1357 boves
1397 1309 1441 1354 ε.
1467 1299 1526 1354 Si
1547 1300 1669 1368 quis

95 1395 385 1464 promiscua
415 1393 692 1448 hominum
717 1395 864 1448 caede
888 1394 1106 1462 gaudet,
1141 1401 1506 1462 przeposteras
1528 1391 1666 1444 Mar-

97 1486 157 1540 tis
183 1484 501 1554 cupiditates
529 1483 817 1553 diligenter
859 1484 1125 1553 inspiciat.
1153 1483 1370 1539 Semina
1390 1497 1527 1552 pene
1555 1497 1670 1535 om-

96 1573 230 1628 nium
254 1573 521 1628 scelerum
553 1587 582 1625 a
610 1573 715 1627 diis
738 1573 848 1627 suis
879 1571 896 1610 ι
931 1573 1270 1643 peccantium
1314 1572 1470 1626 turba
1496 1571 1667 1626 colle-

95 1665 180 1733 git.
220 1664 286 1717 Et
313 1672 372 1718 ut
412 1664 654 1734 perditus
705 1665 918 1718 animus
967 1661 1184 1733 impune
1227 1663 1436 1719 facinus
1487 1671 1672 1732 posset

96 1755 409 1822 admittere,
463 1770 530 1834 ex
583 1756 1012 1826 praecedentibus
1056 1756 1354 1812 facinorum
1402 1755 1668 1824 exemplis

1761 582 1810 625 ta
1839 570 2118 624 meditatio
2143 572 2157 624 ε
2183 572 2412 625 Scenam
2440 571 2507 624 de
2531 572 2671 625 coelo
2700 571 2903 626 fecistis
2927 569 2980 636 ι,
3015 580 3072 626 et
3109 579 3354 626 errantes

1761 663 1974 717 animos
2026 679 2122 732 per
2164 665 2387 733 abrupta
2442 664 2740 734 prmcipitia
2791 665 2996 718 crudeli
3045 664 3358 719 calamitate

1763 752 2017 816 duxistis,
2043 769 2164 808 cum
2195 754 2504 810 hominibus
2547 769 2776 824 peccare
2821 755 3170 823 cupientibus
3216 753 3355 808 faci-

1765 859 1956 898 norum
1983 844 2066 898 via
2096 844 2165 899 de
2194 847 2418 900 deorum
2451 854 2782 900 monstratur
2818 846 3103 916 exemplis.
3143 845 3252 901 Sed
3301 845 3358 899 in

1765 936 1867 992 ista
1885 937 2171 990 criminum
2202 939 2341 1006 lege,
2375 939 2426 991 in
2457 937 2928 1009 istaconfessione
2951 939 3216 993 scelerum
3237 951 3360 1007 gra-

1766 1027 1866 1082 tias
1897 1042 2121 1097 agamus
2144 1029 2280 1094 illis,
2305 1030 2396 1098 qui
2426 1031 2587 1083 etiam
2615 1029 2782 1083 exitia
2811 1038 2868 1083 et
2902 1038 3104 1084 mortes
3133 1028 3359 1083 deorum

1767 1121 1991 1175 istorum
2019 1118 2036 1158 ι
2062 1121 2217 1175 nobis
2242 1121 2609 1177 nescientibus
2629 1121 2986 1191 prodiderunt
3006 1139 3020 1174 :
3046 1129 3104 1175 ut
3122 1120 3362 1175 discere-

1766 1229 1885 1269 mus
1915 1215 2093 1268 omnia
2126 1230 2221 1284 per
2248 1223 2328 1269 tot
2359 1215 2658 1269 obstantes.
2687 1199 2814 1268 Fuit
2838 1213 2984 1268 enim
3008 1221 3060 1266 et
3096 1211 3238 1280 apud
3263 1226 3361 1266 ve-

1772 1311 1934 1367 teres,
1967 1305 2090 1358 licet
2135 1305 2367 1358 nondum
2397 1313 2596 1358 terram
2627 1303 2987 1357 illuminasset
3019 1299 3232 1354 Domini
3260 1315 3361 1354 no-
3433 1307 3447 1326 ‘

1767 1397 1862 1450 stri
1894 1395 2021 1451 Jesu
2065 1395 2263 1450 Christi
2293 1394 2598 1450 veneranda
2642 1394 2905 1463 dignatio,
2948 1394 3000 1447 in
3039 1392 3363 1460 spernendis

1769 1488 2246 1557 superstitionibus
2283 1487 2534 1556 religiosa
2579 1485 2907 1539 constantia.
2949 1483 3238 1538 Diomedes
3265 1498 3364 1552 pu-

1770 1581 1921 1635 dicus
1943 1595 2004 1634 ac
2031 1580 2243 1635 sobrius
2274 1579 2544 1633 Venerem
2573 1579 2839 1642 vulnerat,
2865 1576 3085 1630 Martem
3109 1575 3280 1628 vincit
3305 1584 3366 1629 et

1771 1674 2081 1742 percutit“.
2111 1672 2197 1727 Oti
2220 1682 2273 1725 et
2303 1671 2566 1740 Ephialtae
2597 1679 2623 1705 η
2647 1670 2823 1724 edicto
2859 1669 2996 1722 Mars
3036 1667 3364 1737 bellipotens

1775 1766 2056 1833 temporali
2075 1766 2267 1819 exsilio
2296 1773 2320 1800 ο
2341 1764 2828 1826 damnatus,ferrea
2849 1770 3158 1816 catenarum
3177 1760 3354 1814 vincla

98 1855 292 1925 majore
319 1872 382 1912 se
423 1853 752 1913 auctoritate
800 1856 1061 1912 defendit.
1107 1859 1161 1914 Si
1214 1858 1385 1929 stupri
1443 1857 1662 1927 praemia
1693 1846 1739 1906 Β
1766 1858 2039 1932 sustinuit.
2074 1856 2440 1924 Sarpedonem
2461 1857 2624 1910 tilium
2651 1864 2918 1909 mortuum
2950 1855 3002 1907 in
3026 1853 3185 1923 Troja
3208 1853 3364 1921 Jupi-

96 1965 370 2026 corruptor
408 1957 652 2026 inquirit,
689 1958 734 2011 si
766 1957 906 2010 viam
937 1966 1087 2026 optat
1132 1955 1532 2010 sollicitationis
1577 1954 1672 2009 ad-

97 2044 399 2110 discere,‘in
427 2047 548 2101 sinu
577 2059 848 2118 corrupta:
875 2050 1117 2104 mulieris
1152 2064 1344 2102 aurum
1370 2047 1548 2102 videat
1573 2047 1669 2102 Jo-

99 2147 171 2200 vis
194 2157 239 2199 8.
271 2147 327 2202 Si
354 2147 604 2216 publicus
641 2150 939 2218 parricida,
986 2148 1328 2204 commissam
1380 2148 1484 2203 sibi
1517 2150 1668 2218 regni

65 2246 384 2318 .custodiam
415 2248 618 2303 nefaria
650 2250 879 2319 prodere
903 2250 1199 2319 cupiditate
1245 2250 1537 2317 desiderat,
1585 2266 1674 2307 re-

96 2347 280 2415 spiciat
300 2349 366 2402 ad
411 2363 528 2413 eos,
567 2349 659 2418 qui
718 2348 1012 2404 Saturnum
1049 2349 1163 2402 filio
1210 2349 1566 2417 prodiderunt
1616 2347 1665 2404 ³³.

97 2449 361 2517 Quatenus
374 2452 465 2520 jus
495 2453 720 2506 ladatur
746 2452 984 2522 hospitii,
1014 2453 1098 2507 vel
1121 2459 1389 2521 quatenus
1415 2453 1667 2507 amicitiae
1739 2493 1748 2500 .

93 2549 202 2619 jura
233 2551 530 2616 turbentur,
565 2553 648 2606 vel
678 2561 945 2622 quatenus
975 2565 1175 2606 mensze
1202 2551 1514 2606 conciliatio
1534 2565 1663 2605 san-

99 2657 174 2702 cta
211 2649 439 2705 violetur
472 2648 514 2704 ί.
545 2650 601 2707 Si
638 2653 758 2720 quis
803 2651 868 2705 ad
913 2651 1164 2721 injuriam
1217 2666 1418 2720 pronus
1469 2651 1666 2721 quaerit

100 2766 230 2815 esse,
258 2752 500 2807 ordinem
540 2753 806 2818 scelerum
834 2753 902 2806 de
931 2752 1141 2806 Tantali
1169 2752 1388 2806 casibus
1414 2751 1588 2806 discat
1619 2751 1665 2804 i.

102 2852 142 2907 O
186 2850 506 2932 facinorosze.
525 2853 832 2922 cupiditatis
885 2853 1037 2906 triste
1066 2851 1353 2906 solatium!
1403 2849 1447 2906 Ο
1498 2850 1674 2905 homi-

101 2999 156 3039 ro
182 3000 387 3057 quoque
418 2996 652 3040 narrata.
685 2985 892 3041 Ennius
920 2985 1146 3040 Hesselii
1172 2999 1225 3052 p.
1258 2983 1386 3038 520.

105 3066 214 3180 MSS
229 3057 432 3183 vabgle
456 3058 509 3112 in
536 3072 747 3112 summo
774 3056 939 3127 Agdis
965 3057 1188 3121 vertice,
1224 3066 1280 3108 ut
1303 3053 1465 3109 habet
1494 3056 1667 3110 Arno-

140 3141 243 3190 tus,
271 3143 326 3192 v,
353 3141 408 3183 ν.

170 3195 194 3234 δ
228 3196 512 3254 Iunonem.

171 3277 190 3303 ε
241 3268 636 3337 Proserpinam.
689 3268 949 3324 Tatianns
995 3282 1045 3321 c.
1091 3265 1188 3330 16;
1226 3265 1449 3337 ﬁpuieii
1500 3264 1671 3337 Μειδ-

105 3339 301 3405 morph.
327 3335 494 3462 vi“).
523 3339 662 3419 2.5!;
695 3338 947 3392 Elmenh.
973 3337 1147 3418 Νι)ῃηί
1181 3335 1398 3405 Dionys.
1432 3350 1506 3397 vt,
1542 3335 1666 3416 £57.

168 3405 193 3441 ἀ
235 3405 386 3474 Apoll
467 3447 481 3460 .
511 3409 714 3474 BIth,
741 3422 792 3460 c.
826 3410 893 3467 ιζ
940 3407 1132 3474 Hygtn.
1163 3404 1294 3474 Fab.
1329 3403 1466 3467 165;
1505 3404 1664 3468 Ovid.

168 3422 193 3441 α
235 3422 481 3476 Apouoa.
511 3422 714 3474 timui,
741 3422 792 3460 c.
826 3422 893 3467 ις
940 3422 1132 3475 nygtn.
1165 3422 1294 3457 r'an.
1329 3422 1466 3467 too;
1505 3422 1664 3468 una.

105 3474 301 3530 Metam.
328 3491 413 3542 v1,
444 3492 590 3532 vers.
621 3478 748 3544 584,
780 3486 834 3530 et
863 3477 1008 3529 Fast.
1035 3491 1086 3526 v1
1106 3514 1122 3539 ,
1154 3473 1278 3527 703.

172 3555 192 3615 ὲ
230 3547 478 3615 Apollod.
510 3562 571 3611 ll,
593 3547 648 3600 5.

172 3613 189 3651 ί
235 3610 321 3672 Sic
346 3610 629 3672 Wowerus
647 3615 885 3670 correxit
913 3614 1204 3669 lectionem
1235 3610 1490 3668 editionis
1521 3611 1670 3681 prin-

105 3686 228 3753 cipis
252 3704 282 3738 α
307 3689 406 3750 piis
433 3689 539 3741 suis
575 3689 884 3742 habentem.

171 3765 192 3800 ε
236 3756 476 3813 Intellize
496 3757 565 3812 de
590 3757 791 3811 Danae.

260 3773 476 3812 ηιειιιειθ
496 3773 565 3812 ae
590 3773 791 3811 uanae.

171 3775 192 3800 δ
237 3775 476 3825 menige
496 3775 565 3812 oe
590 3775 791 3811 uanae.

166 3823 191 3862 ¹ι
214 3825 563 3887 Prometheus
586 3837 640 3882 et
659 3829 813 3890 socii,
837 3826 949 3880 vid.
983 3823 1220 3881 Eschil.
1249 3824 1300 3877 in
1320 3822 1664 3877 Prometheo.

103 3893 189 3950 Vel
214 3899 254 3949 si
278 3900 515 3952 ultimam
548 3899 906 3966 proditionem
939 3895 1308 3966 respicit,_qua
1340 3893 1606 3966 Saturnus
1638 3909 1666 3946 a

105 3966 202 4019 filio
231 3963 600 4034 exsecabatur,
650 3970 920 4040 Lycopbr.
967 3980 1112 4019 vers.
1145 3963 1280 4028 869,
1334 3973 1390 4017 et
1417 3964 1665 4017 Tzetzem

105 4037 160 4089 ad
186 4040 451 4089 eumdem.
1275 4084 1282 4089 .

104 4040 160 4089 ad
186 4040 451 4095 eumdem.
1275 4084 1282 4094 .

171 4107 183 4143 ί
229 4110 321 4164 Hic
340 4110 542 4180 aliquid
567 4109 831 4164 excidisse
852 4106 1097 4180 videtur,
1117 4117 1236 4180 nam
1259 4096 1456 4180 desunt
1482 4115 1666 4180 exem-

102 4176 198 4246 pla,
225 4197 337 4246 qua:
365 4167 491 4235 sunt
515 4181 567 4233 in
609 4181 850 4242 carteris;
886 4177 1011 4246 licet
1049 4171 1269 4246 historia
1307 4167 1518 4246 Tantali
1561 4169 1665 4246 huc

102 4241 272 4319 referri
305 4255 490 4319 possit.
521 4251 627 4307 Sed
656 4265 717 4303 ea
760 4249 924 4300 utitur
956 4241 1218 4296 Firmicus
1260 4243 1514 4308 exemplo
1546 4244 1661 4290 vin-

102 4317 242 4373 dictze
269 4317 332 4376 de
354 4322 542 4391 injuria
571 4327 821 4391 sumpth
956 4383 988 4391 η
1240 4386 1252 4391 Α
1393 4379 1404 4390 ,

168 4392 179 4436 Ι
226 4377 484 4444 Auctores
529 4391 616 4456 qui
650 4377 737 4441 res
781 4383 990 4438 Tantali
1037 4386 1257 4435 narrant
1303 4395 1356 4434 v.
1393 4379 1444 4432 in
1480 4377 1657 4430 Mede-

101 4457 220 4528 ric/ia
253 4459 472 4528 Alythol.
499 4459 742 4512 Lezicon.

163 4525 181 4562 ¹¹
234 4518 366 4582 Vera
397 4542 480 4585 est
509 4526 833 4588 enitendatio,
864 4523 1082 4578 Scenam
1113 4521 1234 4574 loco
1260 4535 1472 4585 canam,
1517 4518 1661 4588 quod

104 4594 245 4668 habet
267 4599 434 4653 editio
465 4599 746 4668 princeps,
779 4610 1008 4668 ponens.
1055 4592 1220 4668 Plane
1257 4592 1524 4668 expressit
1573 4590 1661 4642 illa

103 4663 254 4722 Clem.
295 4659 560 4738 Protrcpt.
613 4659 668 4721 οξ
688 4659 865 4738 ᾼᾞυ.
913 4664 981 4738 52
1012 4681 1024 4714 :
1057 4661 1217 4738 ΟἶμριΑ
1247 4659 1340 4720 τῆξ
1359 4659 1658 4738 uestigare“

105 4746 262 4800 σκηνὴν
293 4729 605 4800 mumnith
635 4729 981 4814 τόζούῥανόχ,
1009 4738 1090 4786 καὶ
1115 4729 1176 4785 έτό
1198 4734 1322 4812 Ocior
1345 4733 1465 4812 ὑμῖγ
1489 4731 1662 4810 δρᾶμρι

103 4813 361 4928 ἵεγὲνηται.
395 4811 574 4867 Wow.
606 4839 675 4852 ω
716 4807 1014 4875 Tragoedia:
1058 4807 1397 4881 superstites,
1427 4807 1502 4881 .in
1546 4807 1665 4870 qui-

108 4895 188 4952 uis
223 4885 303 4937 dei
331 4895 591 4952 personas
621 4888 807 4946 agunt,
861 4875 992 4928 satis
1037 4872 1174 4925 hanc
1221 4870 1442 4924 Firmtc1
1471 4885 1664 4940 quere-

106 4949 193 5022 tam
213 4949 589 5022 comprobant.

169 5019 181 5056 ¹
229 5021 291 5076 V.
318 5015 368 5078 ὁ.
405 5024 761 5082 Euhemerus,
805 5015 1021 5080 aliique.

163 5100 197 5125 α·
224 5092 371 5147 Iliad.
402 5093 470 5156 Ε,
501 5089 607 5144 883
630 5078 772 5155 squ,
800 5078 1073 5156 856seq.;
1119 5083 1494 5156 Clem._Protr.
1515 5078 1660 5156 3.},

106 5171 148 5223 p.
183 5163 264 5225 3i,
295 5149 481 5225 Pottf;
528 5149 765 5213 Tertull.
789 5149 1019 5225 Apolog.
1049 5170 1097 5206 e.
1152 5155 1254 5219 ﬂ;
1292 5153 1485 5225 Minue.
1515 5149 1664 5225 Felix

107 5217 148 5301 ἓξ
175 5217 270 5295 22;
296 5217 567 5301 Longinus
608 5230 728 5301 περὶ
752 5217 1019 5301 fdo-oue}.
1043 5226 1108 5287 9;
1142 5217 1432 5287 Arnobius,
1460 5234 1534 5285 tv,
1559 5217 1660 5282 25;

110 5291 309 5369 Gregor.
337 5291 469 5354 Nai.
497 5299 650 5369 Orat.
673 5291 746 5369 i_v,
777 5291 835 5369 in
855 5291 1144 5369 Iulianum.
1220 5321 1224 5324 -

166 5360 384 5423 nVlliad.
419 5365 649 5430 8,384;
685 5363 901 5416 Diodor.
933 5360 1097 5414 Sicul.
1132 5378 1190 5423 v,
1221 5377 1272 5415 c.
1299 5362 1389 5430 51.

169 5445 190 5469 °
236 5438 430 5492 Decem
468 5429 544 5490 et
586 5435 758 5488 tribus
811 5430 1107 5484 mensibus.
1167 5431 1293 5484 Iliad
1337 5429 1403 5493 E,
1451 5443 1503 5482 v.
1535 5429 1660 5482 386.

109 5501 278 5575 Ilygin.
321 5510 635 5563 Astronom.
669 5519 704 5557 ll
726 5543 741 5565 ,
771 5515 820 5554 c.
854 5501 942 5575 to.
1018 5497 1199 5575 Wovg.

235 5575 565 5648 Sarpedonis
620 5581 847 5626 mortem
871 5573 1077 5622 'narrat
1128 5569 1396 5622 Homerus
1421 5566 1570 5621 Iliad.
1602 5580 1661 5628 Il.

125 5784 130 5786 _
167 5727 190 5786 ii
216 5715 577 5786 Laomedonte
614 5711 790 5786 Troia:
820 5724 968 5782 rege.
1003 5709 1218 5765 Homer.
1262 5707 1412 5763 Iliad.
1441 5717 1498 5772 ο,
1526 5707 1663 5766 445.

109 5784 156 5838 ct
176 5778 410 5842 Eustath.
445 5785 513 5840 ad
541 5784 596 5837 lt.
622 5782 659 5835 I.

1687 4345 1740 4405 D

1777 1959 1858 2003 ter
1902 1949 2107 2020 plangit
2136 1959 2184 2002 Ρ.
2232 1949 2301 2002 Et
2325 1948 2630 2026 mercedem
2658 1948 3043 2002 fabricatorum
3073 1961 3354 2000 murorum

1777 2044 2054 2114 Neptunus
2075 2060 2102 2097 a
2135 2044 2370 2113 superbo
2400 2058 2528 2112 rege
2551 2053 2578 2092 τι
2609 2058 2717 2096 non
2755 2041 2980 2110 recepit.
3011 2040 3250 2094 Alterius
3274 2054 3364 2093 re-

1775 2135 1857 2205 gis
1875 2145 1897 2173 τ
1913 2135 2106 2205 Apollo
2121 2149 2312 2204 greges
2325 2135 2512 2204 pascit.
2534 2134 2605 2188 Et
2623 2135 2723 2188 soli
2747 2135 2925 2188 omnia
2957 2132 3160 2187 videnti
3181 2132 3317 2200 alius
3337 2140 3360 2168 ³

1775 2229 2076 2302 occisarum
2129 2229 2288 2282 boum
2336 2227 2545 2282 nuntiat
2590 2236 2812 2303 mortes.
2869 2225 3124 2280 Castores
3167 2223 3361 2294 sepelit

1778 2319 1968 2388 Sparta
1999 2320 2044 2383 ί,
2070 2319 2225 2372 ardet
2251 2318 2390 2387 apud
2427 2318 2615 2372 Oetam
2655 2317 2914 2371 Ilercules
2939 2325 2990 2381 ιι,
3017 2326 3069 2370 et
3111 2315 3362 2372 Escula-

1777 2409 1895 2474 pius
1923 2408 2046 2461 alibi
2080 2407 2394 2460 fulminatur
2420 2417 2468 2467 ν,
2510 2406 2781 2460 Vulcanus
2811 2423 2837 2457 a
2870 2418 3018 2474 patre
3046 2403 3354 2474 przecipita-

1775 2509 1858 2553 tus
1885 2499 2075 2567 pedem
2103 2499 2298 2567 frangit
2338 2506 2384 2549 ι.
2414 2499 2717 2568 Lycurgum
2758 2497 2968 2567 fugiens
2998 2497 3161 2552 Liber
3191 2498 3361 2551 mori-

1773 2599 1858 2643 tur
1883 2598 1931 2641 1.
1959 2589 2140 2643 Venus
2165 2589 2217 2642 in
2248 2587 2516 2650 adulterio
2546 2587 2878 2654 deprehensa
2914 2587 3181 2656 detegitur
3210 2585 3269 2653 ',
3301 2599 3362 2643 et

1769 2688 1894 2748 post
1925 2679 2014 2732 Dei
2039 2679 2250 2747 nuptias
2280 2677 2531 2731 Anchisa!
2565 2677 2796 2734 hominis
2821 2676 2998 2730 cubile
3036 2685 3274 2731 sectatur
3307 2685 3356 2729 ι.

1769 2770 2034 2825 Saturnus
2061 2785 2226 2840 regno
2257 2769 2452 2822 timens
2477 2768 2702 2821 devorat
2732 2766 2869 2820 filios
2895 2765 2944 2818 δ.
2976 2767 3076 2820 Hic
3101 2781 3169 2820 ex
3197 2764 3355 2820 Creta

1769 2859 1976 2930 fugiens
2010 2856 2032 2898 ά
2057 2861 2109 2915 in
2135 2859 2278 2914 Italia
2306 2875 2336 2912 a
2355 2857 2637 2929 Spartanis
2657 2855 3007 2911 absconditur
3027 2853 3076 2908 ἀ.
3099 2855 3178 2912 Ob
3206 2871 3360 2922 amo-

1695 2991 1738 3051 C
1845 3004 1866 3031 τ
1920 2995 2152 3050 Admeti.
2187 2996 2381 3066 Hygin.
2408 2995 2540 3049 Fab.
2569 2993 2672 3058 50;
2697 2994 2910 3066 Tatiau.
2935 2993 3083 3048 Orat.
3113 2993 3180 3047 ad
3209 2993 3370 3049 Crte-

1772 3079 1887 3136 eos,
1921 3081 1970 3119 c.
2001 3067 2090 3122 ’55.
2125 3064 2334 3120 Admeti
2368 3081 2559 3134 pecora
2587 3067 2798 3136 pavisse
2820 3064 3054 3119 refertur
3076 3081 3289 3136 quoque
3317 3081 3347 3119 a

1772 3133 2054 3192 Commod.
2089 3138 2338 3192 Instruct.
2370 3153 2445 3192 xt.

1848 3213 1870 3240 ⁸
1913 3207 2191 3278 Lampetia
2223 3208 2419 3278 Odyss.
2453 3206 2523 3272 M,
2554 3206 2680 3262 374.

1851 3281 1866 3311 ι
1912 3277 2225 3338 Pausanias,
2260 3276 2353 3341 ui,
2402 3293 2450 3331 c.
2504 3279 2610 3339 15;
2661 3285 2897 3330 attamen
2948 3277 3260 3332 credit'eos
3303 3276 3356 3329 in

1775 3344 2036 3416 Messenia
2075 3349 2318 3416 sepultos
2345 3362 2488 3401 esse.
2521 3347 2729 3401 Arnob.
2764 3363 2838 3411 iV,
2863 3361 2914 3400 c.
2943 3346 3036 3401 25.

1843 3422 1870 3448 ιι
1923 3415 2057 3485 Vide
2095 3417 2348 3485 Supraad
2377 3433 2427 3471 c.
2453 3417 2506 3470 7.
2604 3467 2612 3478 ,

1814 3492 1869 3554 ένν
1914 3483 2055 3540 Just.
2091 3483 2178 3538 Μ(
2202 3487 2355 3554 Apol.
2407 3502 2446 3549 ι,
2493 3502 2543 3542 c.
2574 3487 2680 3551 29;
2711 3486 2939 3540 Tertull.
2975 3487 3129 3551 Apol.
3162 3501 3212 3540 c.
3249 3487 3354 3551 I4;

1771 3551 1970 3625 Minue.
2015 3555 2162 3609 Felix
2194 3551 2334 3608 (δίει
2368 3574 2380 3606 :
2410 3555 2751 3618 Emlapius
2785 3567 2840 3607 ut
2861 3558 2934 3625 fin
2964 3558 3118 3625 dcunt
3142 3568 3352 3625 δινσε,

1773 3624 2120 3691 fulminatur;
2159 3625 2474 3694 Apollodor.
2524 3641 2602 3685 nt,
2632 3640 2680 3677 c.
2728 3625 2824 3687 IO;
2856 3624 3047 3694 IIygin.
3081 3624 3212 3678 Fab.
3236 3624 3351 3691 ’49;

1771 3695 2047 3748 Arnobius
2085 3711 2158 3757 tv,
2189 3696 2281 3757 Ἡ,
2312 3704 2368 3749 et
2394 3703 2507 3748 not.
2551 3694 2776 3758 Orellii;
2819 3694 3032 3747 Pindari
3060 3694 3217 3758 Pyth.
3261 3696 3353 3748 od.

1771 3778 1850 3834 ῃι,
1875 3767 2086 3818 antistr.
2122 3766 2176 3830 ὅ,
2196 3767 2334 3833 apud
2359 3766 2688 3819 Clementem
2715 3764 2984 3832 Protrept.
3018 3780 3069 3818 c.
3091 3764 3148 3821 2.
3179 3781 3232 3834 p.
3262 3766 3353 3829 25;

1770 3832 2078 3907 Theodoret
2103 3837 2170 3889 de
2191 3832 2446 3890 curandis
2472 3836 2647 3907 Graec.
2672 3834 2874 3899 affect.,
2907 3836 3106 3904 disput.
3135 3832 3190 3900 δέ
3216 3835 3352 3907 Opp.

1769 3904 1858 3957 ed.
1890 3905 2127 3959 Schultz.
2163 3916 2292 3958 tom.
2327 3922 2397 3964 tv.
2431 3924 2483 3973 ιι.
2515 3906 2638 3958 767.

1841 3982 1868 4009 ι
1905 3975 2054 4028 Iliad.
2097 3975 2430 4038 A,-590—90;
2463 3976 2634 4043 Clem.
2667 3974 2828 4035 ibid.;
2855 3973 3079 4027 Tertull.
3113 3975 3271 4043 Apol.
3297 3989 3347 4029 c.

1770 4043 1867 4106 ﬂ;
1891 4044 2092 4097 Arnob.
2126 4061 2197 4107 tv,
2229 4059 2278 4097 c.
2309 4044 2394 4104 24,
2421 4054 2476 4098 et
2498 4042 2665 4096 Orell.
2699 4045 2763 4094 ad
2794 4045 2846 4093 h.
2880 4043 2915 4094 Ι.

1767 4122 1870 4234 Er!
1913 4113 2106 4166 Nescio
2155 4113 2296 4167 unde
2347 4114 2462 4167 hzec
2507 4112 2699 4165 haheat
2742 4110 3025 4166 Firmicus.
3074 4110 3235 4166 Forte
3282 4127 3352 4167 ex

1812 4197 2098 4234 uiemero.

1812 4197 2098 4236 uttemero.

1839 4259 1860 4286 ⁸
1919 4251 2072 4306 Ovid.
2108 4254 2322 4306 Metam.
2353 4268 2420 4314 tv,
2455 4252 2590 4315 I70;
2624 4251 2823 4306 Minue.
2857 4251 3004 4305 Felix
3029 4266 3080 4305 c.
3110 4252 3198 4304 22.

1837 4329 1862 4356 ⁸
1901 4323 2172 4376 Arnobius
2198 4337 2252 4384 v,
2283 4337 2332 4375 c.
2367 4322 2455 4375 27.

1763 4389 1861 4513 ‘25
1901 4394 2214 4461 Apollodor.
2259 4407 2302 4454 ι,
2332 4407 2381 4446 c.
2417 4392 2480 4456 I;
2513 4391 2728 4445 Tatian.
2772 4391 2923 4447 Orat.
2951 4391 3015 4445 ad
3054 4392 3239 4472 ’Graéc.
3293 4407 3346 4448 c.

1841 4499 1863 4568 ξπ
1905 4532 2112 4603 Virgilii
2141 4532 2268 4589 IEo.
2299 4548 2425 4601 vm,
2454 4547 2597 4588 vers.
2626 4532 2732 4588 5l9
2765 4550 2778 4585 :

1923 4668 2116 4716 Primus
2135 4667 2196 4714 ab
2219 4666 2422 4714 mtherio
2447 4667 2581 4714 venit
2604 4665 2838 4712 Saturnus
2860 4663 3088 4726 Olympo,

1924 4731 2066 4777 Arma
2091 4727 2227 4775 Jovis
2249 4728 2459 4787 fugiens,
2489 4734 2539 4774 et
2557 4727 2726 4787 regnis
2750 4725 2888 4773 exsul
2912 4725 3170 4787 ademptis.

1834 4857 1986 4912 Ovid.
2017 4856 2224 4911 Fastor.
2260 4867 2472 4919 t,vers.
2499 4852 2644 4906 235:

1889 4969 1992 5031 Hac
2013 4979 2119 5031 ego,
2131 4967 2391 5031 Saturnum
2413 4969 2609 5031 memini
2633 4967 2813 5031 tellure
2832 4974 3115 5031 receptum;

1949 5027 2202 5079 Carlitibus
2217 5029 2389 5089 regnis
2408 5030 2470 5076 ab
2493 5027 2615 5076 Jove
2641 5029 2808 5090 pulsus
2830 5037 2952 5079 erat.

1835 5139 1861 5176 ἀ
1899 5135 2104 5192 Arnob.
2143 5149 2219 5196 tv,
2248 5149 2303 5188 c.
2330 5134 2402 5189 24
2435 5154 2445 5188 :
2485 5133 2749 5204 Numquid

2785 5138 2993 5203 pulsum
3019 5152 3051 5188 α
3075 5137 3221 5189 nobis
3258 5152 3342 5189 ae-

1766 5227 1882 5265 nem
1913 5206 2163 5260 Italorum
2203 5204 2466 5258 delituisse
2495 5207 2547 5258 in

2587 5205 2820 5273 ﬁnibus?
2869 5206 3065 5259 Minue.
3111 5205 3260 5258 Felix
3290 5220 3341 5258 c.

1764 5282 1865 5341 22;
1893 5279 2136 5331 Lactant.
2168 5291 2208 5339 ι,
2237 5289 2287 5328 c.
2316 5277 2402 5336 15,
2433 5274 2535 5338 H;
2573 5277 2770 5330 Euseb.
2810 5276 2981 5342 Przep.
3016 5276 3217 5342 Evang.
3247 5288 3304 5328 ιη
3325 5314 3341 5340 ,

1751 5355 1831 5416 .3;
1858 5346 2081 5402 Tertull.
2117 5345 2277 5416 Apol.
2304 5360 2351 5397 c.
2381 5347 2478 5408 Il};
2510 5353 2565 5398 et
2593 5346 2761 5416 Orell.
2788 5345 2842 5416 in
2873 5345 3015 5416 notis
3038 5345 3102 5396 ad
3135 5343 3339 5416 Arnob.

1768 5414 2104 5475 Euhemerus
2135 5429 2220 5480 ap.
2256 5415 2486 5468 Ennium
2513 5431 2562 5481 p.
2593 5414 2698 5469 3‘20
2728 5431 2740 5464 :
2773 5415 3002 5478 Jupiter,
3027 5415 3240 5481 cognitis
3259 5415 3343 5465 in-

1767 5491 1915 5545 sidiis
1942 5485 2450 5555 (Saturni)_regnum
2489 5485 2585 5537 sibi
2615 5485 2785 5536 denuo
2813 5484 3085 5535 vindicavit
3119 5493 3166 5533 et
3197 5488 3344 5552 fuga-

1769 5563 1836 5613 vit
1859 5559 2160 5611 Saturnum.
2198 5553 2450 5618 Quicum
2475 5555 2709 5621 iactatus
2738 5561 2881 5606 esset
2909 5567 3002 5618 per
3022 5565 3210 5605 omnes
3234 5562 3344 5607 ter-

1769 5646 1877 5691 ras,
1911 5625 2356 5691 persequentibus
2385 5625 2628 5686 armatis,
2658 5636 2791 5689 quos
2836 5621 2900 5674 ad
2932 5634 3052 5673 eum
3097 5635 3344 5690 compre-

1773 5696 2115 5752 hendendum
2147 5695 2233 5748 vel
2279 5693 2572 5747 necandum
2613 5692 2821 5760 Jupiter
2862 5692 3101 5760 miserat,
3151 5693 3236 5745 vix
3288 5696 3340 5747 in

1768 5761 1919 5822 Italia
1951 5767 2150 5830 locum,
2174 5764 2230 5818 in
2252 5779 2359 5831 quo
2389 5765 2602 5827 lateret,
2631 5759 2854 5816 invenit.
2892 5758 3001 5814 Sed
3031 5758 3101 5814 de
3127 5761 3346 5829 Sparta‘
