3928 6392
485 339 624 396 10Ιὸ

1695 333 1864 391 JULII
1905 329 2159 389 FlRIllCl
2197 334 2506 390 ΜΑΤΕῘΙΝΙ

3609 326 3748 385 1016

483 465 541 512 et
561 457 651 528 qui
675 454 811 525 apud
847 470 940 510 vos
969 454 1118 524 quasi
1150 453 1222 508 dii
1253 452 1526 518 coluntur,
1555 449 1698 521 apud
1724 465 1822 504 nos
1848 449 2064 520 religio-
2092 473 2140 534 Λ
2169 448 2506 518 respondens
2553 448 2604 504 ei
2639 440 2900 503 Dominus
2927 446 3098 502 dixit:
3131 447 3252 502 Non
3279 448 3333 500 in
3367 462 3500 516 pane
3549 453 3750 500 tantum

486 565 563 605 sa:
593 550 716 605 tldei
759 549 959 604 medela
1002 547 1197 602 Christi
1227 547 1396 616 gratia
1443 545 1682 600 humano
1727 542 2066 612 subjacentes

488 641 735 710 imperio,
763 648 818 694 et
848 648 1116 694 tormenta
1150 644 1511 708 repugnantes
1531 635 1827 698 suStinent,
1857 644 1911 690 et
1939 633 2064 688 victi

487 734 660 803 pinnis
687 732 958 786 ultricibus
986 729 1357 800 subjugantur.

1080 873 1309 929 CAPUT
1346 871 1464 928 XV.

554 1017 634 1071 De
661 1015 939 1069 Penatibus
965 1014 1098 1083 agit,
1129 1027 1346 1082 quorum
1375 1025 1559 1062 nomen
1587 1023 1652 1062 ex
1678 1021 1814 1061 penu
1841 1005 2064 1068 derivat,

483 1108 623 1159 etde
652 1105 834 1168 Vesta,
876 1104 1149 1157 domestico
1175 1099 1530 1155 tantummodo
1578 1099 1735 1168 igne;
1785 1097 1930 1150 rebus
1972 1094 2071 1166 igi-

491 1207 576 1249 tur
622 1196 905 1249 hominibus
953 1196 1136 1265 gratis”;
1161 1193 1499 1261 utilibusque,
1531 1205 1658 1259 quas
1687 1190 1806 1242 deos
1834 1187 2066 1256 fecerint.

567 1288 791 1341 Penates
823 1294 847 1321 α
898 1289 1060 1339 etiam
1105 1285 1194 1354 qui
1236 1285 1363 1346 sint,
1402 1281 1674 1349 explicare
1718 1278 2061 1342 contendam,

488 1395 556 1435 ne
583 1381 711 1449 quid
737 1396 764 1433 a
797 1394 882 1432 me
912 1380 984 1431 sit
1013 1376 1454 1446 praetermissum.
1503 1373 1604 1438 Qui
1633 1371 1763 1425 nihil
1800 1370 1942 1425 aliud
1975 1383 2072 1438 pu-

486 1482 598 1524 tant
631 1487 754 1524 esse
779 1471 972 1534 vitam,
1003 1471 1104 1521 nisi
1148 1465 1402 1520 vescendi
1435 1471 1490 1516 ot
1516 1461 1732 1532 potandi
1765 1461 2070 1522 licentiam,

487 1561 588 1614 hos
619 1560 719 1612 sibi
742 1562 872 1614 duos
901 1575 963 1612 ex
997 1557 1308 1626 cupiditatis
1327 1571 1438 1609 sua:
1459 1551 1758 1607 humilitate
1780 1549 2070 1612 ﬁnxerunt,

487 1643 818 1706 nutrimenta
873 1651 1161 1720 corporis,
1215 1664 1332 1717 qua:
1385 1663 1450 1700 ex
1506 1643 1836 1715 quotidianis
1899 1642 2074 1712 epulis

487 1754 872 1812 comparantur
894 1785 906 1807 ,
939 1742 1042 1794 hoc
1070 1741 1286 1793 nomine
1316 1754 1412 1808 pro
1443 1737 1617 1791 salute
1643 1735 1918 1789 hominum
1942 1729 2075 1786 cnn-

489 1844 787 1889 secrantes.
820 1833 950 1900 Quia
976 1847 1071 1900 per
1095 1831 1279 1899 epulas
1309 1829 1551 1896 corporis
1575 1827 1812 1882 reﬁcitur
1842 1824 2069 1877 inlirmi-
2106 1853 2152 1912 Β

492 1936 575 1979 tas
615 1967 628 1990 ,
688 1926 939 1979 alimenta
991 1924 1164 1978 solum
1215 1938 1334 1977 esse
1392 1922 1556 1975 Deum
1603 1926 1923 1980 sanxerunt,
1978 1931 2074 1970 ne-

494 2023 728 2074 scientes
772 2019 937 2073 divini
985 2019 1185 2072 oraculi
1217 2018 1519 2072 veritatem.
1562 2013 1694 2069 Cum
1725 2013 1866 2066 enim
1896 2011 2081 2063 Domi-

496 2127 597 2163 nus
630 2118 811 2163 noster
840 2110 996 2163 .lesus
1025 2108 1271 2162 Christus
1303 2123 1424 2160 cum
1458 2105 1706 2167 diabolo,
1745 2116 1847 2169 pro
1894 2109 2079 2153 nostra

501 2201 678 2252 salute
703 2200 990 2264 sollicitus,
1020 2199 1200 2252 divina
1225 2197 1523 2264 majestatis
1553 2208 1663 2246 suae
1693 2191 2080 2246 colluctatione

500 2300 770 2352 certaret,
804 2299 856 2343 ct
885 2299 940 2342 ut
969 2290 1038 2343 de
1085 2287 1327 2341 lancibus
1375 2286 1493 2354 ejus
1523 2299 1681 2354 quem
1713 2281 1929 2351 gerebat
1981 2282 2081 2334 ho-

501 2383 702 2436 minem
733 2381 998 2454 liberare,
1053 2378 1155 2432 hac
1205 2393 1328 2432 eum
1380 2375 1733 2444 responsione
1783 2373 2074 2441 quassavit.

497 2475 630 2530 Nam
663 2489 783 2528 cum
815 2474 1019 2527 diceret
1046 2472 1095 2525 ei
1120 2469 1368 2523 diabolus
1397 2486 1410 2521 :
1443 2468 1504 2522 Si
1526 2467 1664 2535 ﬁlius
1698 2464 1791 2518 Dei
1818 2481 1906 2529 es,
1938 2464 2021 2532 {ac
2048 2461 2074 2499 δ

496 2579 550 2620 ut
580 2568 662 2621 isti
694 2567 888 2634 lapides
913 2580 1066 2634 panes
1098 2563 1224 2631 ﬁant
1249 2562 1267 2633 (
1291 2561 1477 2614 .llattlt.
1510 2575 1597 2623 tv,
1629 2558 1693 2621 ὃς
1727 2555 1853 2610 Luc.
1882 2571 1965 2621 tv,
1994 2555 2077 2625 3),

505 2687 738 2738 auditum
766 2688 906 2753 fugat
920 2683 1104 2736 noxios
1124 2679 1355 2750 spiritus.
1370 2677 1630 2732 Prudeut.
1651 2674 1914 2744 Apothes.
1931 2672 2038 2728 458
2062 2688 2075 2725 :

575 2789 1663 2854 ...............Torquetur_Apollo

563 2861 771 2909 Nomine
799 2868 1056 2918 percussus
1078 2855 1254 2906 Christi
1278 2849 1412 2915 {nec
1432 2849 1630 2918 fulmina
1655 2849 1806 2918 Verbi

566 2921 721 2970 Ferre
747 2910 926 2981 potest,
951 2920 1136 2978 agitant
1156 2910 1386 2965 miserum
1407 2921 1478 2963 tot
1500 2914 1712 2962 verbera
1732 2911 1913 2972 linguae
1945 2910 1956 2956 !

507 3021 805 3078 Notandum
821 3021 884 3073 ad
902 3021 955 3072 ιι.
981 3020 1018 3072 ι.
1040 3034 1106 3073 ex
1124 3017 1355 3073 Historia
1386 3016 1740 3070 ecclesiastica
1761 3011 2082 3067 :Catholicos

2174 549 2196 578 °
2235 541 2353 594 vivit
2383 539 2568 605 homo,
2597 540 2688 594 sed
2739 540 2795 592 in
2832 540 2971 592 omni
3014 539 3161 592 verbo
3207 536 3303 591 Dei
3347 536 3506 607 (Luc.
3535 552 3586 590 tv
3606 577 3621 601 ,
3652 537 3746 603 ι).

2169 628 2481 712 Nescientes
2507 631 2691 699 itaque
2721 628 3080 684 substantiam
3102 628 3316 698 generis
3341 627 3593 693 humani,
3615 641 3752 696 quo-

2169 723 2402 777 tidianas
2417 722 2603 792 epulas
2625 721 2729 776 hoc
2751 721 2968 776 nomine
2983 727 3388 786 consecrarunt.
3412 716 3542 799 l‘iam
3561 731 3748 781 omne,

2169 830 2276 885 quo
2322 825 2617 870 vescuntur
2664 813 2948 878 homines,
2989 825 3158 880 penus
3199 818 3460 873 vocatur;
3515 807 3640 862 hinc
3693 817 3754 861 et

2170 903 2308 958 cella
2347 904 2565 974 penaria
2595 900 2657 968 ἀ,
2696 902 2821 956 hinc
2844 910 2898 956 et
2942 901 3014 954 dii
3063 910 3311 970 penates,
3344 898 3412 952 ab
3440 896 3668 965 abiectis
3697 904 3754 950 et

2170 994 2459 1064 prostratis
2489 993 2797 1048 hominibus
2839 992 3036 1046 misera
3065 999 3194 1044 sunt
3234 988 3558 1058 cogitatione
3601 1001 3753 1040 com-

2171 1089 2368 1159 posita.
2421 1087 2578 1142 Vesta
2609 1063 2787 1140 autem
2819 1085 2947 1154 quid
2988 1085 3059 1138 sit
3106 1068 3298 1137 discite
3335 1092 3391 1145 ε,
3433 1095 3500 1136 ne
3543 1079 3756 1151 putetis

2173 1180 2454 1248 antiquum
2483 1177 2719 1247 aliquid,
2751 1186 2844 1230 aut
2868 1191 2991 1230 cum
3037 1189 3251 1233 summo
3305 1183 3512 1229 terrore
3557 1165 3754 1227 inven-

2175 1279 2305 1325 tum.
2340 1269 2485 1340 Ignis
2514 1277 2599 1323 est
2631 1267 2960 1322 domesticus
2982 1307 2996 1331 ,
3026 1265 3115 1334 qui
3148 1264 3201 1318 in
3246 1263 3379 1318 locis
3425 1261 3760 1333 quotidianis

2176 1365 2362 1418 usibus
2389 1362 2576 1416 servit.
2607 1363 2948 1430 Quapropter
2974 1373 3176 1427 coquos
3217 1357 3412 1411 haheat
3441 1354 3458 1392 ί
3481 1398 3496 1418 .
3526 1371 3633 1411 non
3657 1356 3760 1408 mi-

2175 1471 2325 1511 seras
2366 1455 2603 1524 virgines
2641 1453 2984 1515 sacerdotes,
3016 1465 3136 1520 qua:
3164 1456 3576 1503 contemnentes
3618 1447 3759 1515 ignis

2174 1547 2340 1615 ipsius
2367 1545 2730 1610 l‘avillas,aut
2780 1543 3070 1611 prostituto
3114 1555 3348 1610 corpore
3395 1553 3619 1606 peccare
3664 1552 3760 1591 co-

2175 1648 2372 1709 guntur
2403 1648 2458 1701 8,
2504 1647 2596 1691 aut
2626 1638 2679 1690 in
2719 1635 3024 1704 virginitate
3069 1640 3481 1702 perseverantes
3525 1628 3761 1700 perdunt

2178 1732 2457 1788 honestam
2485 1729 2705 1798 gloriosi
2747 1727 2982 1781 nominis
3009 1726 3324 1793 dignitatem
3352 1722 3400 1775 δ.

2762 1816 2990 1873 CAPUT
3027 1816 3168 1870 XVI.

2251 1913 2482 1966 Palladii
2513 1912 2760 1980 originem
2805 1911 3052 1977 exponit,
3101 1908 3311 1974 eiusque
3341 1907 3548 1960 numine
3599 1922 3762 1975 neque

2184 2003 2427 2072 Trojam,
2477 2018 2638 2068 neque
2677 2001 2928 2065 Romam,
2960 2003 3024 2052 ab
3073 2001 3308 2052 incendio
3358 2009 3517 2052 tutam
3565 1999 3759 2069 fuisse,

2181 2112 2273 2149 nec
2299 2099 2410 2166 ejus
2454 2095 2674 2147 cultores
2701 2096 2755 2146 in
2785 2103 3040 2161 posterum
3069 2102 3207 2146 tutos
3255 2095 3472 2164 futuros.

2252 2186 2480 2240 Palladii
2530 2187 2690 2240 etiam
2745 2186 2871 2255 quid
2918 2186 2988 2240 sit
3054 2201 3246 2239 numen
3305 2185 3506 2239 audite.
3580 2184 3764 2238 Simu-

2181 2278 2383 2333 lacrum
2435 2285 2612 2332 estex
2641 2278 2855 2331 ossibus
2904 2276 3116 2346 Pelopis
3161 2275 3360 2331 factum
3395 2273 3577 2330 kﬂoc
3621 2274 3778 2329 Aba-.

2183 2373 2258 2424 ris
2291 2371 2304 2419 l
2346 2370 2546 2439 Sctyha
2577 2368 2771 2423 fecisse
2800 2368 3271 2437 perbibetur;jam
3303 2366 3462 2436 quale
3487 2369 3558 2422 sit
3580 2367 3764 2421 consi-

2182 2462 2392 2528 derate,
2445 2459 2586 2530 quod
2615 2460 2815 2531 Scytha
2874 2461 3132 2514 barbarus
3187 2460 3546 2514 consecravit.
3591 2457 3765 2512 Estne

2184 2554 2382 2623 aliquid
2414 2553 2553 2622 apud
2597 2552 2823 2623 Scythas
2867 2552 3098 2604 humana
3126 2551 3336 2606 ratione
3375 2550 3762 2618 compositum.

2183 2673 2449 2724 humerum
2475 2671 2750 2723 eburneum
2777 2668 2887 2721 loco
2910 2668 3084 2720 amissi
3111 2668 3354 2737 restituit.
3386 2666 3628 2737 Hyginus
3653 2665 3762 2720 fab.

2181 2743 2270 2796 85.
2304 2741 2459 2795 Serv.
2490 2741 2526 2792 l.
2556 2755 2606 2793 c.
2635 2738 2953 2808 Lycophron
2980 2755 3030 2790 v.
3059 2737 3159 2808 152
3189 2754 3202 2791 :
3252 2736 3357 2790 Hic
3382 2736 3619 2806 deinceps
3648 2753 3765 2789 cum

2183 2828 2246 2864 ex
2277 2809 2414 2863 Pisis
2448 2809 2656 2872 Troiam
2683 2807 2992 2877 deferretur,
3020 2807 3155 2878 quod
3180 2809 3289 2861 sine
3310 2809 3404 2861 illo
3427 2823 3539 2860 osse
3571 2817 3618 2860 et
3639 2823 3766 2860 arcu

2184 2879 2495 2932 Philoctetis
2520 2878 2667 2934 Ἴλιον
2694 2879 2986 2948 δυσάλωτον
3011 2879 3219 2948 oraculo
3245 2878 3589 2948 accepissent,
3630 2893 3765 2948 nast-

2184 2951 2361 3030 fragio
2380 2951 2528 3030 periit
2547 2953 2702 3030 juxta
2723 2947 2971 3030 Eubwam
2986 2963 3062 3030 ,‘na
3098 2947 3439 3028 Damarmeno
3461 2962 3576 3030 ver‘o
3599 2947 3771 3030 pisca-

2185 3015 2292 3072 tore
2317 3015 2596 3072 Eretriensi
2618 3020 2952 3085 expiscatum,
2973 3017 3059 3069 ‘illi
3080 3027 3124 3069 et
3144 3018 3356 3085 posteris
3380 3015 3769 3085 custodiendum

507 3077 745 3157 spiritum
761 3106 1025 3143 erroneum
1051 3089 1344 3156 objurgasse
1358 3087 1550 3157 etultro
1577 3088 1713 3152 loqui
1736 3084 2081 3154 prohibuisse;
2108 3077 2153 3138 C
2186 3089 2499 3144 tradebatur.
2525 3077 2753 3140 Pansan.
2781 3077 2948 3157 Eliac.
2970 3102 3006 3149 ι,
3035 3077 3204 3157 c._i'5.
3236 3084 3312 3138 Ex
3347 3084 3768 3157 illatraditione,

513 3155 855 3216 Montanistas
900 3169 1078 3211 contra
1111 3155 1183 3209 ad
1206 3155 1518 3222 "loquendum
1565 3157 1715 3224 plura
1743 3169 2080 3224 provocasse.

513 3233 705 3286 Ronru
759 3229 1021 3298 Reliquia:
1063 3227 1334 3298 sacrae],
1392 3224 1828 3298 Mli._Eanjdem
1878 3238 2088 3298 quoque

513 3302 811 3356 Gentilibus
841 3293 912 3353 de
944 3299 994 3350 vi
1042 3297 1436 3362 adjurationum
1487 3294 1764 3348 inhaesisse
1789 3293 2091 3362 persuasio-

516 3386 637 3424 nem
657 3367 1048 3424 docetlocusin
1079 3361 1287 3418 Firmici
1319 3366 1699 3427 AstronomJt,
1729 3361 1843 3418 c.79
1875 3380 1886 3414 :
1913 3361 2090 3416 Faciet

517 3441 796 3493 exorcistas
820 3449 867 3492 et
885 3441 970 3508 qui
993 3437 1592 3508 laborantesidwmonum
1613 3436 1905 3508 incursione
1928 3432 2093 3508 (tomi-

517 3527 603 3563 nes
628 3511 758 3579 aptis
784 3502 1016 3579 remediis
1044 3506 1526 3579 liberent.Plura_t_le
1551 3505 1834 3579 exorcistis
1861 3502 1980 3557 vide
2000 3518 2088 3572 ap.

524 3576 872 3648 Binghamum
899 3578 1077 3646 Origg.
1108 3577 1241 3648 ecel.
1275 3588 1404 3628 tom.
1439 3576 1512 3648 ll,
1545 3591 1596 3644 p.
1629 3576 1840 3648 19_seq.

587 3644 840 3704 l'Cicero
871 3651 935 3702 de
983 3644 1049 3701 NI
1088 3647 1238 3701 deor.
1272 3663 1331 3711 tt,
1376 3660 1425 3699 c.
1470 3646 1562 3710 27,
1612 3656 1665 3699 et
1706 3645 1775 3698 ibi
1835 3644 2089 3696 Creuzer.

517 3720 655 3774 Tob.
705 3719 964 3786 Ilempelii
1017 3719 1084 3771 de
1131 3717 1237 3768 Diis
1283 3716 1522 3769 Laribus.
1579 3714 1894 3786 zwicltavia:
1935 3714 2091 3764 1797.

517 3791 684 3843 Jerm.
719 3784 904 3841 Muller
949 3789 1174 3839 Dissert.
1225 3786 1407 3853 lnaug.
1456 3786 1524 3836 de
1571 3785 1680 3853 Diis
1731 3784 2095 3853 Romanorum

524 3857 750 3912 Laribus
778 3865 830 3910 et
861 3856 1168 3909 Penatibus.
1201 3851 1375 3907 Halnf
1406 3854 1560 3906 18H.
1606 3851 1839 3905 Creuzer
1884 3866 1954 3913 tt,
1995 3851 2097 3903 747

525 3944 622 4034 δεῖ
668 3996 772 4048 Fac
801 3995 954 4050 unice
998 4002 1176 4049 exstat
1221 3993 1358 4062 apud
1410 3992 1723 4046 Firmicum.
1771 3991 1827 4044 ln
1877 3989 2100 4060 reliquis

528 4068 815 4122 (Iudicibus
837 4075 888 4119 ct
915 4067 1194 4123 Patribus.
1229 4066 1316 4130 qui
1359 4065 1963 4133 Antehieronymianam
2012 4064 2102 4113 ha—

528 4141 654 4191 bent
681 4137 907 4190 Matthzri
932 4148 985 4188 et
1006 4135 1163 4188 Luca:
1193 4133 1535 4195 Versionem,
1564 4133 1760 4201 legitur
1789 4134 1891 4184 dic.

604 4217 624 4243 ο
673 4207 789 4257 Non
818 4208 869 4257 in.
891 4223 1019 4274 pane
1043 4215 1258 4257 tantunt.
1289 4203 1731 4274 Reliquiglmbent
1774 4205 1903 4274 solo.
1939 4201 2106 4274 Maxi-

529 4290 647 4329 mus
677 4271 1017 4329 Taurinensis
1048 4275 1319 4329 consentit
1345 4288 1464 4326 cum
1495 4272 1749 4326 Firmico.
1782 4273 1914 4325 Vide
1937 4271 2107 4325 Saba-

525 4347 651 4467 ;qgii
705 4347 836 4397 Bibl.
873 4344 1088 4396 Sacror.
1119 4343 1332 4396 Latinas
1371 4344 1650 4396 versioues
1675 4341 1926 4410 antiquas
1954 4343 2017 4404 5,
2053 4357 2103 4408 ρ.

599 4481 624 4518 ά
671 4483 886 4535 Festus:
930 4479 1154 4533 Penoru.
1202 4478 1371 4531 Varro
1401 4478 1468 4532 de
1516 4478 1724 4546 Lingua
1775 4479 1963 4532 Latina
2007 4479 2106 4532 lib.

533 4569 602 4606 tv.
632 4552 810 4605 Wow.

609 4633 631 4659 ο
678 4624 749 4676 De
786 4622 937 4675 Vesta
963 4620 1032 4674 cl.
1065 4620 1178 4674 Cic.
1213 4617 1279 4671 de
1308 4616 1427 4671 Nat.
1461 4615 1602 4669 Deor
1632 4630 1686 4676 Il,
1728 4629 1777 4667 e.
1808 4615 1876 4666 27
1903 4632 1918 4677 ;
1951 4614 2111 4669 Ovid.

537 4691 746 4747 Fastor.
778 4708 853 4753 tu,
901 4689 991 4755 45,
1015 4700 1070 4744 et
1090 4707 1174 4752 vr,
1205 4688 1311 4742 250
1336 4701 1452 4754 seq.
1477 4702 1493 4749 ;
1523 4685 1729 4738 Arnob.
1763 4700 1848 4748 tu,
1880 4685 1979 4748 '52,
2026 4699 2076 4736 tv
2099 4725 2112 4748 ,

537 4760 640 4822 35;
677 4762 858 4814 lsidori
889 4761 1070 4830 Origg.
1101 4777 1150 4813 ιι
1173 4802 1187 4822 ,
1218 4774 1266 4812 c.
1300 4758 1385 4810 11.

612 4831 630 4867 ί
673 4832 876 4886 lrrisio!

612 4909 634 4944 8
681 4903 824 4953 Haud
856 4899 1096 4964 intelligo
1117 4896 1385 4968 quomodo
1409 4895 1474 4948 ad
1505 4895 1835 4963 peccandum
1855 4895 1980 4968 cogi
2005 4894 2108 4968 dici

540 4972 744 5037 possint
776 4970 1004 5037 virgines
1037 4965 1306 5027 Vestales.
1340 4967 1391 5019 in
1413 4981 1637 5034 quarum
1665 4965 2107 5037 incontinentiam

539 5036 600 5092 ex
654 5036 1306 5105 legibusPontitit-alibus
1351 5037 1711 5088 Romanorum
1770 5036 2110 5105 severissime

542 5102 1073 5162 animadverteretur.
1107 5107 1291 5175 Neque
1318 5116 1686 5157 contemnentes
1714 5105 1843 5156 illud
1888 5103 2106 5158 Firmici

541 5194 660 5230 cum
692 5180 865 5230 verbis
905 5187 990 5228 aut
1018 5180 1071 5228 in
1112 5179 1400 5245 virginitate
1441 5183 1810 5245 perseverantes
1856 5177 2101 5245 perdunt,

539 5259 642 5300 etc.
671 5289 683 5306 ,
716 5249 981 5314 quadrare
1003 5244 1237 5298 videtur.
1262 5245 1428 5297 Totus
1459 5245 1608 5297 locus
1637 5244 1870 5306 laborat,
1921 5253 1976 5297 et
2021 5244 2105 5296 vix

541 5319 591 5367 in
611 5318 888 5385 integrum
923 5317 1128 5368 restitui
1159 5315 1370 5381 poterit.

610 5383 635 5418 ιι
676 5382 762 5437 δεῖ
809 5387 928 5453 quia
959 5386 1197 5438 caelibem
1243 5388 1404 5436 vitam
1450 5397 1552 5436 non
1597 5382 1727 5446 Deo,
1761 5383 1853 5436 sed
1882 5384 2106 5452 impurae

546 5454 773 5506 tltetnoni
800 5456 970 5508 Vestze
995 5462 1462 5509 Conseoraverant.

621 5534 633 5557 ι
679 5524 885 5592 Cogitat
913 5525 977 5577 de
1010 5525 1235 5578 humero
1258 5524 1502 5588 Pelopis,
1530 5535 1686 5589 quem
1713 5520 1872 5576 Ceres
1896 5523 1948 5575 in
1973 5537 2105 5589 epu-
2135 5525 2142 5531 ’

544 5588 592 5666 lo
621 5608 647 5642 a
679 5588 899 5666 'l‘antalo
929 5593 1038 5666 diis
1066 5604 1249 5661 parato
1279 5588 1694 5666 parumcauta,
1717 5605 1836 5643 cum
1885 5588 2105 5666 Proser-

540 5659 715 5732 pinam
749 5665 996 5715 amissam
1030 5659 1630 5732 lugeret,_comederat.
1662 5659 1815 5713 Serv.
1861 5664 1927 5716 ad
1969 5662 2104 5732 ᾐνίτ-

536 5727 627 5789 gil.
655 5728 842 5797 Georg.
876 5748 950 5796 tu,
978 5733 1039 5784 7:
1067 5727 1161 5784 Cui
1190 5745 1220 5784 a
1259 5733 1356 5784 diis
1385 5733 1437 5783 in
1480 5733 1632 5783 vitam
1674 5741 1904 5784 revocato
1951 5729 2102 5784 Ceres

2193 3159 2475 3211 humerum
2498 3157 2711 3224 Pelopis
2738 3156 2804 3208 ad
2834 3156 3052 3209 Grzecos
3079 3155 3295 3223 Trojam
3330 3154 3645 3224 obsidentes
3675 3153 3772 3224 de-

2193 3229 2357 3280 latum
2381 3225 2568 3289 fuisse.
2594 3223 2710 3280 orta
2737 3233 2819 3278 est
2840 3225 3004 3278 altera
3035 3225 3234 3286 fabula,
3268 3239 3332 3278 ex
3365 3238 3431 3278 eo
3460 3239 3487 3276 a
3517 3223 3771 3292 Trojanis

2192 3297 2489 3350 Palladium
2527 3295 2721 3350 factum
2745 3310 2886 3349 esse.
2915 3296 3062 3348 Hanc
3101 3293 3625 3364 praeteriFirmicum
3673 3292 3771 3346 ha-

2169 3367 2281 3421 .bet
2310 3365 2561 3420 Clemens
2587 3366 2740 3420 Alex.
2764 3365 3034 3431 Protrept.
3069 3363 3116 3417 c.
3145 3368 3197 3418 4.
3222 3379 3272 3434 p.
3299 3363 3389 3424 41.
3420 3364 3507 3418 ed.
3539 3363 3728 3434 Potter
3756 3383 3770 3418 :

2194 3438 2365 3520 ξιολλοί
2384 3433 2498 3520 β’ἆν
2516 3440 2665 3520 ςάχα
2686 3437 3014 3520 enupsissent-1,
3044 3439 3086 3489 εἰ
3121 3433 3318 3520 μὸςῆὸιξν
3345 3437 3401 3490 τὸ
3421 3433 3776 3520 ιξαὶξλάὂιονατὸ

2195 3506 2424 3567 διοπετὲς
2443 3505 2752 3582 Ᾱκαλρῦριενογ
2781 3505 2809 3582 ὄγ
2830 3505 3072 3582 Δςομὴδης
3110 3505 3191 3560 icti
3213 3505 3486 3582 'Odvg‘a’s-t'):
3509 3507 3776 3582 ἰςτοροῦν-

2194 3599 2282 3631 ται
2311 3582 2400 3648 μὲν
2421 3574 2693 3652 ὑφελέσθαι
2719 3581 2820 3652 ᾁπὸ
2871 3574 3014 3652 Ἰλίου
3048 3577 3494 3652 παρακαταϐξσρσι
3519 3574 3574 3630 δέ
3617 3574 3779 3652 ῥῖψο-

2197 3647 2369 3718 φῶνίὲι.
2411 3647 2479 3701 ἐκ-
2513 3656 2610 3718 τῷξισ
2651 3650 2876 3718 Πέλοπος
2915 3647 3780 3718 ὁστῶνΑκάτεσκιυάσθ-ῳηκαθᾲπερ

2198 3713 2256 3769 “to
2275 3717 2545 3788 :Q‘AI'stmov
2567 3715 2620 3780 ἒξ
2642 3716 2798 3788 ἆλλῳν
2824 3719 2984 3769 ὀστῶν
3001 3715 3207 3769 Ἰνδικοῦ
3222 3718 3412 3788 θηρίουὶ
3425 3713 3606 3788 ΔῌμῙΙΙΒ
3620 3713 3783 3768 ebur—

2202 3785 2288 3837 nei
2323 3783 2528 3837 humeri
2584 3787 2911 3837 mentionem
2964 3800 3178 3851 qttoque
3228 3783 3354 3836 iacit
3382 3783 3738 3838 Philostratus
3765 3827 3779 3849 ,

2203 3855 2402 3922 Imagg.
2451 3868 2501 3907 c.
2551 3853 2641 3907 50.
2673 3853 2806 3907 Cum
2851 3851 3129 3922 Clemente
3158 3856 3423 3906 consentit
3450 3855 3657 3908 Arnob.
3687 3869 3738 3907 tv
3765 3895 3782 3917 ,

2203 3922 2274 3977 25
2307 3921 2333 3976 τί
2358 3921 2502 3986 ίρυίδ
2537 3939 2600 3975 ex
2625 3923 2854 3987 reliquiis
2885 3921 3093 3990 Pelopis
3123 3935 3440 3990 compactum
3465 3940 3573 3976 esse
3603 3922 3787 3977 Palla-

2213 3995 2351 4044 dium
2381 3995 2607 4062 prodidit
2633 3994 2656 4046 ?
2683 4011 2781 4045 non
2808 4010 2895 4045 vos
2923 3995 2948 4045 ?
3000 3992 3116 4046 Huc
3147 3995 3413 4060 pertinere
3461 3993 3788 4049 Cassandrae

2205 4065 2366 4117 verba
2399 4065 2534 4131 apud
2562 4063 2969 4132 Lycophronem
2999 4079 3048 4115 v.
3075 4064 3164 4128 53,
3197 4063 3455 4116 Meursius
3485 4064 3784 4117 exiSlimat:

2454 4165 2602 4202 Λιῦσσυ
2625 4178 2681 4207 σι.
2701 4165 2853 4213 τλῆμον,
2877 4161 3044 4214 διύτιρον
3062 4166 3281 4214 πυρουμένῃ

2456 4222 2545 4270 Tal;
2569 4227 2602 4263 τ’
2627 4228 2807 4272 Mnasias;
2828 4228 2943 4277 ιιρσὶ,
2963 4231 3044 4271 ταῖς
3064 4240 3104 4264 τι
3129 4221 3334 4269 Ταντάλου,

2458 4290 2654 4336 Αιιτρὶναν
2673 4289 2877 4336 οὶιουροῦστ
2893 4288 3072 4337 λιιψάνοις

2460 4345 2597 4392 Παιδὸς
2615 4349 2920 4398 ιατιϐρσχοίντος
2944 4349 3081 4400 αὶοάλιφ
3104 4345 3227 4397 δέμας.

2213 4417 2291 4498 βξ
2325 4421 2724 4498 comparatione
2754 4420 2974 4498 Palladii
3005 4435 3123 4474 cum
3154 4420 3285 4498 Jove
3314 4418 3562 4498 Olynlpio
3595 4421 3791 4498 proba-

2221 4487 2325 4540 bile
2351 4499 2432 4540 est
2467 4489 2789 4542 Clementem
2821 4490 2888 4558 de
2917 4490 3140 4544 humero
3178 4487 3412 4543 eburneo
3441 4489 3656 4558 Pelopis
3697 4507 3791 4544 co-

2217 4558 2434 4622 gitasse.
2481 4558 2772 4623 Acceperat
2820 4557 2985 4622 forte,
3015 4560 3307 4612 Palladium
3359 4560 3498 4624 apud
3545 4557 3790 4615 Vestales

2221 4625 2486 4678 Romanas
2535 4637 2804 4678 servatum
2853 4643 2918 4680 ex
2965 4642 3085 4681 osse
3132 4628 3325 4680 factum
3374 4642 3527 4691 esse;
3563 4638 3789 4684 vetusta:

2217 4693 2379 4759 igitur
2409 4694 2600 4745 fabulae
2634 4696 2811 4766 tidem
2838 4693 3064 4766 _habuit.
3124 4697 3378 4766 Palladii,
3424 4695 3577 4763 cujus
3627 4699 3787 4766 primi

2216 4773 2465 4816 auctores
2510 4763 2779 4817 exstitisse
2829 4763 3069 4818 feruntur
3125 4765 3358 4818 Lcsches
3425 4775 3478 4819 et
3533 4763 3789 4822 Arctinus

2215 4830 2480 4901 (llesych.
2536 4849 2584 4883 v.
2637 4833 2952 4903 ᾼιομὴδιιος)
2977 4874 2992 4895 ,
3025 4834 3301 4897 ultimam,
3331 4845 3587 4903 quantum
3636 4840 3786 4903 scio,

2215 4899 2456 4954 notitiam
2507 4899 2812 4970 suppbditat
2844 4899 3172 4957 Herodianus
3197 4905 3288 4957 lib.
3322 4899 3371 4969 ιζ
3397 4921 3446 4958 c.
3479 4908 3566 4960 M.
3606 4899 3789 4961 Vesta}

2215 4971 2416 5034 templo
2444 4972 2721 5024 Commodi
2755 4981 2992 5039 tempore
3020 4973 3141 5038 igne
3169 4973 3376 5038 deleto,
3410 4975 3652 5031 Vestales
3681 4979 3780 5032 viro

2212 5042 2361 5116 gines
2387 5041 2677 5116 Palladium
2711 5055 2812 5094 una
2832 5056 2964 5116 cum
2997 5044 3254 5116 aliisqua:
3281 5048 3572 5099 servabant
3599 5049 3784 5116 pigno-

2213 5111 2360 5162 ribus
2385 5110 2592 5176 imperii
2623 5109 2847 5164 Romani
2887 5113 2950 5164 ad
2985 5109 3284 5179 puntilicem
3315 5109 3614 5168 maximum
3635 5109 3786 5171 e'um-

2211 5179 2457 5257 ﬂetuque:
2466 5182 2856 5257 imperatorem
2897 5182 2948 5257 in
3005 5182 3274 5257 Palatinas
3317 5183 3460 5257 aedes
3501 5185 3785 5257 detulisse.

2210 5246 2365 5320 Unde
2418 5246 2678 5320 Firmicus
2732 5266 2850 5314 quae
2902 5251 2969 5305 de
3012 5252 3246 5305 Palladio
3298 5253 3456 5306 tradit
3508 5256 3786 5320 hauserit.

2210 5319 2484 5390 no_s_latet.
2520 5318 2677 5390 Plura
2727 5320 2884 5373 habet
2930 5337 3088 5390 quam
3135 5322 3418 5388 Clemens;
3469 5318 3788 5390 venditum,

2207 5386 2582 5441 suhhastatum
2642 5389 2807 5442 fuisse
2860 5386 2962 5443 ait:
3008 5391 3132 5445 Haec
3181 5407 3311 5446 vero
3361 5386 3428 5446 ex
3479 5386 3788 5452 Euhemero

2207 5470 2350 5528 eum
2377 5460 2696 5528 sumpsisse,
2726 5461 2994 5528 conjicere
3026 5461 3168 5515 licet.
3676 5478 3677 5481 ‘

2281 5529 2293 5573 l
2326 5526 2388 5602 ΔΙη
2428 5527 2784 5602 editionibus
2816 5526 3012 5584 Avarus
3044 5532 3240 5600 Scytha
3283 5532 3364 5587 bis
3410 5532 3628 5602 legitur.
3653 5534 3788 5590 Sine

2207 5593 3003 5672 [imitationecornesi_Abaris
3031 5593 3249 5671 chtha,
3275 5618 3432 5672 quem
3460 5593 3788 5672 Eristoteles

2205 5663 2364 5734 βηνξιι
2391 5670 2647 5734 appellat.
2673 5667 2754 5722 Cf.
2784 5663 3126 5734 Scaligernui
3175 5663 3246 5725 in'
3281 5663 3537 5729 Gronovii
3578 5675 3781 5729 Minue;

2204 5731 2385 5790 Felice
2410 5731 2742 5804 ararum,
2773 5753 2826 5806 p.
2853 5731 2977 5796 ιδιι
