3936 6406
436 371 573 429 1019

1637 363 1808 421 ιυιιι
1842 361 2100 419 FIRMICI
2136 361 2444 420 MATERNI

3538 360 3678 421 1020

430 482 802 551 triumpharet,
854 482 1068 538 exuviis
1121 481 1370 550 corporis
1421 479 1541 548 eius
1571 490 1759 533 ornata
1814 487 1914 545 est,
1943 485 2004 532 ut
2029 485 2082 544 Α
2106 484 2161 530 et
2186 477 2239 530 in
2260 479 2486 533 exitium
2502 494 2667 534 suum
2692 495 2856 550 prona
2883 480 3223 536 animositate
3259 478 3498 539 festinat.
3526 478 3677 536 Tunc
3705 509 3709 513 ~

386 600 391 606 -
430 573 708 646 parricidii
737 573 946 628 facinus
974 588 1040 629 ex
1069 573 1278 627 crudeli
1293 570 1654 626 ostentatione
1684 570 2003 639 publicaret.

432 665 602 735 Hujus
627 674 711 722 est
737 664 1058 730 Palladium,
1093 663 1226 732 proh
1259 663 1407 717 nefas
1432 663 1445 716 ι
1471 661 1687 716 nomine
1714 674 2009 716 consecra-

436 766 566 810 tum.
601 755 726 810 Hinc
753 761 838 814 est
864 754 1041 810 Pallas
1065 769 1189 824 qua:
1225 753 1440 819 colitur,
1474 752 1589 806 haec
1616 761 1695 805 est
1727 767 1847 820 qua:
1878 765 2009 821 pon-

435 845 619 902 tificali
670 845 787 916 lege
816 853 1065 901 servatur
1093 853 1140 910 Ii,
1172 853 1227 897 et
1283 842 1435 912 cujus
1482 842 1657 912 imago
1694 840 2009 910 suppliciter
2044 867 2046 870 -

431 936 708 992 aduratur.
726 937 996 1005 Apponite
1026 937 1228 1004 ignem,
1248 945 1439 1004 augete
1463 934 1725 999 ﬂammas,
1752 943 1807 987 iit
1830 933 2006 1000 quoti-

433 1030 607 1084 diariis
635 1027 916 1084 sacriﬁciis
941 1028 1134 1083 vestris
1174 1027 1387 1082 dicatur
1438 1027 1650 1082 ardere.
1682 1025 1822 1092 Quid
1863 1026 2008 1081 enim

437 1129 678 1174 meretur
705 1119 849 1177 aliud
875 1119 1160 1188 parricida,
1192 1119 1294 1172 nisi
1327 1127 1384 1172 ut
1425 1127 1680 1186 perpetua
1713 1116 2010 1172 mutatione

438 1210 775 1264 ﬂammarum
824 1218 948 1264 ante
978 1209 1302 1264 sententiam
1357 1209 1446 1263 Dei
1497 1208 1735 1276 quotidie
1780 1206 2011 1262 ﬂammis

436 1301 720 1357 ultricibus
763 1301 1182 1356 concremetur?
1228 1283 1388 1354 Busta
1439 1308 1602 1365 sunt,
1657 1297 2010 1353 sacratissimi

436 1393 814 1462 imperatores,
858 1392 1198 1462 appellanda,
1249 1408 1355 1447 non
1404 1393 1600 1461 templa
1623 1389 1670 1446 δ.
1705 1391 1835 1461 Regi
1886 1399 2014 1445 sunt

438 1486 619 1553 potius
646 1485 856 1540 dicendi
885 1485 1227 1540 miserorum.
1254 1484 1388 1540 Nam
1442 1486 1495 1539 in
1542 1483 1800 1538 honorem
1832 1481 2010 1536 homi-

440 1590 566 1629 num
592 1576 924 1646 perditorum
973 1575 1117 1628 aedes
1148 1589 1247 1642 pro
1274 1574 1535 1642 sepulcris
1578 1571 1884 1646 miseranda
1915 1571 2012 1625 ho-

441 1666 643 1719 minum
684 1666 916 1719 servitus
961 1665 1108 1718 facit.
1163 1664 1258 1718 llic
1309 1674 1666 1719 crematorum
1720 1678 2010 1733 corporum

437 1755 634 1810 favillae
656 1765 960 1823 servantur,
995 1755 1081 1809 hic
1102 1756 1314 1810 cineres
1345 1765 1677 1810 mortuorum
1704 1754 2009 1824 irreligiosa

437 1846 556 1915 lege
574 1847 902 1912 conduntur,
931 1855 988 1900 ut
1017 1846 1338 1904 acerborum
1368 1846 1622 1902 mortium
1653 1859 1812 1900 casus
1834 1846 2018 1915 qiiotie
2041 1878 2087 1936 Β

436 1937 602 1992 diano
628 1938 966 2006 victimarum
989 1939 1256 2009 sanguine
1278 1939 1640 2003 recrudescat,
1662 1948 1718 1992 ut
1743 1939 1912 1992 tristis
1939 1938 2015 1992 la-

439 2015 784 2084 inenta'tionis
833 2031 1013 2084 exitus
1058 2027 1350 2085 renovatus
1402 2031 1596 2084 annuis
1647 2029 1880 2084 luctibus
1931 2043 2014 2082 re-
2079 2076 2082 2079 .

440 2131 712 2187 nascatur,
732 2131 791 2176 ut
818 2125 1023 2190 sopitos
1066 2123 1223 2177 ﬂetus
1276 2122 1546 2177 recentior
1572 2121 1807 2175 ululatus
1834 2120 2016 2188 exagi-

443 2221 542 2276 tet,
567 2223 622 2265 iit
645 2212 931 2280 parricidia
964 2212 1052 2266 vel
1079 2213 1283 2267 incesta
1305 2213 1394 2266 'i-el
1426 2221 1628 2266 mortes
1649 2226 1712 2265 ex
1735 2224 2012 2266 sacrorum
2057 2274 2059 2276 _

441 2303 545 2358 ritu
569 2305 764 2357 misera
791 2317 944 2358 mens
967 2303 1242 2357 hominum
1271 2311 1325 2358 et
1343 2304 1522 2357 colere
1546 2302 1718 2356 discat
1740 2312 1792 2356 et
1816 2301 2011 2355 facere.

441 2393 780 2464 Amputanda
835 2403 959 2448 sunt
1017 2395 1174 2462 haec,
1229 2393 1575 2461 sacratissimi
1637 2395 2011 2461 imperatores,

439 2488 653 2557 penitus
707 2495 870 2554 atque
921 2486 1183 2552 delenda,
1226 2495 1280 2539 et
1309 2484 1672 2540 severissimis
1711 2484 2014 2538 edictorum

441 2587 742 2632 vestrorum
768 2577 981 2647 legibus
1016 2578 1361 2647 corrigenda,
1395 2592 1462 2631 ne
1482 2577 1683 2632 diutius
1713 2576 2015 2631 Romanum

439 2669 628 2724 orbem
657 2669 1095 2739 praesumptionis
1133 2670 1294 2724 istius
1319 2683 1472 2724 error
1500 2669 1749 2724 funestus
1777 2681 2018 2723 comma-

440 2761 605 2825 culet,
640 2775 706 2814 ne
739 2760 1024 2833 pestiferas.
1055 2747 1463 2816 consuetudinis
1517 2760 1860 2815 convalescat
1918 2759 2016 2812 im-

443 2853 704 2921 probitas.
735 2852 1003 2922 Quidquid
1055 2853 1329 2908 hominem
1357 2852 1451 2908 Dei
1471 2864 1493 2892 °
1523 2861 1749 2908 conatur
1767 2851 2013 2920 perdere,

444 2959 512 2998 ne
544 2945 745 2998 diutius
777 2945 828 2997 in
860 2953 1002 2999 terra
1025 2945 1352 3000 dominetur.
1373 2945 1571 3000 Nolunt
1607 2942 1819 3013 quidem
1847 2951 1900 2997 et
1928 2957 2016 2996 re-

446 3043 707 3102 pugnant,
738 3034 1029 3089 etexitium
1061 3051 1216 3091 suum
1265 3052 1432 3106 prona
1479 3036 1772 3106 cupiditate
1799 3035 2016 3089 deside-

379 3193 384 3198 ,
443 3136 609 3180 rant:
639 3126 733 3180 sed
786 3128 1068 3182 subvenite
1110 3129 1344 3194 miseris,
1365 3129 1588 3184 liberate
1611 3138 1915 3197 pereuntes,
1949 3125 2016 3193 ad

2107 566 2150 621 si
2185 568 2381 621 malum
2430 569 2600 624 morbi
2633 569 2822 626 fortius
2868 572 3140 635 creverit,
3181 571 3385 638 majora
3435 571 3676 626 remedia

2109 669 2446 740 qumruntur,
2471 669 2524 715 et
2551 675 2649 729 pro
2676 662 2850 716 salute
2878 661 3182 716 hominibus
3213 661 3441 716 sollicita
3485 661 3677 717 fortius

2108 761 2168 802 se
2195 748 2462 804 medicina
2496 752 2743 820 opponit.
2792 753 2983 824 Asperi
3025 754 3154 820 cibi,
3196 755 3364 808 amari
3395 746 3549 823 potus
3579 769 3679 808 no-

2107 838 2343 894 lentibus
2395 841 2754 911 ingeruntur:
2802 852 2854 898 et
2904 844 2948 897 si
2992 845 3326 899 convaluerit
3371 845 3593 910 malum,
3625 853 3679 901 et

2110 931 2248 1001 ignis
2263 933 2553 1012 adhibetur
2580 945 2632 990 et
2657 935 2880 992 ferrum.
2899 931 3192 1000 Sic‘homo,
3211 946 3424 1005 recepta
3449 939 3678 991 sanitate

2107 1034 2157 1077 et
2207 1024 2377 1080 salute
2408 1027 2509 1080 sibi
2551 1026 2782 1091 reddita,
2807 1027 3062 1098 quidquid
3093 1028 3404 1096 iegrotantis
3430 1029 3677 1097 corporis

2107 1113 2239 1167 vitio
2260 1113 2458 1170 invitus
2484 1131 2671 1186 passus
2704 1127 2808 1184 est,
2838 1118 2938 1172 hoc
2987 1107 3156 1171 totum
3189 1133 3284 1185 pro
3323 1117 3556 1173 utilitate
3582 1132 3674 1172 sua

2109 1204 2306 1261 factum
2334 1223 2476 1275 esse,
2506 1211 2701 1265 stantis
2729 1210 2895 1264 animi
2914 1209 3119 1280 judicio
3146 1210 3455 1266 confitetur.

2671 1300 2896 1356 CAPUT
2934 1301 3116 1356 XVIII.

2111 1386 2486 1459 Etymologias,
2524 1392 2627 1446 sive
2671 1393 2892 1462 origines
2935 1393 3218 1458 nominum,
3247 1406 3362 1459 quae
3402 1390 3502 1444 diis
3530 1390 3678 1444 attri-

2181 1483 2482 1545 bui-bantur,
2514 1484 2739 1554 exponit.
2767 1483 3008 1553 Symbola
3047 1485 3229 1537 deinde
3266 1494 3312 1537 et
3343 1484 3488 1556 signa
3513 1483 3679 1536 cultus

2181 1575 2390 1628 deorum
2417 1574 2660 1644 explanat
2686 1615 2699 1638 ,
2730 1574 2899 1628 multis
2948 1575 3122 1639 simul,
3154 1574 3240 1627 ubi
3261 1574 3460 1628 occasio
3494 1574 3592 1644 ipsi
3618 1590 3679 1628 ra:

2181 1666 2328 1734 genio
2357 1665 2531 1718 saeculi
2559 1655 2707 1733 atque
2753 1680 2913 1718 sacrae
2950 1665 3236 1735 Scriptura’
3285 1663 3680 1734 interpretanda.-

2180 1757 2378 1811 ratione
2434 1761 2569 1826 ferre
2597 1751 2897 1820 videbatur,
2955 1757 3078 1809 locis
3125 1755 3333 1810 Biblicis
3387 1755 3576 1810 allatis.
3611 1754 3681 1808 Et

2182 1850 2236 1903 in
2303 1849 2526 1918 quinque
2578 1849 2831 1916 imprimis
2896 1843 3136 1915 symbolis
3191 1846 3500 1916 exponendis
3573 1862 3684 1899 ocr-

2184 1951 2351 2006 satur.

2186 2029 2424 2095 Accipite
2448 2029 2634 2092 etiam,
2679 2027 3008 2082 sacrosancti
3031 2026 3321 2096 principes,
3353 2026 3568 2081 nomina
3592 2040 3686 2080 eo-

2115 2134 2390 2185 rum'qua
2450 2127 2577 2172 sunt
2632 2119 2839 2171 ratione
2894 2119 3235 2186 composita;
3309 2117 3487 2171 lumen
3542 2117 3682 2180 hoc,

2114 2209 2253 2278 quod
2285 2207 2589 2261 hominibus
2634 2207 2786 2276 jussu
2841 2207 2958 2273 Dei,
3015 2207 3208 2275 fugatis
3235 2207 3493 2270 tenebris,
3541 2207 3718 2275 diem,

2113 2301 2307 2364 reddit,
2339 2300 2482 2370 quod
2514 2315 2608 2369 per
2634 2298 2918 2354 duodecim
2946 2297 3199 2352 horarum
3237 2296 3408 2364 spatia
3449 2306 3470 2332 θ
3498 2310 3687 2350 cursus

2113 2396 2194 2450 sui
2222 2395 2465 2450 ordinem
2497 2393 2700 2462 dirigit,
2730 2393 2897 2446 solem
2940 2391 3046 2464 dici
3075 2389 3387 2449 voluerunt.
3421 2405 3526 2442 non
3560 2389 3681 2458 quia

2114 2487 2260 2541 soliis
2305 2496 2411 2551 est,
2437 2493 2495 2540 ut
2531 2484 2747 2553 quidam
2774 2483 2980 2546 volunt,
3011 2482 3132 2551 quia
3179 2480 3254 2536 ibi
3295 2489 3350 2535 et
3379 2486 3573 2536 cretum
3603 2491 3687 2536 est

2115 2586 2169 2632 et
2197 2577 2322 2630 luna
2352 2586 2404 2630 et
2427 2576 2529 2628 alia
2563 2573 2998 2643 plurimasidera
3023 2589 3143 2643 quae
3171 2573 3534 2638 videmus,'ex
3571 2573 3688 2640 qui-

2115 2670 2215 2724 bus
2243 2667 2488 2736 quaedam
2513 2681 2614 2720 una
2661 2665 2801 2720 serie
2853 2672 2908 2719 et
2937 2665 3260 2718 cohaerentia
3301 2671 3555 2733 perpetua
3615 2665 3688 2716 si-

2125 2759 2343 2828 mulque
2368 2759 2617 2827 copulata
2648 2756 2851 2821 lucent,
2882 2755 2983 2808 alia
3038 2762 3152 2808 toto
3201 2769 3384 2825 sparsa
3416 2755 3558 2809 male
3598 2769 3690 2807 va-

2115 2865 2211 2918 gos
2252 2861 2445 2914 cursus
2489 2847 2602 2902 suis
2657 2828 2951 2901 metiuntur
2998 2843 3277 2900 erroribus
3313 2842 3356 2896 τ.
3408 2845 3511 2900 Sed
3563 2844 3686 2898 ideo

2117 2941 2209 2996 Sol
2254 2941 2575 3010 appellatur,
2608 2939 2754 3007 quia,
2786 2952 2908 2991 cum
2956 2946 3106 2990 ortus
3149 2935 3332 3001 fuerit,
3390 2935 3688 3010 obscuratis

2117 3009 2337 3086 czeteris
2362 3030 2654 3093 sideribus,
2701 3029 2874 3082 luceat
2917 3026 3062 3081 solus
3089 3036 3135 3078 Β.
3167 3026 3315 3079 Luna
3363 3025 3522 3078 etiam
3575 3009 3688 3078 ha‘c

2116 3123 2307 3177 eadem
2340 3119 2536 3174 Lucina
2560 3134 2589 3172 a
2616 3127 2880 3172 nocturno
2927 3116 3127 3170 lumine
3176 3130 3371 3171 nomen
3411 3115 3616 3183 accepit
3638 3113 3685 3169 δ.

447 3219 548 3273 hoc
578 3219 727 3274 vobis
761 3220 899 3273 Deus
928 3236 1170 3274 summus
1199 3221 1466 3281 commisit
1493 3219 1798 3289 imperium,
1831 3226 1886 3270 ut
1925 3232 2020 3285 per
2044 3239 2088 3297 ρ
2122 3213 2270 3268 Hanc
2322 3211 2483 3264 etiam
2517 3208 2728 3278 quidam
2785 3207 2891 3261 dici
2949 3206 3238 3297 voluerunt
3271 3206 3514 3271 Dianam,
3545 3204 3687 3271 quod

445 3325 540 3364 vos
561 3311 805 3366 vulneris
847 3311 1003 3366 istius
1041 3312 1191 3381 plaga
1222 3320 1459 3370 curetur.
1501 3310 1783 3366 Faciiioris
1829 3323 2013 3364 eorum

443 3402 739 3472 periculum
781 3403 983 3456 scimus
1015 3445 1030 3469 ,
1077 3404 1280 3458 erroris
1329 3413 1468 3457 notae
1497 3412 1622 3458 sunt
1667 3417 1842 3472 paeana
1873 3417 1887 3466 ;
1920 3400 2013 3454 SClI

446 3494 639 3549 melius
669 3505 771 3560 est,
802 3503 859 3548 ut
900 3496 1141 3549 liberetis
1168 3495 1385 3562 invitos,
1414 3509 1572 3565 quam
1625 3505 1683 3549 ut
1712 3493 2016 3548 volentibus

444 3587 757 3641 concedatis
779 3587 1022 3642 exitium.
1044 3587 1398 3658 .‘Egrotantes
1419 3589 1688 3642 contraria
1719 3587 2015 3653 delectant,

446 3689 496 3730 et
529 3694 648 3732 enni
679 3694 878 3748 corpus
910 3680 1144 3733 hominis
1172 3681 1397 3733 adversa
1428 3678 1676 3732 valetudo
1697 3677 2013 3744 possederit.

446 3777 630 3821 centra
681 3771 910 3822 salutem
943 3785 1094 3822 suam
1144 3785 1172 3821 a
1199 3753 1568 3840 laborantibus
1613 3759 1862 3835 perversa
1893 3779 2013 3833 pos-

443 3869 656 3914 cuntur.
679 3858 846 3930 Capta
881 3875 1032 3914 mens
1077 3859 1350 3930 languoris
1375 3860 1506 3914 vitio
1530 3858 1842 3913 morborum
1877 3870 2017 3910 sem-

447 3969 544 4024 per
591 3965 876 4024 augmciita
908 3954 1201 4020 desiderat,
1232 3963 1284 4009 et
1317 3952 1550 4009 medelas
1601 3952 1867 4008 artiflcuni
1925 3966 2016 4006 as-

448 4055 700 4114 pernatas
743 4046 1043 4102 contemnit
1071 4043 1119 4113 ἀ,
1150 4045 1350 4117 respuit
1386 4044 1684 4100 remedium
1717 4043 2021 4109 medicinae,

2124 3319 2218 3372 per
2273 3312 2482 3356 noctem
2527 3301 2710 3355 lucens
2762 3296 3071 3353 hominibus
3099 3297 3322 3351 alterum
3361 3311 3495 3364 pene
3542 3294 3686 3349 dicni

2121 3395 2301 3451 facint.
2329 3397 2372 3450 Α
2391 3392 2625 3448 natando
2649 3391 2950 3461 Neptunum
2976 3389 3081 3444 dici
3111 3389 3418 3454 voluerunt,
3451 3403 3516 3443 es
3548 3379 3648 3441 hoc
3667 3426 3684 3454 ,

2120 3488 2263 3559 quod
2302 3489 2527 3542 libenter
2581 3484 2895 3552 faciebant,
2954 3484 3305 3539 substantiam
3363 3483 3593 3537 nominis
3626 3483 3689 3535 li-

2121 3595 2376 3653 gurantes
2421 3580 2462 3632 ί.
2488 3581 2780 3651 Terrenam
2811 3580 2917 3632 vim
2954 3586 3164 3632 omnem
3212 3586 3373 3645 atque
3421 3583 3685 3641 naturain,

2122 3673 2292 3726 Ditem
2319 3681 2524 3739 patrem
2553 3671 2770 3733 dicunt;
2795 3669 2916 3735 quia
2943 3668 3057 3720 haec
3081 3676 3165 3720 est
3197 3661 3388 3719 natura
3419 3673 3596 3730 terrai,
3631 3672 3689 3718 ut

2119 3771 2172 3813 et
2194 3759 2430 3814 recidant
2453 3760 2506 3811 in
2529 3773 2648 3811 eam
2675 3757 2878 3817 omnia,
2904 3765 2959 3809 et
2981 3769 3165 3808 rursus
3186 3770 3251 3808 ex
3278 3769 3339 3808 ea
3359 3764 3472 3808 orta
3500 3767 3688 3823 prece.

2119 3854 2267 3919 dant,
2320 3864 2440 3920 quae
2469 3863 2555 3904 res
2605 3847 2934 3918 Opiilentiam
2969 3854 3125 3901 terra:
3150 3847 3470 3916 divitiasque
3507 3861 3687 3900 mons-

2119 3944 2299 4002 travit.
2331 3942 2561 4012 Fruguni
2589 3936 2946 3996 subataiitiam
2971 3938 3155 3992 volunt
3181 3939 3557 4005 Proserpinam
3601 3935 3687 3990 di-

2131 4054 2256 4094 cere
2287 4054 2301 4104 ;
2332 4035 2454 4108 quia
2495 4035 2676 4104 fruges
2725 4031 3203 4095 liomlnibus,-cuni
3243 4031 3349 4101 seri
3398 4028 3682 4104 crepet-int,

445 4225 710 4298 lleraclid.
734 4227 991 4298 Ponticus
1017 4228 1190 4297 Alleg.
1237 4226 1478 4293 Homer.,
1516 4242 1569 4296 p.
1599 4228 1687 4282 75.
1733 4228 1809 4282 De
1847 4225 2004 4281 tertia
2034 4238 2088 4298 ι)
2111 4219 2527 4298 Scipionisapud
2545 4218 2864 4278 Ciceronem
2886 4215 2953 4272 de
2978 4213 3289 4286 Republica,
3319 4211 3411 4266 lib.
3441 4224 3515 4273 νι,
3544 4224 3591 4264 c.
3619 4210 3685 4264 l7

448 4297 685 4352 Minerva
712 4313 724 4348 :
753 4301 898 4422 τέἱτη
921 4298 962 4351 δ’
985 4297 1181 4364 Ἀθηνᾶ,
1205 4298 1288 4354 διὰ
1307 4303 1427 4370 μιᾶς
1441 4298 1710 4362 ἕπιϐουλῆς
1727 4301 1797 4359 εἰς
1810 4298 2011 4372 πατέρα

448 4371 528 4421 καὶ
556 4369 747 4422 μητέρα
809 4369 1131 4422 υσσεϐοὖσα.

445 4387 528 4421 και
553 4387 1131 4446 μητεραρυσσεῠουσα.
1266 4435 1278 4448 .
1572 4437 1583 4448 ⁸

515 4446 540 4472 ⁸
564 4437 858 4490 Palladium
912 4450 990 4488 sc.
1025 4452 1054 4488 a
1083 4437 1406 4497 Vestalibus,
1442 4437 1784 4503 pontiﬂcibus
1812 4438 2012 4500 Vestio,

443 4507 791 4561 custoditum.
817 4505 1107 4560 Gutherius
1136 4505 1202 4559 de
1247 4505 1368 4558 Vel.
1393 4505 1523 4558 Jiire
1560 4508 1811 4572 pontitlco
1858 4507 2017 4562 Urbis

444 4577 630 4632 Romae
664 4594 716 4646 p.
749 4579 840 4632 2i.
871 4577 927 4630 In
948 4584 1058 4630 vet.
1091 4577 1443 4645 inscriptione
1468 4575 1720 4629 dicuntur
1754 4593 1768 4627 :

725 4690 1027 4733 PONTIFICES
1049 4691 1252 4731 VESTAE
1283 4691 1337 4730 ν.
1365 4691 1418 4728 ν.
1443 4690 1495 4732 C.
1518 4689 1571 4731 C.

441 4779 720 4846 (Virgines
744 4779 991 4832 Vestales
1030 4776 1395 4845 castissimae).
1429 4775 1559 4832 Ibid.

433 4853 484 4920 ’χῖ
512 4848 539 4885 δ
562 4849 861 4920 Temptant
905 4849 1056 4902 busta
1100 4849 1410 4920 despiciunt.
1458 4847 1655 4903 Minue.
1683 4846 1856 4920 Felix.
1889 4861 1937 4901 ιε.
1963 4849 2016 4901 8.

445 4919 669 4975 Tertull.
696 4917 764 4973 de
787 4917 1058 4990 Spectac.,
1090 4933 1140 4972 c.
1177 4917 1242 4976 ιδ
1269 4937 1281 4972 :
1323 4917 1431 4990 Nec
1461 4920 1628 4981 minus
1654 4917 1842 4989 tentpla
1870 4934 2018 4983 quam

442 4997 768 5062 monumenta
818 4986 1145 5062 despiciunt}.
1195 4986 1397 5059 Nempe
1461 5005 1581 5062 cum
1639 4989 1688 5057 iii
1728 4986 2021 5062 plerisque

443 5006 768 5062 monumenta
818 5006 1145 5108 aespicnnus.
1195 5006 1397 5059 nempe
1461 5006 1581 5044 cum
1639 5006 1688 5057 in
1728 5006 2021 5058 plerisque

443 5060 741 5116 Gentilium
771 5057 1380 5126 temnisdefunctorum
1411 5059 1675 5126 cadavera
1699 5060 1798 5116 sita
1837 5070 2022 5113 essent

440 5145 501 5184 ac
534 5130 790 5191 tumulata
824 5124 985 5198 (quod
1014 5124 1182 5198 Clem.
1213 5130 1392 5194 Alex,,
1421 5124 1709 5194 Arnobius,
1736 5129 2019 5198 Eusebius,

443 5211 496 5253 et
518 5199 604 5273 alii
634 5197 875 5273 pluribus
903 5197 1296 5273 continebant),
1324 5202 1614 5273 Christiani
1635 5203 1702 5268 ab
1732 5218 1797 5260 eo
1829 5216 1927 5255 usu
1953 5215 2020 5258 ea

444 5268 718 5340 smpius‘et
748 5268 1170 5340 denomiiiabant
1196 5280 1248 5321 et
1273 5270 1629 5340 aestimabant.

521 5339 540 5378 έ
572 5341 719 5393 lianc
750 5339 1238 5393 denominationein
1292 5339 1501 5394 videtur
1548 5343 1654 5396 exl
1683 5342 1920 5398 Timoth.
1947 5357 2020 5405 vi,

450 5412 506 5463 ll
546 5452 556 5467 .
591 5411 630 5463 Il
654 5409 919 5476 'l‘imotli.,
953 5424 1032 5471 ιιι,
1067 5409 1155 5477 Π,
1189 5418 1458 5464 mutuatus
1507 5427 1645 5465 esse.
1675 5415 1877 5477 Hann,
1914 5407 1915 5410 “

514 5479 540 5562 ξί
572 5479 874 5535 Wowerins
917 5479 1156 5534 correxit
1197 5479 1447 5548 Aspernat
1475 5497 1533 5534 ac
1567 5485 1856 5538 contemnit.
1918 5482 2022 5537 Ne-

452 5565 562 5604 SOIU
585 5567 702 5604 cur.

498 5630 560 5700 ,θ’
582 5621 750 5700 Diom,
774 5622 987 5700 quonsol
1015 5622 1070 5676 in
1098 5621 1237 5678 caelo
1269 5621 1431 5700 lucet,
1462 5622 1516 5676 in
1560 5623 1717 5679 horas
1739 5625 2025 5685 duodecim

458 5687 663 5750 dividit.
699 5687 843 5745 more
872 5692 1135 5747 Romano.
1417 5687 1430 5703 ³

530 5757 548 5802 ί
581 5758 762 5819 Facile
803 5762 919 5820 hac
953 5764 1245 5825 admonent
1286 5764 1529 5826 sublimis
1577 5766 1680 5822 loci
1710 5766 1767 5831 in
1801 5767 2028 5824 Somnio

2119 4292 2378 4444 ⁸Ϋε⁸άερῖι
2405 4362 2473 4444 de.
2515 4361 2633 4419 Νειο
2899 4351 3689 4444 .27=.9w»_§«z{4§sim.as-

2117 4433 2204 4492 rit.
2228 4423 2534 4502 quia—salus
2587 4447 2649 4484 ex
2691 4429 2921 4484 omnibus
2946 4426 3196 4483 sideribus
3237 4432 3525 4482 esttantus.
3559 4423 3684 4477 [loc-

2119 4504 2262 4558 tliius
2289 4504 2448 4559 Cons.
2480 4501 2679 4564 Philus.
2702 4516 2752 4566 v,
2776 4499 2926 4554 Metr.
2949 4498 2983 4550 2
3011 4514 3022 4548 :

2364 4615 2539 4686 Quem,
2565 4613 2904 4686 quiarespicit
2919 4604 3244 4686 o‘mniasolus,

2363 4672 2548 4725 Verum
2572 4672 2727 4739 possis
2748 4672 2913 4725 dicere
2935 4672 3117 4720 Solem.

2121 4779 2257 4846 Quin
2288 4788 2342 4832 et
2361 4777 2479 4849 ’Δπό
2491 4779 2612 4849 Qui:
2639 4819 2653 4840 ,
2686 4785 2940 4848 μυστικῶς
2967 4780 3098 4832 κατὰ
3124 4779 3334 4849 τήρησιν
3372 4779 3469 4828 τῶν
3491 4770 3681 4849 «alile

2123 4837 2412 4920 ἦούμενος,
2442 4848 2467 4903 ὁ
2496 4837 2563 4911 εἷς
2588 4837 2699 4903 ﬁeri
2728 4851 2856 4910 θεὸς,
2887 4837 3151 4902 Clenient.
3183 4837 3382 4903 Strom.
3434 4858 3472 4904 ι.
3514 4857 3562 4922 c.
3591 4837 3685 4902 ει,

2125 4936 2243 4966 ima-
2275 4919 2398 4966 “9-
2443 4919 2528 4966 ei].
2589 4917 2724 4966 Pint.
2774 4918 2890 4966 Vid.
2939 4917 3186 4966 Creiizeri
3247 4925 3356 4966 iiut.
3390 4914 3452 4966 ad
3498 4910 3607 4966 Cic.
3644 4910 3679 4963 Ι.

2125 4914 2252 4989 pag;
2275 4919 2399 4983 419,
2443 4919 2528 4973 0d.
2588 4917 2724 4972 Piilt.
2771 4918 2890 4997 yid.
2939 4917 3186 4974 Creuzeri
3247 4914 3452 4996 IIOI..3(I
3496 4914 3607 4994 pic.
3644 4914 3679 4963 Ι.

2123 4990 2193 5050 ι.;
2245 4989 2411 5044 Varro
2441 4989 2503 5043 ile
2552 4984 2610 5042 L.
2660 4987 2720 5041 L.
2747 4987 2840 5042 lih.
2873 5003 2944 5054 tv,
2973 5003 3022 5043 c.
3056 4991 3154 5052 l0;
3184 4987 3367 5043 Isidori
3419 4983 3683 5053 Origines,

2125 5061 2386 5202 mih-ligo,
2437 5129 2503 5184 tle
2533 5127 2656 5202 Nat.
2691 5128 2779 5195 D.,
2810 5145 2865 5194 ii,
2898 5128 3039 5202 c.27
3063 5127 3256 5202 :_Lii_na
3300 5123 3689 5202 auferendum:

2124 5199 2331 5324 iniungre
2361 5202 2423 5257 sit
2465 5215 2483 5262 ;
2533 5199 2706 5254 eodeni
2760 5210 2832 5254 est
2889 5201 3022 5254 enim
3074 5198 3287 5253 Lucina.
3321 5195 3400 5264 ,Cf_.
3433 5194 3686 5251 Creiizeri

2125 5280 2235 5324 not.
2339 5311 2350 5322 .
3022 5301 3028 5307 -
3140 5297 3147 5304 ε
3709 5299 3714 5304 ε

2125 5275 2363 5394 “ﬂgiti.
2396 5338 2464 5394 de
2490 5337 2610 5392 Nat.
2644 5337 2730 5402 D.,
2763 5351 2820 5399 ll,
2839 5338 2952 5405 ,ἣδε
2977 5297 3251 5402 Neptiiniis
3279 5355 3311 5391 a
3336 5335 3530 5405 nando,
3558 5343 3688 5405 μιμῇ

2125 5411 2232 5465 lum
2259 5411 2437 5465 primis
2465 5410 2646 5464 litteris
2706 5402 2998 5462 immutatis.
3033 5409 3162 5464 Vide
3211 5417 3387 5463 notam
3434 5402 3689 5460 Ci-eiizeri

2125 5484 2212 5536 85.
2250 5471 2539 5544 Arnobius,
2595 5495 2676 5543 ιιι,
2728 5478 2818 5543 δι,
2849 5478 2993 5533 aliud
3053 5479 3210 5536 affert
3254 5487 3492 5547 etymou,
3529 5471 3689 5547 quod

2123 5567 2259 5621 aqua
2290 5556 2467 5606 nubat
2494 5559 2682 5621 terrae.
2722 5548 2811 5604 Sic
2852 5564 3065 5621 quoque
3096 5549 3266 5606 Varro
3313 5545 3380 5603 de
3413 5549 3480 5621 VL.
3612 5558 3685 5621 ιχ.

2130 5612 2391 5678 Fortassis
2433 5612 3025 5694 derivandiinividetur
3049 5637 3078 5674 a
3125 5623 3288 5693 νᾶφας,
3315 5620 3468 5690 mea.
3497 5612 3685 5694 (Drell:

2125 5695 2190 5748 ad
2223 5694 2422 5763 Arnob.
2449 5710 2527 5755 iii,
2555 5691 2667 5762 3|),
2703 5691 2802 5747 nisi
2823 5693 2901 5763 sit
2922 5694 3146 5761 originis
3168 5681 3479 5763 peregrina.
3508 5681 3685 5744 'Aliud

2129 5758 2345 5840 ctyuioii
2365 5781 2428 5822 es
2454 5755 2779 5838 Νηιιοάιιιιι
2803 5760 2946 5820 dedit
2969 5755 3320 5820 H'eruianniis'
3341 5755 3690 5831 (Hermonis
