3918 6406
256 369 402 426 1015

1191 374 1281 431 DE
1321 368 1602 434 ERRORE
1643 380 2112 440 PROFANARUM
2148 386 2593 448 RELIGIONUM.

3380 403 3515 460 £026

249 491 408 537 artus
427 490 486 538 es
508 485 874 554 torpesceutia
912 486 1153 541 membra
1178 487 1435 543 viviﬁcat.
1465 473 1684 545 Caelesti
1714 492 1834 544 cibo
1862 497 1913 556 Α
1942 493 2263 551 Processum
2292 501 2478 570 sponsi
2505 503 2666 556 etiam
2698 516 2793 571 per
2824 507 3059 574 psalmos
3103 510 3362 577 przedicat
3391 513 3515 583 Spi-

250 583 516 629 reaovate
553 572 828 631 hominem
873 576 1170 646 perditum,
1202 589 1263 633 ut
1295 581 1550 649 quicquid
1581 581 1636 634 in
1671 583 1833 636 vobis

247 676 526 721 mortuum
555 675 662 734 est,
691 668 890 723 divinis
917 668 1194 747 beneﬁciis
1225 681 1563 727 renascatur.
1602 673 1832 728 Didicis-

247 755 321 809 tis
361 757 491 825 quid
531 773 632 813 vos
659 757 843 815 facere
870 762 1182 827 conveniat,
1217 763 1403 832 eligite
1440 763 1599 832 quod
1626 763 1824 833 vultis;

244 846 376 904 inde
394 862 546 905 mors
565 851 838 918 nascitur,
859 851 989 932 hinc
1018 853 1338 909 immortalis
1364 855 1471 910 vita
1501 855 1756 912 donatur.

853 964 1083 1022 CAPUT
1120 967 1237 1021 XX.

241 1072 302 1145 2.
344 1073 414 1129 In
434 1074 713 1131 Hithriaco
737 1077 875 1132 forte
904 1096 920 1134 :
944 1086 1124 1156 Χαῖρε,
1145 1082 1343 1152 νύμφιε⁶
1367 1087 1551 1156 χαῖρε,
1574 1083 1682 1135 νέον
1703 1089 1823 1154 φῶς·

315 1183 420 1237 qu
441 1169 708 1224 occasione
725 1171 790 1224 de
807 1169 1010 1224 Christo
1025 1185 1211 1238 sponso
1234 1172 1511 1240 mundique
1527 1172 1639 1226 luce
1664 1172 1830 1227 multa

317 1263 493 1317 habet.

319 1353 463 1408 Dicis
490 1356 652 1409 etiam
686 1373 700 1408 :
730 1363 908 1430 Χαῖρε,
936 1355 1140 1427 νύμφη·
1189 1365 1368 1432 χαῖρε,
1405 1357 1509 1410 νέον
1534 1365 1656 1429 φῶς.
1688 1356 1828 1423 Quid

241 1446 326 1500 sic
352 1447 610 1506 miserum
638 1446 910 1502 hominem
940 1463 1035 1517 per
1061 1449 1283 1517 abrupta
1317 1451 1617 1518 prmcipitas
1637 1492 1653 1516 ,
1685 1451 1828 1505 cala-

241 1539 438 1592 mitosa
477 1540 804 1608 persuasio?
841 1539 978 1606 Quid
1011 1540 1085 1593 illi
1130 1539 1274 1593 falsa:
1303 1542 1417 1609 spei
1451 1540 1720 1610 polliceris
1748 1541 1830 1594 in-

240 1629 452 1698 signia?
498 1628 713 1683 Nullum
755 1630 894 1699 apud
933 1636 988 1684 te
1033 1633 1209 1684 lumen
1259 1639 1362 1695 cst,
1397 1646 1495 1684 nec
1523 1639 1608 1694 est
1634 1631 1827 1700 aliquis

241 1732 498 1787 sponsus,
538 1718 629 1788 qui
675 1718 782 1774 hoc
828 1729 1103 1775 mereatur
1147 1720 1356 1774 audire.
1393 1719 1568 1775 Unum
1625 1735 1825 1773 numen

238 1820 366 1876 est,
410 1827 549 1866 unus
607 1819 694 1867 est
749 1827 980 1882 sponsus
1042 1813 1360 1877 hominum,
1424 1828 1648 1880 quorum
1706 1826 1828 1882 gra-

241 1902 374 1957 tiam
415 1904 666 1959 Christus
710 1905 922 1964 accepit
949 1914 998 1958 ³.
1043 1904 1163 1959 Νοιι
1207 1905 1413 1974 poteris
1453 1904 1518 1959 ad
1548 1913 1600 1959 te
1631 1905 1822 1959 alienae

238 1992 519 2049 felicitatis
568 1994 882 2051 transferre
906 1995 1152 2065 gloriam,
1189 2010 1290 2051 nec
1338 1998 1539 2063 poteris
1581 1996 1822 2051 caelestis

237 2087 482 2141 numinis
514 2087 804 2154 splendore
835 2087 1103 2142 decorari.
1136 2086 1194 2141 In
1225 2087 1474 2142 tenebras
1519 2087 1822 2156 squalores-

235 2189 345 2244 que
373 2175 648 2245 proiectus
669 2193 731 2232 es
756 2195 771 2229 ε
797 2178 911 2231 illic
936 2177 1143 2243 sordes,
1168 2179 1407 2247 squalor,
1434 2178 1609 2248 caligo
1628 2221 1641 2244 ,
1675 2187 1824 2232 tene—

235 2268 376 2334 brae,
400 2277 458 2324 et
487 2277 763 2340 perpetua:
793 2272 966 2326 noctis
994 2271 1302 2326 dominatur
1337 2272 1550 2326 horror.
1579 2272 1634 2326 Si
1662 2272 1745 2326 vis
1767 2280 1825 2325 ut

237 2362 421 2416 tennis
469 2363 661 2418 saltem
711 2363 805 2418 tibi
849 2364 1104 2433 splendor
1149 2363 1369 2418 luminis
1417 2364 1626 2429 luceat,
1674 2365 1822 2432 erige

235 2453 443 2520 vultus,
473 2462 531 2509 et
557 2455 836 2510 demersos
856 2438 1005 2522 erige
1024 2454 1231 2518 oculos,
1260 2465 1333 2515 et,
1363 2453 1592 2507 desertis
1624 2451 1729 2516 his,
1754 2452 1821 2506 ad

234 2560 364 2600 eum
384 2555 448 2608 te
473 2545 664 2599 confer
688 2547 778 2611 qui
819 2545 958 2598 dixit
986 2562 997 2596 :
1034 2544 1141 2613 Ego
1171 2560 1282 2595 sum
1311 2544 1402 2596 tua:
1427 2543 1606 2595 mundi
1635 2541 1817 2615 (Joan.

233 2651 331 2690 vm
351 2676 368 2701 ,
403 2634 528 2706 {2);
557 2634 713 2704 cujus
753 2635 951 2688 divinis
979 2635 1262 2702 praeceptis
1291 2634 1600 2690 continetur
1622 2675 1636 2698 ,
1668 2643 1725 2686 ut
1767 2633 1818 2687 in

235 2726 340 2781 hac
391 2737 607 2780 terrena
657 2725 1070 2779 conversatione
1109 2740 1242 2793 opus
1273 2732 1515 2778 nostrum
1564 2739 1661 2792 per
1705 2725 1821 2778 dies

233 2818 478 2886 singulos
524 2798 722 2871 luceat.
756 2817 962 2871 Lucere
1001 2824 1181 2871 autem
1215 2833 1319 2869 non
1349 2825 1562 2885 potest,
1590 2816 1690 2870 nisi
1721 2816 1820 2869 im-

193 2909 505 2964 ‘maculata
556 2924 658 2965 nos
697 2909 1050 2964 conscientia:
1098 2921 1416 2962 ornamenta
1460 2910 1814 2977 protexerint,

234 3002 339 3058 nisi
372 3003 580 3073 integra
603 3018 705 3058 nos
727 3014 784 3058 et
812 3003 1115 3072 incorrupta
1146 3003 1252 3056 vita
1281 3003 1657 3067 commendet;
1693 3014 1818 3057 tunc

232 3097 443 3152 orietur
465 3097 625 3152 nobis
647 3097 760 3152 veri
789 3097 1008 3152 luminis
1035 3098 1201 3166 gratia
1225 3113 1239 3159 ;
1274 3105 1400 3148 tunc
1421 3113 1478 3149 se
1503 3096 1657 3150 nobis
1685 3097 1819 3150 lucis

233 3197 428 3245 auctor
455 3188 727 3255 insinuet;
749 3199 875 3242 tunc
903 3204 1094 3242 verum
1120 3188 1298 3242 lumen
1331 3199 1382 3241 et
1413 3188 1663 3256 accipere
1696 3203 1820 3255 pos-

233 3292 425 3333 sumus
443 3286 498 3332 et
519 3277 726 3332 videre.
757 3277 863 3332 Sed
887 3279 1236 3346 ut'sacrilegre
1261 3279 1411 3331 vocis
1434 3277 1820 3345 comprimatur

233 3368 587 3436 improbitas,
617 3368 738 3436 quis
764 3368 831 3420 sit
865 3383 994 3422 vere
1019 3383 1254 3436 sponsus
1278 3409 1292 3429 ,
1324 3383 1601 3421 sacrarum
1635 3369 1822 3421 lectio-

236 3474 366 3512 num
411 3447 658 3515 oraculis
696 3457 1095 3526 comprobabo;
1147 3467 1203 3510 ut
1255 3459 1512 3526 probetur
1558 3474 1816 3526 sponsum

229 3562 355 3602 esse
383 3546 698 3612 Christum,
731 3561 984 3615 sponsam
1029 3546 1326 3600 Ecclesium
1361 3564 1372 3598 :
1402 3563 1464 3600 cx
1511 3563 1616 3613 quo
1653 3562 1817 3601 vene-

232 3639 404 3693 rando
445 3639 584 3706 patri
631 3638 945 3706 spirituales
981 3638 1074 3690 lilii
1109 3652 1204 3705 per
1246 3637 1360 3691 dies
1409 3638 1816 3706 singulos-pro-

231 3740 512 3786 creantur.
559 3729 615 3783 ln
667 3729 770 3783 hac
820 3727 1142 3797 probatione
1186 3741 1381 3780 arcana
1434 3727 1817 3796 prolihetarum

231 3820 545 3876 veneranda
573 3821 900 3892 pandantur.
927 3819 1158 3875 Assistat
1186 3820 1339 3874 nobis
1360 3829 1667 3875 sanctorum
1699 3837 1819 3874 ora-

232 3913 484 3968 culorum
532 3914 689 3967 lldes.
744 3913 859 3968 Joel
890 3913 1078 3968 divino
1118 3912 1325 3981 Spiritu
1355 3923 1607 3966 monente
1636 3911 1713 3967 sic
1741 3912 1820 3966 di-

231 4007 309 4060 cit
341 4023 357 4059 :
386 4004 570 4058 Canite
613 4004 735 4057 tuba
778 4005 831 4057 in
870 4003 1002 4058 Sion
1026 4045 1041 4068 ,
1089 4005 1405 4072 sanctiﬁcate
1443 4005 1740 4072 jejunium,
1774 4014 1820 4056 et

230 4094 448 4148 indicite
494 4095 831 4159 curationem,
877 4102 1150 4163 aggregate
1195 4092 1463 4159 populum,
1504 4092 1820 4157 sancti/irate

233 4185 546 4253 Ecclesium,
593 4186 817 4254 excipite
856 4186 1076 4250 maiores
1116 4192 1260 4245 natu,
1309 4180 1538 4249 colligite
1577 4182 1818 4250 parvulos

232 4280 500 4345 lactentes,
531 4278 774 4348 procedat
802 4291 1018 4343 sponsus
1047 4274 1112 4326 de
1134 4271 1368 4325 cubiculo
1394 4287 1511 4335 suo,
1549 4281 1599 4325 et
1627 4287 1818 4342 sponsa

232 4372 299 4427 de
335 4371 568 4425 thalamo
609 4386 706 4425 suo
729 4368 758 4406 δ
782 4369 804 4439 (
828 4365 948 4420 Joel
977 4381 1035 4430 tt,
1069 4365 1156 4426 l5,
1189 4362 1297 4433 16).
1348 4362 1461 4418 lloc
1485 4361 1627 4418 idem
1660 4362 1813 4417 Jere-

231 4462 372 4515 mias
411 4461 575 4514 simili
602 4460 816 4511 ratione
846 4454 1144 4524 significat;
1177 4455 1250 4506 ait
1289 4453 1434 4506 enim
1463 4466 1586 4509 cum
1619 4452 1815 4508 Hiero-

230 4549 462 4616 solyma:
493 4546 631 4600 truci
667 4546 901 4598 minatur
927 4543 1145 4598 oraculo
1176 4562 1188 4596 :
1223 4543 1289 4594 Et
1315 4545 1550 4613 auferam
1581 4543 1644 4598 de
1686 4545 1816 4598 civi-

230 4639 422 4693 tatibus
448 4637 608 4692 Iade
633 4646 680 4691 et
704 4637 916 4692 urbibus
949 4636 1274 4690 Hierusalem
1304 4653 1473 4691 vocem
1500 4638 1780 4692 la’tmtinm
1798 4681 1812 4703 ,

229 4744 404 4783 locem
445 4728 644 4797 Sponsi
687 4739 737 4782 es
787 4743 957 4782 uocem
1004 4745 1203 4798 sponsa:
1238 4740 1256 4765 ο
1295 4729 1507 4798 (Jerem.
1555 4745 1671 4797 xvi,
1709 4729 1813 4802 l6).

303 4874 329 4899 ⁸
372 4863 526 4916 Alius
554 4861 782 4931 symboli
812 4862 892 4915 vel
931 4861 1114 4930 hymni
1147 4863 1196 4915 io
1231 4864 1404 4916 sacris
1436 4866 1636 4918 cantari
1670 4865 1815 4920 soliti

231 4935 494 5005 admonet
528 4932 760 5005 lectores
805 4931 1094 5005 Ethnicos;
1125 4948 1158 5005 e
1183 4933 1504 5005 quibusdam
1541 4935 1816 5005 mysteriis

233 5003 490 5056 haustum
514 5001 607 5063 sit,
631 5000 842 5068 ignoro.
868 5002 952 5053 .Ex
986 5003 1277 5056 Mithriacis
1311 5003 1464 5065 forte,
1499 5000 1618 5056 cuni
1644 5007 1721 5057 sol
1751 5020 1816 5059 eo

232 5073 523 5125 salutetur.
554 5069 752 5133 Sponsi
777 5084 908 5123 vero
932 5079 988 5123 et
1013 5086 1163 5124 nova:
1210 5073 1342 5126 lucis
1389 5077 1589 5125 mentio
1623 5074 1815 5127 Firmi-

232 5155 358 5194 cum
414 5139 706 5202 inducunt,
739 5138 899 5210 u_t_de
938 5140 1182 5210 Christo,
1214 5157 1373 5210 quem
1416 5158 1525 5195 sua:
1559 5143 1813 5198 Ecclesia:

233 5218 578 5282 Sponsumet
601 5207 786 5261 mundi
814 5208 988 5262 lucem
1018 5207 1129 5282 (εἷο.
1153 5207 1264 5275 vni,
1297 5211 1386 5282 l9.)
1413 5213 1815 5268 venerabantur

236 5277 542 5349 christiani,
572 5286 806 5349 exponat
811 5288 988 5349 _atqne
1013 5279 1229 5349 adcum
1277 5277 1530 5349 applicet.

307 5346 338 5384 δ
380 5346 448 5400 Ut
474 5343 779 5415 Cyprianus
809 5343 1034 5399 TeStim.
1065 5348 1157 5402 lib.
1190 5365 1247 5403 tt.

313 5427 339 5454 ε
379 5414 576 5489 Cyp._n
601 5414 829 5489 Testim.
861 5415 1024 5470 habet
1051 5419 1419 5489 dequadriviis
1449 5422 1815 5489 Hierusalem;

238 5497 426 5558 noster
445 5485 648 5558 omitt_it
678 5503 695 5538 :
715 5495 770 5558 et
793 5496 968 5558 vocent
991 5485 1344 5558 gaudentium.

310 5553 343 5591 «ι
380 5555 542 5621 Cypr.
574 5553 807 5609 Testim.
851 5555 948 5608 lib.
992 5553 1067 5619 is,
1098 5557 1276 5611 dill‘ert
1320 5570 1524 5614 tantum
1553 5576 1654 5614 una
1687 5576 1818 5617 voce

244 5625 519 5699 profectio,
547 5639 672 5678 cum
695 5624 1225 5699 Cyprianus_habeat
1253 5631 1494 5699 egressio.

322 5703 350 5730 ο
386 5693 661 5769 Glossema
690 5693 1078 5769 quod_in_edit.
1111 5693 1354 5769 principe
1392 5700 1588 5768 legitur
1622 5718 1634 5752 :
1666 5702 1718 5754 id
1746 5711 1819 5756 est

244 5766 306 5822 in
331 5764 651 5835 uectatione,
674 5764 883 5822 delevit
909 5763 1232 5823 Wowerius.

1931 585 2066 638 ritus
2110 600 2351 644 sanctus.
2385 591 2441 645 In
2483 609 2612 647 xvm
2641 594 2846 664 psalmo
2877 595 2978 651 hoc
3013 595 3288 655 invenitur
3315 618 3505 659 oracu-

1933 677 2042 763 lum
2063 694 2077 741 ;
2110 679 2186 732 ait
2223 682 2369 736 enim
2402 701 2415 737 :
2445 683 2512 736 Et
2539 685 2647 754 ipse
2691 686 2824 739 velut
2869 702 3087 758 sponsus
3130 692 3396 761 egrediens
3442 695 3507 748 de

1931 765 2154 821 thalamo
2173 769 2576 841 suolexsultavit,
2595 783 2648 827 ut
2669 776 2835 846 gigas,
2849 776 2986 830 aiam
3004 795 3228 834 currere.
3246 782 3290 834 A
3309 799 3507 839 summo

1929 859 2041 914 caeli
2068 862 2315 929 profectio
2335 866 2467 933 ejus,
2496 876 2543 919 et
2573 867 2805 922 decursio
2831 869 2940 940 eius
2967 886 3122 938 usque
3155 872 3224 924 ad
3251 889 3507 928 summum

1929 954 2059 1022 ejus,
2092 963 2260 1008 etnon
2289 966 2362 1009 est
2388 959 2474 1024 qui
2495 959 2653 1012 lateat
2681 977 2712 1013 a
2733 963 2902 1016 calore
2927 966 3038 1035 ejus
3057 961 3084 1001 ά
3122 962 3143 1036 (
3176 963 3322 1020 Psal.
3353 983 3505 1034 xvm,

1929 1043 1984 1108 6,
2017 1042 2094 1113 7).
2125 1043 2430 1100 Secretiora
2459 1049 2766 1117 pandantur
2793 1067 2988 1107 arcana
3011 1072 3025 1108 :
3048 1055 3099 1107 in
3130 1057 3458 1127 Apocalypsi
3482 1070 3505 1096 °

1929 1134 2049 1203 quis
2097 1137 2165 1188 sit
2209 1137 2455 1206 Sponsus
2514 1141 2891 1208 inveniemus;
2939 1145 3009 1199 ita
3059 1147 3200 1200 enim
3249 1148 3508 1218 scriptum

1929 1234 2011 1281 est
2035 1245 2048 1280 :
2090 1226 2233 1293 Veni,
2259 1232 2524 1284 ostendam
2547 1233 2639 1285 tibi
2661 1249 2842 1286 novam
2869 1248 3104 1304 nuptam,
3132 1255 3343 1294 uxorem
3362 1241 3504 1312 agni.

1930 1316 1997 1370 Et
2025 1318 2172 1372 duxit
2201 1335 2279 1372 me
2304 1320 2357 1372 in
2379 1322 2569 1388 spiritu
2598 1325 2654 1376 in
2683 1335 2901 1378 montem
2927 1344 3193 1396 magnum,
3219 1341 3266 1384 et
3295 1332 3514 1386 ostendit

1929 1407 2056 1462 mihi
2091 1410 2344 1463 civitatem
2391 1424 2620 1465 sanctam
2663 1414 2990 1470 Hierusalem
3026 1419 3411 1475 descendentem
3450 1422 3516 1476 de

1929 1501 2054 1552 ccelo
2072 1497 2279 1570 ‘(Apoa
2298 1503 2587 1574 xn,9,l0).
2613 1505 3042 1576 [investigandum
3065 1519 3170 1576 est,
3198 1512 3323 1580 quid
3347 1514 3509 1569 etiam

1929 1592 2083 1645 nobis
2121 1593 2187 1646 tle
2217 1593 2317 1648 hac
2366 1595 2479 1664 ipsa
2510 1611 2571 1651 re
2602 1597 2780 1651 tradat
2823 1600 3142 1667 Evangelica
3189 1602 3510 1673 disciplina;

1929 1681 2267 1737 inveniemus
2296 1686 2438 1738 enim
2467 1686 2518 1740 in
2553 1687 2846 1759 Evangelio
2884 1690 3107 1744 Joannis
3138 1692 3209 1745 ita
3254 1708 3376 1748 esse
3403 1695 3514 1765 sig-

1927 1782 2109 1825 natum
2142 1790 2154 1824 :
2193 1773 2298 1828 Vos
2344 1777 2470 1829 mihi
2513 1785 2660 1832 testes
2706 1780 2849 1843 estis,
2877 1781 3112 1850 quoniam
3141 1782 3254 1835 dixi
3282 1783 3353 1837 eis
3375 1825 3390 1850 ,
3416 1786 3508 1854 qui

1854 1845 1902 1904 Β
1929 1862 2073 1913 missi
2118 1877 2238 1916 sunt
2285 1865 2347 1916 ab
2392 1865 2764 1939 Hierosolymis
2808 1871 2878 1923 ad
2924 1887 3033 1936 me,
3077 1873 3198 1940 quia
3241 1889 3343 1926 non
3395 1891 3511 1928 sum

1925 1948 2158 2005 Christus
2179 1994 2192 2017 ,
2227 1956 2315 2008 sed
2341 1960 2587 2026 quoniam
2615 1959 2799 2014 missus
2833 1966 2949 2015 sum
2993 1973 3111 2017 ante
3159 1966 3350 2032 ipsum.
3399 1957 3500 2032 Qui

1924 2045 2056 2097 enim
2085 2046 2230 2100 habet
2251 2065 2492 2118 sponsam
2532 2068 2750 2120 sponsus
2773 2063 2869 2120 est,
2903 2055 3097 2110 amicus
3125 2066 3295 2111 autem
3327 2059 3504 2130 sponsi

1924 2145 2032 2202 est,
2077 2138 2166 2201 qui
2200 2148 2300 2192 stat
2334 2151 2382 2193 et
2411 2142 2556 2194 audit
2586 2157 2700 2196 eum
2722 2185 2735 2208 ,
2770 2154 2819 2198 et
2853 2146 3042 2214 gaudio
3074 2147 3262 2216 gaudet
3298 2159 3505 2220 propter

1924 2240 2092 2280 uocem
2111 2230 2284 2293 sponsi
2310 2240 2336 2276 κ
2366 2230 2543 2300 (Joan.
2569 2249 2646 2299 ιιι,
2678 2234 2748 2289 28
2778 2247 2823 2288 et
2848 2235 2963 2306 29).
2999 2237 3169 2305 Hujus
3198 2237 3277 2293 rei
3301 2249 3501 2310 myste-

1924 2316 2058 2370 rium
2101 2329 2379 2375 ostensum
2422 2332 2507 2377 est
2529 2365 2543 2388 ,
2572 2323 2735 2393 hujus
2761 2328 2944 2396 sponsi
2977 2327 3264 2384 adventum
3295 2331 3511 2399 sapien-

1922 2408 2055 2461 tium
2074 2409 2336 2478 virginum
2359 2412 2561 2468 chorus
2583 2426 2883 2484 exspectat,
2905 2418 3029 2472 huic
3058 2422 3273 2487 prrelert
3302 2421 3504 2477 lumina

1921 2499 2168 2566 pervigili
2197 2515 2326 2555 cura
2357 2514 2544 2558 sancta
2575 2506 2880 2574 virginitas,
2914 2512 3323 2576 exspectantibus
3351 2529 3510 2580 spon-

1919 2605 2030 2641 sum
2065 2589 2278 2655 (Matth.
2311 2608 2439 2657 xxv,
2473 2595 2497 2647 1
2531 2595 2663 2666 seq.)
2696 2598 2867 2651 servis
2890 2599 3128 2654 felicium
3165 2603 3508 2670 prmmiorum

1921 2685 2252 2750 promittitur
2296 2701 2514 2743 munus.
2567 2688 2877 2746 Invenimus
2922 2695 3063 2748 enim
3108 2698 3159 2750 in
3211 2697 3507 2769 Evangelio

1921 2774 2078 2829 Luca)
2107 2793 2120 2830 ε
2152 2775 2268 2830 Sint
2297 2779 2454 2832 lumbi
2481 2782 2633 2834 vestri
2654 2784 2915 2851 prwcincti
2935 2793 2982 2837 et
3004 2786 3227 2840 lucerna:
3246 2791 3503 2857 ardentes,

1919 2877 1964 2920 et
2029 2883 2114 2920 vos
2179 2871 2370 2922 similes
2429 2871 2719 2925 hominibus
2783 2876 3192 2943 exspectantibus
3239 2879 3506 2934 dominum

1919 2978 2087 3025 suum,
2120 2963 2322 3029 quando
2367 2965 2532 3017 veniat
2572 2983 2605 3017 a
2647 2967 2879 3032 nuptiis;
2929 2977 3013 3032 nt,
3068 2985 3183 3022 cum
3225 2973 3417 3024 verterit
3461 2982 3509 3026 et

1921 3053 2219 3120 pulsaverit,
2253 3056 2485 3122 aperiant
2514 3055 2613 3108 illi.
2648 3055 2849 3111 Felices
2881 3060 3010 3112 servi
3038 3061 3152 3124 illi,
3186 3077 3312 3127 quos
3349 3062 3506 3116 adve-

1924 3145 2067 3198 niens
2115 3143 2365 3198 Dominus
2411 3147 2656 3202 invenerit
2708 3150 2973 3219 vigilantes
3004 3148 3031 3188 ιι
3063 3151 3212 3222 (Luc.
3265 3170 3371 3222 xtl,
3403 3154 3503 3221 55,

1846 3209 1891 3271 Ο
1923 3236 2035 3305 56).
2061 3235 2196 3289 Ecee
2217 3237 2648 3292 venerandorum
2674 3255 3060 3308 responsorum
3083 3244 3316 3297 oraculis
3340 3246 3505 3312 spon-‘

1921 3342 2014 3381 sus
2066 3339 2315 3383 ostensus
2370 3340 2473 3383 est.
2523 3330 2660 3397 Quid
2705 3340 2758 3385 tu
2802 3333 2896 3388 tibi
2941 3335 2991 3386 in
3031 3336 3242 3390 acerbis
3288 3337 3504 3393 casibus

1922 3421 2247 3472 constitutus
2276 3420 2491 3473 beatum
2523 3437 2719 3475 nomen
2749 3421 3020 3491 imponis?
3053 3425 3110 3480 Si
3136 3425 3218 3480 vis
3247 3425 3506 3483 liberatus

1922 3506 2103 3559 lumen
2155 3509 2304 3575 sequi
2354 3510 2563 3576 sponsi,
2619 3511 2824 3580 projice
2872 3514 3109 3579 errares,
3149 3525 3205 3569 et
3249 3518 3510 3587 pervigili

1919 3611 2049 3650 cura
2079 3599 2376 3663 sollicitus,
2408 3602 2766 3668 prmcedentia
2807 3603 2930 3657 vita:
2979 3604 3216 3658 facinora
3251 3607 3506 3676 religiosa

1921 3690 2209 3744 devotione
2245 3692 2470 3760 castiga.
2504 3693 2654 3748 'l‘nnc
2681 3702 2734 3748 te
2761 3695 2811 3748 in
2841 3698 3057 3752 nomine
3092 3715 3190 3752 suo
3217 3716 3337 3754 cum
3369 3703 3506 3769 vigi-

1920 3779 2122 3832 lantem
2178 3781 2449 3835 invenerit
2499 3796 2770 3851 sponsus,
2812 3800 2932 3840 cum
2981 3787 3104 3842 lidei
3155 3797 3260 3842 tua:
3313 3791 3505 3846 merita

1921 3873 2261 3940 cognoverit,
2288 3873 2436 3928 dabit
2487 3877 2780 3928 maximum
2829 3876 3142 3945 prmmium,
3186 3879 3335 3933 dabit
3367 3881 3506 3936 inte:

1920 3975 2074 4029 grum
2107 3977 2323 4025 munus,
2356 3963 2583 4018 intrabis
2608 3979 2731 4018 cum
2761 3981 2827 4020 eo
2861 3968 2982 4022 coeli
3017 3967 3331 4034 thalamum,
3359 3971 3509 4026 vidc-

1921 4051 2006 4102 bis
2036 4065 2197 4118 regna
2227 4052 2431 4116 mundi,
2460 4063 2513 4105 et
2547 4063 2604 4105 ut
2641 4067 2828 4107 eorum
2861 4056 3131 4122 particeps
3156 4072 3278 4113 esse
3305 4061 3506 4127 possis,

1918 4154 1947 4191 a
1980 4141 2225 4207 piissimo
2266 4150 2320 4195 et
2344 4142 2648 4209 justissimo
2686 4143 2916 4200 Domino
2957 4145 3380 4204 immortalitatis
3411 4149 3506 4206 tibi

1917 4233 2086 4303 gratia
2116 4233 2447 4288 conferetur.

2502 4345 2733 4402 CAPUT
2775 4347 2918 4402 XXI.

1918 4459 1970 4512 ὅ.
2001 4457 2066 4510 In
2097 4459 2222 4526 alio,
2251 4469 2386 4514 certe
2417 4458 2717 4528 Mithriaco,
2744 4464 2866 4525 Θεὸς
2888 4465 2939 4518 ἐκ
2962 4467 3153 4536 Πέτρας
3182 4482 3195 4519 2
3231 4465 3314 4520 ubi
3342 4465 3506 4522 multa

1991 4553 2218 4623 congerit
2245 4569 2307 4606 ea:
2336 4553 2497 4606 sacris
2527 4552 2810 4625 Scripturis
2839 4555 2904 4610 de
2925 4555 3125 4611 Christo
3153 4550 3341 4629 lapide.

1994 4643 2232 4698 Alterius
2273 4646 2480 4712 prolani
2521 4649 2843 4702 sacramenti
2888 4648 3100 4716 signum
3137 4657 3220 4702 est
3249 4665 3262 4701 :
3294 4652 3415 4710 Θεὸς
3451 4654 3508 4707 in

1923 4736 2113 4811 Πέτρας
2151 4733 2193 4788 ί.
2242 4733 2353 4789 Cur
2395 4737 2499 4790 hoc
2543 4746 2786 4791 sanctum
2813 4737 3284 4808 venerandumque
3319 4755 3504 4797 secre-

1992 4864 2014 4902 t
2057 4863 2129 4934 ys
2153 4864 2454 4934 Cyprianus
2489 4865 2715 4920 Testim.
2742 4866 2839 4925 lib.
2865 4882 2926 4925 ιι.

1939 4971 1944 4982 ,
1993 4943 2020 5003 8
2056 4933 2130 4991 Ut
2161 4933 2326 5003 Cy’pr.
2368 4934 2590 4988 Testim.
2624 4951 2681 4990 ιι.

1986 5002 2015 5040 ¹³
2054 5002 2219 5073 (ἔγω-ζ
2247 5005 2312 5056 ad
2339 5003 2566 5057 Fortun.
2600 5003 2827 5063 Testim.
2858 5022 2915 5063 tt.

1996 5073 2011 5109 ί
2057 5073 2371 5154 Mithreni"
2401 5075 2555 5154 cujus
2581 5076 2860 5154 mysteriis
2895 5079 2996 5154 δρα
3030 5084 3358 5154 sacramenti
3387 5085 3497 5154 sig-

1917 5159 2042 5196 num
2095 5153 2429 5208 usurpatum.
2481 5143 2679 5198 Hieron
2710 5160 2730 5200 ι
2758 5148 2882 5202 adv.
2923 5148 3194 5206 Jovinian.
3247 5143 3496 5208 Mithrain

1910 5213 2060 5280 juxta
2109 5213 2389 5286 gentilium
2414 5213 2645 5286 Δῐθιιιιιιίιε
2678 5216 2728 5270 in
2775 5218 2950 5286 lapide
2993 5221 3061 5275 de
3093 5231 3225 5274 testu
3257 5224 3494 5276 libidinis

1917 5294 2232 5360 generatum
2255 5282 2451 5360 scribit
2474 5282 2719 5339 Justinus
2754 5282 2886 5340 Dial.
2915 5305 2971 5360 c.
2998 5290 3282 5360 Tryphone
3307 5307 3356 5344 e.
3385 5295 3490 5344 70:

1920 5353 1983 5434 0i
2021 5352 2073 5405 δὲ
2100 5354 2163 5405 τὰ
2188 5357 2277 5404 τοῦ
2306 5355 2489 5434 διέθρου
2519 5361 2789 5434 puni-rima
2811 5352 3174 5434 παραᾲδόντίις
3199 5362 3423 5434 λέγουσι.
3441 5363 3494 5414 ix

1920 5373 1978 5407 Ut
2021 5373 2073 5405 os
2100 5375 2163 5405 τα
2188 5373 2277 5404 του
2306 5373 2489 5474 Μιυὲου
2519 5377 2784 5432 μυστηρια
2811 5373 3174 5434 παραδιδόντες
3215 5373 3414 5432 λέγουσι
3441 5373 3494 5414 ἐκ

1920 5425 2113 5496 πέτρας
2156 5431 2394 5492 ’γεγεννῆσ-
2425 5446 2478 5478 αι
2521 5424 2691 5480 αὐτόν.
2724 5426 2898 5482 WOW.
2953 5427 3372 5484 Commodianus
3407 5429 3496 5484 ltt-

1921 5500 2110 5546 διιιιει.
2144 5506 2238 5544 Kl"
2267 5509 2279 5544 ἒ

2047 5602 2263 5652 Invictus
2284 5603 2348 5653 de
2371 5611 2511 5668 petra
2533 5576 2690 5667 natus,
2717 5609 2758 5656 si
2779 5608 2900 5656 deus
2923 5606 3147 5656 habetur.

1927 5703 2294 5785 .Aitgustiii:_iii
2325 5708 2490 5785 annos
2521 5724 2600 5770 ιιι,
2621 5708 2686 5785 2.
2715 5713 3019 5785 πετρογινής
3046 5711 3231 5785 ηιθρας
3250 5723 3339 5785 3p;
3368 5711 3498 5770 Joh.

1929 5773 2062 5845 Lyd.
2094 5773 2163 5828 de
2192 5775 2493 5844 Mensibus,
2522 5792 2575 5847 p.
2608 5776 2697 5829 47.
2741 5773 3048 5848 Romanos,
3079 5773 3506 5855 inquit,'impri-
