3918 6410
489 352 494 357 ’
529 353 662 412 1031

525 557 805 624 tangitur,
850 553 1107 609 occidens
1150 553 1502 617 sublevatur,
1540 561 1598 606 ut
1646 552 1726 606 sic
1774 561 1920 604 totus
1969 552 2118 605 orbis

423 643 436 652 ’
526 649 798 718 tripartita
826 647 1122 702 stabilitate
1156 646 1398 700 firmatus
1425 645 1626 700 c0nlixi
1658 648 1863 712 operis,
1897 645 2120 697 immor-

523 737 750 792 talitatis
800 737 1002 792 radicis
1047 736 1396 790 funuamenta
1444 745 1770 790 teneantur:
1805 736 1908 788 hoc
1937 749 2119 788 secre-

522 837 633 884 tum
663 830 819 883 nobis
847 814 1214 884 venerandum
1260 829 1536 896 propheta:
1565 826 1842 882 oraculum
1875 825 2116 879 tradidit.

522 922 860 976 Inveniemus
906 920 1051 974 enim
1079 920 1132 972 in
1165 918 1412 973 Habacnc
1443 920 1512 972 ita
1545 933 1666 973 esse
1703 917 2064 986 perscriptum
2100 933 2114 971 :

525 1011 674 1066 Texit
702 1012 855 1065 ccelos
884 1011 1045 1064 virtus
1072 1012 1185 1080 ejus
1208 1049 1221 1072 ,
1257 1019 1302 1061 et
1331 1009 1484 1061 laude
1520 1011 1633 1079 ejus
1675 1008 1828 1076 plena
1855 1016 1926 1059 est
1956 1016 2112 1059 terra.

524 1102 591 1156 Et
627 1101 872 1170 splendor
911 1101 1022 1171 ejus
1053 1117 1106 1152 ut.
1140 1099 1229 1153 lux
1255 1100 1350 1152 erit
1371 1141 1383 1163 ,
1409 1115 1610 1152 cornua
1640 1099 1693 1151 in
1725 1099 1960 1150 manibus
1993 1100 2114 1168 ejus

518 1181 774 1246 erunt.'Et
791 1193 900 1244 illic
918 1191 1246 1245 constabilita
1265 1199 1340 1244 est
1359 1190 1518 1242 virtus
1537 1189 1705 1254 gloria
1717 1190 1902 1256 ejus,et
1921 1187 2115 1240 consti-

522 1295 626 1337 tuet
639 1284 959 1337 dilectionem
972 1299 1137 1337 suam.
1156 1281 1258 1336 Ibit
1271 1283 1498 1346 verbum,
1513 1291 1559 1334 et
1575 1281 1823 1350 prcecedet
1836 1280 2116 1334 secundum

517 1392 723 1446 gressus
748 1392 866 1429 suos
892 1374 919 1412 δ
951 1375 969 1446 (
996 1374 1192 1428 Habac.
1223 1390 1300 1439 nt,
1332 1373 1474 1443 3-5).
1514 1368 1592 1426 En
1629 1371 1935 1426 veneranda
1964 1369 2105 1424 Cru-

519 1469 601 1522 cis
633 1482 858 1531 cornua,
892 1482 960 1520 en
991 1476 1192 1520 sanctae
1222 1465 1438 1519 virtutis
1469 1463 1772 1540 immortale
1816 1462 2111 1532 fastigium,

517 1572 584 1612 cn
638 1559 865 1627 gloriosi
916 1559 1100 1626 Operis
1150 1557 1332 1612 divina
1381 1571 1665 1626 compago.
1716 1556 1818 1619 Tu,
1878 1556 2112 1621 Christe,

527 1649 787 1703 mundum
838 1663 900 1701 ac
940 1659 1141 1701 terram
1188 1647 1426 1701 extensis
1475 1648 1747 1711 manibus,
1790 1655 1846 1699 tu
1893 1647 2116 1701 caeleste

499 1748 801 1793 sustentas
832 1738 1118 1808 imperium
1145 1754 1160 1801 ;
1195 1741 1299 1791 tuis
1323 1738 1718 1792 immortalibus
1741 1736 1983 1792 adhaeret
2009 1738 2110 1792 hu-

1751 348 1921 408 .IULII
1959 347 2219 408 FIRMICI
2257 349 2566 408 MATER!“

521 464 754 520 duorum
783 472 834 528 ⁸,
867 477 986 534 qua:
1016 475 1112 534 per
1150 462 1294 517 latus
1322 461 1545 525 vadunt,
1576 461 1893 532 compagine
1929 461 2113 515 oriens
2140 468 2194 526 Α

3667 353 3810 412 1089

2288 462 2375 519 ubi
2418 464 2687 519 occasione
2731 464 2980 536 unguenti
3021 479 3120 535 quo
3163 467 3339 534 fauces
3384 472 3672 535 mystarunt
3721 467 3814 520 de-

2293 552 2622 621 liniebantur,
2661 555 2726 610 de
2753 564 2996 610 venenato
3035 563 3293 624 unguento
3325 550 3534 610 diaboli
3556 554 3810 622 loquitur.

2290 645 2452 699 Aliud
2495 645 2659 699 etiam
2699 647 3001 718 symbolum
3047 659 3409 717 proponamus
3439 655 3489 712 °,
3521 654 3581 700 ut
3631 659 3808 701 cona-

2219 736 2366 792 mine
2415 737 2755 806 cogitationis
2807 737 3012 792 scelera
3059 736 3406 802 revelentur;
3455 736 3613 806 cujus
3661 744 3812 792 totus

2219 825 2354 880 ordo
2391 825 2653 882 dicendus
2696 837 2811 895 est,
2844 837 2903 881 ut
2927 828 3068 895 apud
3097 842 3288 883 omnes
3324 836 3574 894 constet,
3605 827 3811 884 divina

2219 919 2593 986 dispositionis
2623 917 2796 988 legem
2832 933 3086 986 perversa
3127 919 3328 972 diaboli
3353 933 3476 974 esse
3505 919 3812 976 imitatione

2218 1016 2552 1076 corruptam.
2583 1006 2756 1062 Nocte
2786 1007 3016 1076 quadam
3048 1007 3393 1062 simulacrum
3417 1007 3472 1063 in
3498 1010 3695 1064 lectica
3715 1023 3813 1064 sn-

2219 1101 2405 1167 pinum
2472 1099 2721 1168 ponitur,
2765 1107 2817 1154 et
2872 1113 2969 1168 per
3017 1113 3271 1153 numeros
3318 1099 3539 1170 digestis
3589 1100 3811 1157 ﬂetibus

2217 1191 2505 1262 plangitur.
2534 1191 2738 1247 Deinde
2765 1206 2888 1246 cum
2915 1207 2973 1245 se
3000 1189 3121 1245 ﬁcta
3150 1189 3535 1247 lamentatione
3562 1191 3810 1248 satiave-

2218 1284 2347 1348 rint,
2375 1284 2551 1338 lumen
2587 1283 2831 1337 infertur.
2858 1281 3008 1336 Tunc
3035 1296 3064 1336 a
3101 1281 3384 1336 sacerdote
3412 1283 3681 1347 omnium,
3713 1281 3810 1351 qui

2215 1375 2439 1443 ﬂebant,
2470 1375 2654 1430 fauces
2681 1385 2989 1446 unguntur;
3014 1373 3205 1442 quibus
3228 1375 3525 1445 perunctis,
3545 1375 3810 1430 sacerdos

2217 1465 2320 1522 hoc
2349 1468 2500 1522 lento
2530 1482 2810 1521 murmure
2837 1473 3084 1520 susurrat
3108 1481 3123 1519 :

2433 1586 2714 1651 θαρρεῖτε,
2742 1579 2940 1651 pueras
2965 1578 3194 1651 coierat}
3222 1579 3584 1650 σεσωσμένον,

2441 1645 2627 1702 Ἐσᾶ-αι
2647 1645 2754 1720 γὰρ’
2777 1651 2893 1718 ἡμῖν
2922 1649 2974 1701 ἐκ
3009 1648 3173 1702 πόνων
3195 1645 3441 1724 emptio}.

2217 1757 2358 1826 Quid
2405 1759 2634 1813 miseros
2667 1757 2901 1812 hortaris
2943 1767 3000 1812 ut
3027 1759 3497 1830 gaudeant?quid
3544 1760 3807 1832 deceptos

520 1831 688 1923 tueris
717 1830 864 1884 salus
895 1838 1118 1893 nostra;
1153 1827 1528 1923 lu._Domine.
1561 1839 1776 1923 elerum
1799 1829 1937 1923 vitae
1960 1828 2113 1896 baiu-
2143 1827 2189 1885 Β
2217 1838 2466 1904 homines
2501 1849 2674 1904 laetari
2711 1848 2993 1919 compellis
3013 1827 3048 1902 2'
3065 1866 3226 1919 quam
3265 1827 3597 1922 illis‘spem,
3639 1827 3805 1923 quam

520 1920 600 1975 Ias
627 1920 868 1990 signum,
904 1927 959 1973 tu
991 1918 1299 1973 venerando
1322 1919 1576 1989 instinctu
1596 1919 1698 1973 hoc
1726 1918 1882 1973 nobis
1905 1917 2115 1974 denun-

519 2013 620 2066 tias
653 2027 750 2081 per
780 2011 1095 2081 prophetas.
1142 2012 1233 2064 Ait
1263 2011 1406 2066 enim
1437 2010 1623 2065 Esaias
1651 2028 1663 2063 :
1699 2009 1830 2064 Ecce
1857 2019 2010 2064 natus
2039 2021 2114 2065 est

517 2104 663 2158 nobis
693 2104 859 2172 filius,
891 2105 1168 2172 imperium
1196 2120 1348 2171 super
1369 2105 1605 2158 humeros
1633 2107 1770 2175 ejus,
1803 2113 1850 2157 et
1879 2091 2114 2158 vocatum

517 2208 591 2250 est
619 2211 803 2249 nomen
843 2197 954 2266 ejus
1010 2211 1211 2268 magna!
1250 2197 1575 2266 cogitationis
1623 2198 1833 2249 nuntius
1878 2206 1899 2232 ε
1939 2193 2111 2263 (Esai.

517 2301 596 2354 ts,
631 2285 730 2357 6).
761 2286 890 2341 ΗΜ)
934 2296 1060 2341 sunt
1101 2286 1289 2341 Crucis
1334 2301 1558 2351 cornua,
1606 2286 1800 2352 quibus
1837 2273 2016 2339 omnia
2058 2296 2113 2340 et

513 2379 870 2434 sublevantur
899 2380 1100 2448 pariter
1116 2389 1170 2433 et
1192 2380 1559 2432 continentur.
1583 2377 1675 2432 His
1699 2378 1956 2432 cornibus
1975 2379 2114 2432 bene

518 2468 802 2523 hominum
843 2469 1032 2524 nititur
1069 2470 1202 2525 vita.
1235 2468 1306 2525 Ut
1354 2470 1611 2524 Amalech
1642 2470 1969 2534 vinceretur,
2015 2485 2112 2525 ex-

519 2563 690 2616 tensis
743 2561 992 2616 manibus
1040 2562 1253 2631 Moyses
1313 2562 1427 2621 hcce
1481 2562 1722 2617 imitatus
1770 2572 1854 2617 est
1907 2575 2111 2616 cornua

520 2651 718 2722 (Exod.
743 2667 871 2716 xvu,
897 2651 986 2721 η)
1012 2667 1027 2716 ;
1051 2662 1109 2704 ιιι
1130 2653 1346 2706 facilius
1369 2653 1702 2721 impetraret,
1726 2652 1866 2722 quod
1891 2667 2111 2722 magno-

519 2760 650 2814 pere
683 2743 1014 2812 postulabat,
1042 2759 1258 2798 crucem
1291 2743 1395 2797 sibi
1435 2743 1557 2798 fecit
1584 2759 1653 2799 ex
1678 2745 1850 2814 virga.
1885 2745 1967 2799 Ad
1994 2745 2112 2800 hatc

516 2853 720 2893 cornua
764 2837 959 2892 festina
986 2835 1268 2890 celeritate
1309 2846 1594 2904 properate
1623 2832 1675 2901 ἀ,
1717 2834 1784 2889 ad
1825 2834 1940 2890 btcc
1985 2850 2107 2889 cor-

520 2945 624 2984 nua
656 2927 851 2982 bumili
886 2927 1236 2981 veneratione
1273 2926 1567 2996 confugite.
1619 2926 1710 2980 His
1757 2941 1852 2980 vos
1889 2925 2112 2996 afﬁgant

521 3021 806 3080 cornibus,
842 3017 1078 3085 justitia,
1125 3017 1370 3085 aequitas,
1403 3017 1680 3086 pudicitia,
1713 3017 2105 3084 misericordia,

519 3110 800 3178 patientia,
831 3109 1001 3161 fides:
1036 3118 1093 3160 ut
1131 3107 1436 3164 veneranda
1476 3107 1823 3176 pra-ferentes
1853 3107 2105 3178 insignia,

2217 1941 2448 1996 salutem
2494 1927 2707 1996 funesta
2753 1939 3105 2010 persuasione
3155 1940 3464 2010 promittis?
3497 1941 3628 2012 quid
3680 1943 3807 1997 illos

2215 2036 2348 2091 falsa
2376 2033 2764 2104 pollicitatione
2791 2032 3049 2089 sollicitas
3073 2032 3097 2088 f
3127 2032 3227 2088 Dei
3257 2033 3333 2088 tui
3364 2047 3510 2088 mors
3537 2043 3662 2088 nota
3697 2043 3804 2098 est,

2218 2128 2330 2180 vita
2360 2141 2468 2180 non
2507 2134 2806 2194 comparet,
2841 2140 2939 2179 nec
2973 2125 3042 2180 de
3069 2125 3470 2180 resurrectione
3508 2125 3628 2194 ejus
3665 2124 3805 2178 divi-

2215 2231 2345 2270 num
2372 2214 2662 2283 aliquando
2683 2214 2962 2284 respondit
2981 2215 3255 2269 oraculum
3283 2212 3328 2280 ί,
3353 2229 3452 2269 nec
3483 2214 3807 2270 hominibus

2214 2322 2276 2364 se
2307 2315 2427 2377 post
2460 2317 2711 2371 mortem,
2759 2315 2817 2360 ut
2843 2307 2946 2360 sibi
2969 2307 3314 2372 crederetur,
3349 2307 3613 2372 ostendit,
3652 2307 3804 2362 nulla

2215 2400 2378 2470 hujus
2418 2399 2597 2468 operis
2628 2398 2952 2453 documenta
2984 2398 3250 2468 promisit,
3283 2412 3383 2464 nec
3409 2412 3469 2452 se
3497 2397 3602 2452 hoc
3630 2398 3808 2474 factu:

2213 2507 2334 2546 rum
2361 2506 2484 2547 esse
2511 2489 2937 2560 praecedentibus
2962 2496 3284 2543 monstrant
3299 2488 3571 2557 exemplis
3601 2496 3648 2541 8.
3682 2486 3806 2540 Ido-

2214 2583 2322 2636 lum
2363 2581 2600 2651 sepelis,
2647 2581 2846 2634 idolum
2879 2580 3119 2650 plangis,
3156 2579 3360 2634 idolum
3401 2580 3470 2633 de
3516 2577 3805 2647 sepultura

2215 2673 2444 2744 profers,
2470 2676 2525 2726 et
2544 2672 2728 2738 miser,
2756 2689 2880 2728 cum
2909 2674 3023 2727 haec
3045 2673 3261 2738 feceris,
3288 2671 3510 2742 gaudes.
3536 2671 3615 2725 Tu
3638 2670 3804 2726 deum

2215 2776 2361 2819 tuum
2397 2764 2614 2826 liberas,
2649 2773 2703 2816 tu
2729 2763 2963 2832 jacentia
2997 2762 3192 2832 lapidis
3219 2761 3460 2816 membra
3490 2756 3834 2830 componis?

2213 2865 2269 2911 tu
2311 2856 2626 2913 insensibile
2667 2855 2892 2924 corrigis
2935 2869 3144 2908 saxum.
3190 2853 3309 2908 Tibi
3356 2851 3550 2906 habeat
3598 2853 3802 2921 gratias

2211 2948 2345 3003 deus
2373 2958 2496 3003 tuus
2520 2989 2535 3013 ,
2584 2956 2636 3002 te
2663 2948 2889 3017 paribus
2919 2954 3231 3001 remaneret
3257 2944 3450 3010 donis,
3473 2953 3529 3000 et
3547 2944 3637 2999 sui
3670 2940 3804 2998 velit

2209 3055 2334 3096 esse
2379 3040 2726 3110 participem;
2760 3041 2839 3093 sic
2871 3038 3118 3093 moriaris
3149 3046 3207 3090 ut
3243 3034 3610 3112 moritur,,sic
3651 3034 3803 3089 vivas

2214 3141 2273 3185 ut
2301 3131 2452 3185 vivit.
2500 3131 2630 3183 Nam
2677 3129 2819 3198 quod
2862 3135 3132 3198 unguento
3178 3133 3552 3196 pemmguntur
3593 3125 3800 3190 fauces,

514 3200 817 3293 ςρηεξθςτθιί
851 3198 1014 3293 ‘9'?“3
1046 3198 1340 3293 maes'ale‘
1363 3197 1694 3266 gaudemes'
1727 3210 1781 3253 θι
1811 3199 2106 3269 εθΡ¹¹¹¹¹¹Γ⁵¹²
2134 3192 2180 3254 C
2214 3227 2335 3293 quis
2352 3239 2459 3278 non
2490 3192 2871 3277 facinus-istud
2899 3192 3155 3289 despecta
3178 3192 3419 3292 vanitate
3444 3221 3804 3273 contemnat?

515 3290 718 3348 Cltristi
748 3291 1038 3361 participes
1065 3289 1186 3344 sitis
1211 3299 1265 3343 et
1292 3288 1436 3344 vitat.

1077 3401 1308 3457 CAPUT
1351 3401 1542 3456 XXIII.

524 3497 580 3549 5.
624 3495 690 3548 In
713 3492 919 3558 Isiacis,
949 3493 1260 3577 deiredioivo
1288 3494 1497 3548 Osiride
1528 3510 1542 3550 :
1581 3504 1844 3572 Θαρρεῖτε,
1872 3512 2100 3568 μυσταιε

589 3641 616 3668 ι
655 3630 746 3686 Sic
771 3629 1012 3699 intelligo
1037 3646 1050 3682 :
1076 3627 1143 3680 Et
1166 3644 1193 3681 e
1220 3628 1444 3682 duorum
1467 3645 1578 3693 qua:
1599 3631 1845 3700 perlatus
1872 3632 2097 3683 vadunt:

517 3701 772 3756 nimirum
819 3698 1175 3754 antennarum
1207 3700 1417 3763 crucis,
1449 3713 1479 3753 e
1504 3698 1698 3768 quibus
1727 3698 1974 3754 Christus
2006 3717 2100 3768 pe—

516 3772 738 3840 pendit;
768 3771 1065 3840 compagine
1091 3769 1274 3840 roriens
1317 3771 1564 3837 tangitur,
1588 3770 1824 3822 occidens
1867 3771 2073 3840 subleua

516 3837 600 3894 tur
631 3857 650 3894 :
677 3837 940 3894 orientem
954 3837 1228 3893 nimirum
1259 3846 1316 3891 et
1340 3840 1694 3892 occidentem
1737 3837 2091 3904 spectauit.-

517 3920 572 3963 ut
619 3911 691 3962 sic
739 3920 873 3962 totus
914 3911 1082 3970 orbis,
1126 3908 1386 3974 tripartito
1429 3906 1726 3958 stabilitate.
1769 3902 1788 3960 ὲ
1869 3902 2099 3974 stu-uret-

516 3980 744 4032 duarum
775 3965 1164 4038 antennarum;
1197 3965 1431 4041 'ﬁrmatus
1461 3965 2092 4042 conﬁgt:0p_erts_~:.crucis

516 4049 569 4103 in
600 4057 797 4102 terram
827 4047 1052 4101 defixae;
1084 4034 1486 4094 immortalitatis
1513 4034 1702 4086 radicis
1729 4034 2095 4102 fundamenta:

513 4131 644 4169 crux
675 4116 875 4167 dicitur
903 4110 1055 4164 radix
1083 4106 1493 4163 immortalitatis
1518 4121 1537 4168 ;
1567 4113 1833 4157 teneantur
1852 4120 1870 4157 :
1894 4107 2095 4160 rectius

513 4199 661 4249 vero,
697 4191 917 4244 teneant,
954 4181 1005 4233 id
1030 4180 1171 4247 quod
1217 4190 1412 4230 sensus
1440 4176 1714 4244 postulare
1751 4174 1985 4228 videtur.

585 4253 612 4290 δ
653 4253 975 4318 Plerumque
1001 4247 1246 4302 concinit
1268 4261 1388 4318 cum
1410 4245 1581 4318 Cypr.
1608 4244 1832 4318 Testim.
1864 4261 1921 4318 tt.

587 4334 610 4360 ο
654 4322 827 4376 Locus
850 4315 1162 4373 memoriter
1191 4325 1247 4370 et
1283 4315 1620 4388 breviuscule
1648 4315 1864 4379 citatus,
1892 4315 1946 4388 in
1979 4317 2095 4369 ultio

515 4393 619 4446 mis
645 4393 824 4445 verbis
851 4404 1050 4460 magna
1099 4386 1429 4460 cogitationis
1450 4387 1660 4460 nuntius
1687 4401 1705 4460 ί
1747 4386 2018 4460 conspirat
2043 4401 2094 4437 c.

517 4462 788 4532 Cypriano
826 4461 864 4512 l.
899 4455 1172 4512 IIVocem
1217 4456 1538 4522 cogitationis
1582 4455 1634 4508 hi
1675 4456 1781 4509 duo
1822 4456 1923 4508 soli
1971 4464 2099 4509 sunt

516 4530 605 4600 qui
639 4530 894 4582 habeant.

589 4597 615 4635 ἀ
655 4597 849 4653 Nescio
894 4594 1041 4650 unde
1071 4594 1180 4662 hoc,
1209 4591 1475 4646 Firmicus
1513 4591 1776 4662 hauserit.
1828 4593 1903 4662 De
1946 4595 2097 4662 virga

557 4667 734 4730 uidem
760 4665 926 4722 Mosi:
958 4661 1283 4718 miraculosa
1316 4662 1478 4713 multa
1507 4660 1812 4713 fabulantur
1839 4660 2098 4730 ’I‘balmu-

557 4685 734 4730 ument
760 4685 926 4722 IIIOBIS
958 4685 1283 4718 mtracmuaat
1317 4685 1478 4713 murta
1507 4685 1812 4713 tauutattsur
1849 4685 2098 4715 lautulu-

515 4685 692 4796 distat.
720 4738 868 4791 Hanc
895 4735 1038 4790 Deus
1059 4731 1316 4788 Sabbatbi
1337 4743 1561 4798 vespere
1582 4743 1797 4784 creasse
1814 4735 1872 4783 et
1893 4729 2100 4786 Adamb

514 4809 812 4865 credidisse
837 4805 1070 4861 traditur
1093 4843 1112 4866 ,
1156 4815 1188 4854 ι
1216 4815 1323 4870 quo
1350 4799 1416 4854 ad
1448 4799 1799 4870 Ilenocbnm,
1831 4799 1998 4870 Neam
2044 4811 2102 4856 et

513 4879 808 4946 Josephum
839 4875 1144 4946 transierit.
1169 4868 1482 4946 Posthujus
1505 4880 1730 4946 mortem
1757 4868 1813 4923 in
1843 4869 2097 4946 palatium

518 4939 813 5003 Pharaonis
835 4945 1069 4999 delatam
1100 4944 1241 4998 clam
1273 4939 1561 4995 abstulisse
1593 4939 1906 4994 .Iethronent
1947 4950 2000 4993 et
2046 4943 2099 4992 in

521 5019 679 5072 horto
715 5030 813 5068 suo
860 5015 1129 5081 plantasse
1157 5012 1320 5075 ;Mosi
1372 5023 1575 5072 autem.
1620 5026 1741 5064 cum
1779 5024 1988 5081 nomen
2005 5009 2100 5063 Dei

515 5078 880 5147 venrunt;
909 5083 988 5136 illi
1012 5083 1329 5152 inscriptum
1356 5083 1533 5149 legere
1563 5083 1842 5152 potuisset.
1866 5078 2100 5152 denique

517 5161 770 5212 cessisse.
805 5155 915 5207 Hoc
941 5149 1199 5212 narratur:
1221 5153 1271 5204 in
1317 5153 1454 5205 libro
1481 5151 1742 5206 Midrasch
1771 5149 2096 5218 Vajoschalt.

516 5228 652 5296 Cum
680 5221 944 5296 Firmicus
965 5221 1034 5276 de
1057 5221 1206 5296 virga
1236 5222 1391 5274 unice
1418 5223 1682 5290 loquatur,
1708 5220 1930 5296 cogitari
1959 5220 2099 5272 haud

520 5292 696 5367 potest
738 5294 808 5349 de
854 5292 1108 5367 ligno_,_in
1135 5305 1242 5357 quo
1279 5305 1506 5367 serpens
1551 5306 1734 5367 tenens
1782 5294 1837 5367 in
1883 5294 2100 5367 deserto

513 5358 808 5434 suspensus
829 5358 966 5427 erat,
988 5359 1211 5434 Numer.
1233 5374 1343 5434 xx},
1375 5361 1428 5434 βε
1458 5360 1513 5422 9,
1537 5361 1620 5412 cui
1643 5361 1711 5414 ab
1732 5363 1953 5434 antiquo
1974 5358 2100 5434 inde

518 5425 795 5504 tempore,
831 5442 889 5487 ut
943 5425 1319 5504 typo‘Cbristi
1370 5425 1700 5504 (Joan.-_m.,
1755 5425 1880 5504 IL);
1920 5427 2100 5504 grueis

516 5496 692 5561 forma
717 5496 894 5584 afficta
931 5496 1037 5559 est.
1067 5498 1153 5556 Cf.
1200 5496 1494 5567 Ursprung,
1541 5498 1714 5553 Natur
1754 5496 1861 5554 und
1905 5497 2100 5568 Fortp—

2217 3315 2388 3370 Habet
2409 3329 2538 3383 ergo
2558 3312 2806 3367 diabolus
2831 3311 3076 3368 Christos
3093 3318 3222 3363 actas
3251 3308 3302 3375 εκ
3327 3317 3382 3362 et
3400 3309 3525 3379 quia
3551 3309 3668 3378 ipse
3691 3309 3803 3364 An-

2217 3405 2495 3460 tichristus
2522 3412 2628 3467 est,
2659 3402 2726 3457 ad
2756 3402 3025 3456 infamiam
3056 3399 3289 3453 nominis
3320 3399 3402 3481 sui
3441 3401 3674 3454 miseros
3702 3400 3801 3456 ho-

2213 3497 2387 3551 mines
2423 3494 2685 3553 scelerata
2716 3491 2977 3548 societate
3007 3487 3271 3559 perducit.
3319 3487 3664 3560 Unguentum
3697 3491 3800 3546 hoc

2201 3632 2446 3691 [innatum
2465 3625 2845 3692 einer‘heilige'tl
2873 3623 3266 3698 Wissensclta[t,
3287 3625 3488 3698 Scltrift
3509 3627 3616 3679 und
3632 3627 3798 3698 Spw-

2198 3700 2300 3764 cltt!
2315 3705 2466 3753 unier
2512 3699 2604 3767 du
2638 3697 3144 3767 mammeatelndes
3177 3695 3794 3767 Mensgltcngeschlecltts,

2200 3762 2323 3832 μιν
2358 3764 2644 3832 nmium
2673 3763 2889 3816 dunltler
2937 3762 3136 3816 Fabetn
3172 3766 3279 3817 und
3314 3762 3654 3832 Traditionen
3698 3785 3795 3823 son

2248 3832 2387 3902 dant,
2415 3830 2539 3902 Seth
2567 3830 2628 3881 αξ
2653 3849 2698 3902 s.
2731 3847 2792 3882 ω.
2828 3833 3049 3899 (Brcsl.,
3080 3833 3260 3900 I786),
3294 3849 3348 3902 p.
3381 3830 3504 3890 156.

2275 3908 2297 3933 θ
2325 3899 2620 3974 _Scenicam
2651 3900 2790 3974 hanc
2821 3899 3376 3974 reprzescutatmne'm,
3406 3922 3508 3974 qua
3545 3917 3795 3965 mortuus

2201 3963 2502 4046 lugebatur,
2529 3963 2965 4046 carminibusque
2994 3968 3106 4039 (per
3135 3963 3372 4046 numeros
3409 3963 3620 4046 digestis
3654 3963 3794 4046 ﬂeti;

2203 4033 2320 4106 bus)
2354 4039 2404 4090 in
2439 4038 2675 4091 tenebris
2714 4033 3100 4106 plangebatur,
3138 4041 3313 4096 donec
3348 4033 3594 4098 accensis
3631 4033 3792 4102 Iumi-

2207 4107 2365 4160 nibus
2409 4106 2567 4160 ﬂetus
2607 4109 2660 4160 in
2699 4109 2888 4176 gaudia
2934 4116 3256 4175 mutaretur,
3294 4114 3345 4164 in
3386 4117 3637 4168 omnibus
3677 4118 3788 4171 fere

2206 4177 2476 4248 Mysteriis
2506 4179 2653 4248 varia
2685 4178 2854 4248 forma
2886 4180 3209 4246 reperimus.
3241 4180 3506 4234 Mortuum
3550 4187 3696 4236 enim
3733 4197 3789 4240 et

2204 4247 2452 4302 invitam
2495 4247 2748 4303 reducem
2783 4247 3053 4304 Osiridem
3083 4257 3243 4317 atque
3269 4248 3600 4314 Adonidcm;
3636 4269 3783 4307 mor-

2206 4329 2376 4382 tuum,
2406 4318 2586 4372 nescio
2609 4334 2673 4371 an
2697 4320 2752 4372 in
2772 4320 2935 4373 vitam
2959 4329 3290 4384 rerucattttn,
3312 4319 3595 4382 Cubitum;
3624 4324 3787 4377 antis-

2204 4405 2316 4462 sam
2346 4400 2508 4462 atque
2533 4390 2712 4444 denuo
2738 4390 3007 4462 inventam
3039 4389 3414 4462 Proserpinam
3448 4394 3497 4445 in
3533 4395 3596 4444 iis
3631 4395 3783 4462 luge-

2200 4460 2374 4531 bant,
2405 4459 2622 4531 laetique
2655 4460 2998 4531 salutabant.
3035 4459 3240 4531 Neque,
3267 4460 3492 4531 dubium
3541 4459 3784 4530 quin'in

2201 4528 2496 4582 Mithriacis
2544 4530 2750 4584 similes
2805 4529 2939 4584 ritus
2983 4528 3245 4586 celebrati
3295 4529 3518 4590 fttutlnt.
3561 4528 3658 4584 Dei
3711 4535 3780 4587 tul

2199 4614 2334 4669 utors
2381 4611 2501 4669 nota
2529 4599 2750 4669 lest,fin
2791 4600 3143 4668 sequentibus
3173 4600 3334 4659 habet
3369 4598 3659 4659 Flt‘micus.
3701 4606 3781 4659 Ad

2201 4666 2304 4740 hoc
2334 4667 2683 4740 igitur,un
2716 4666 2933 4740 Firmici
2963 4681 3121 4728 aetate
3150 4670 3488 4726 notissimum
3513 4682 3636 4729 orat
3658 4674 3782 4740 Epi-

2200 4737 2492 4819 phronem‘a,
2517 4737 2693 4819 cujus,
2716 4738 2862 4819 quod
2883 4741 3070 4804 sciam,
3098 4740 3244 4794 solus
3273 4741 3606 4819 mentionem
3631 4737 3780 4809 facit,

2200 4804 2539 4890 referendum
2730 4804 2885 4892 illud,
2909 4818 3152 4892 eetppsi‘t‘s
3176 4849 3191 4875 ,
3222 4813 3416 4892 ptio-tut
3553 4813 3670 4867 θεοῦ
3692 4804 3778 4892 σέ

2203 4879 2504 4954 σωσμένορε
2537 4891 2642 4954 quo
2671 4891 2735 4929 ex
2762 4879 2846 4932 dei
2877 4879 3043 4954 sui,'e
3072 4879 3278 4950 magms
3308 4881 3558 4950 periculis
3585 4885 3778 4953 erepti,

2200 4945 2377 5024 salute
2407 4943 2507 4996 stbt
2535 4959 2766 5024 tnwcem
2793 4964 3008 5018 quoque
3035 4951 3278 5006 laborum
3309 4964 3779 5024 zrumnarutnque

2202 5014 2362 5065 finem
2397 5023 2748 5080 augurantur.

2277 5083 2295 5120 ι
2339 5081 2503 5162 'ljtude
2531 5086 3183 5162 resurrectione_Christi.

2274 5162 2297 5226 ts
2339 5151 2491 5226 Filiae
2520 5154 2675 5221 Jairi,
2701 5155 2917 5224 juvenis
2945 5157 3216 5226 Nainitici,
3247 5161 3454 5218 Lazari.

2274 5219 2300 5257 ¹ι
2340 5223 2395 5276 1η
2427 5219 2789 5297 frontc_etiam
2814 5228 3147 5297 ungebantur
3166 5219 3444 5287 sacrorum
3471 5233 3777 5289 Mitltriaco-

2203 5307 2320 5371 Lam
2354 5303 2564 5371 mystae.
2595 5293 2818 5371 Mithras
2845 5293 3010 5371 signat
3037 5301 3091 5351 in
3120 5300 3288 5371 fronte
3317 5310 3508 5371 mystas
3535 5321 3676 5366 suos,
3706 5305 3779 5358 ait

2203 5361 2444 5444 Tertulli
2481 5364 2550 5418 de
2595 5361 2909 5444 prium-[ipp
2962 5361 3282 5444 Haereticor.
3333 5361 3392 5444 ᾇ
3440 5372 3531 5444 40.
3584 5361 3778 5444 Zoega:

2202 5431 2468 5515 Abhandl.
2497 5435 2710 5515 p..I78,
2751 5431 2979 5492 Christos
3021 5453 3171 5506 suos,
3213 5439 3404 5496 allusio
3443 5440 3512 5498 ad
3557 5431 3775 5515 etym‘ou

2201 5501 2444 5559 Gracutn
2477 5501 2666 5581 ἐρέειν.
