3936 6424
162 266 292 329 1051
318 280 321 283 ‘

1086 264 1174 324 DE
1213 262 1489 324 ERRORF.
1524 257 1994 323 PROFANARUH
2033 247 2468 318 RELiGlONUM.

3260 262 3398 323 i038

157 388 305 435 certa.
342 377 617 446 mandata,
656 375 1037 433 immortalium
1064 377 1436 435 mandatorum
1480 378 1723 435 ordinem
1750 384 1798 447 Α
1827 375 1905 432 Ex
1933 374 2155 446 virginis
2195 381 2353 430 terrae
2380 373 2507 427 limo
2551 370 2722 428 factus
2749 373 2920 430 Adam
2950 376 3394 446 praevaricatione

157 472 251 525 ista
279 468 397 540 lege
424 468 694 525 conclusit
724 484 740 523 :
771 468 908 523 Data
957 477 1030 525 est
1076 467 1202 525 mihi
1231 472 1393 526 omnis
1423 482 1645 543 potestas
1671 473 1725 526 in

1831 467 2042 538 propria
2067 465 2387 537 promissam
2409 465 2640 536 perdidit
2666 466 2853 523 vitam.
2882 466 2985 525 Per
3008 470 3265 543 virginem
3289 473 3399 529 ua-

156 560 277 616 calo
302 569 347 614 et
372 560 425 614 in
452 569 607 616 terra.
632 560 714 616 Ite
731 576 851 631 ergo
872 568 921 615 et
944 559 1119 616 docete
1145 576 1315 618 omnes
1343 574 1537 633 gentes,
1564 564 1729 633 bapti-
1828 560 1959 615 riam
1989 572 2051 614 ac
2069 557 2331 629 Spiritum
2356 567 2598 614 sanctum
2620 556 2869 616 Christus
2895 570 3077 629 natus,
3106 572 3163 620 et
3182 565 3397 622 immor-

156 662 326 710 zantes
372 671 456 710 eos
502 656 560 709 in
604 656 808 710 nomine
855 653 1052 721 Patris,
1101 664 1153 710 et
1199 652 1350 723 Filii,
1402 665 1450 709 et
1499 654 1729 725 Spiritus

155 748 336 814 sancti,
358 746 593 803 docentes
618 763 702 802 eos
730 746 994 803 obseruare
1018 748 1213 819 omnia,
1238 760 1564 816 qutecumque
1595 762 1729 819 prte-

155 838 265 908 cepi
295 836 433 892 nobis
456 836 687 911 (Matth.
710 853 901 905 xxvnt,
926 837 1014 903 l8,
1044 836 1111 894 19
1133 835 1172 907 ).
1201 836 1357 904 Quod
1385 848 1564 891 autem
1589 837 1732 893 Deus

161 931 341 997 Pater,
372 930 689 1002 participem
723 945 843 985 eum
882 929 1032 1000 regni
1064 928 1293 994 iaciens,
1335 927 1534 998 regalis
1582 913 1733 983 sellae

156 1022 209 1079 ei
254 1022 583 1079 concesserit
637 1023 817 1086 sedes,
866 1021 974 1076 hoc
1017 1018 1241 1074 docetur
1288 1019 1554 1101 oraculo“:
1588 1016 1735 1073 Dixit

157 1113 412 1169 Dominus
445 1113 663 1169 Domino
687 1129 820 1177 meo,
847 1111 967 1169 sede
994 1126 1025 1165 a
1047 1111 1244 1165 dextris
1287 1111 1433 1173 meis,
1464 1110 1734 1181 quoadus-

157 1222 255 1275 que
273 1223 461 1280 ponam
486 1207 719 1260 inimicos
745 1214 861 1259 tuos
884 1203 1267 1275 suppedaneam
1295 1204 1479 1273 pedum
1507 1214 1734 1257 tuorum.

164 1300 377 1372 Virgam
397 1300 596 1354 uirtutis
622 1307 721 1352 tua:
745 1296 935 1351 emittet
962 1291 1213 1350 Dominus
1235 1310 1297 1348 ea:
1323 1293 1474 1361 Sion,
1502 1293 1739 1348 domina-

158 1391 292 1445 beris
312 1390 369 1444 in
393 1389 560 1443 medio
587 1388 912 1453 inimicorum
937 1395 1162 1442 tuorum.
1190 1384 1377 1439 Tecum
1424 1376 1737 1456 principium

157 1483 206 1538 in
232 1483 319 1538 die
360 1481 559 1536 uirtutis
584 1492 705 1544 tute,
733 1482 785 1535 in
815 1480 1045 1534 claritate
1072 1488 1387 1543 sanctorum,
1418 1489 1464 1532 et
1492 1495 1553 1532 ea:
1596 1488 1739 1533 utero

157 1584 276 1628 ante
307 1572 586 1644 luciferum
614 1572 765 1645 genui
811 1581 877 1625 te.
907 1569 1110 1624 Iuravit
1143 1569 1415 1637 Dominus,
1438 1586 1528 1624 nec
1571 1570 1736 1639 paeni-

160 1666 281 1720 tebit
330 1672 493 1719 eum.
523 1662 717 1735 (Psal.
762 1664 937 1729 cmi,
966 1662 1057 1733 4).
1092 1661 1156 1716 Hi
1204 1670 1330 1716 sunt
1362 1660 1568 1716 inimici
1623 1660 1737 1727 Dei,

1832 650 2087 706 talitatem
2119 650 2329 722 accepit
2354 660 2410 706 et
2437 665 2682 722 regnum.
2713 651 2891 708 Arbor
2919 652 3049 725 ligni
3084 656 3396 725 pestiferum

1832 743 2071 813 deceptis
2114 744 2371 815 pabulum
2418 745 2646 815 praebuit
2673 755 2741 799 σε
2782 746 2980 817 lignum
3025 749 3203 805 crucis
3230 751 3396 806 vitam

1835 835 2123 890 immortali
2180 850 2438 907 compage
2484 837 2742 893 restituit.
2801 838 3139 909 Contempsit
3188 839 3401 909 Adam,

1834 926 2072 983 obedivit
2102 927 2212 983 Deo
2239 926 2506 983 Christus.
2552 928 2642 985 Sic
2668 929 2843 985 divina
2870 930 3223 1001 dispositione
3246 933 3403 1005 quid-

1835 1016 1964 1089 quid
1984 1016 2154 1074 Adam
2173 1017 2403 1088 perdidit
2426 1018 2667 1076 Christus
2684 1021 2909 1078 invenit.
2926 1022 3057 1078 Nam
3088 1032 3209 1094 post
3234 1025 3404 1081 multa

1839 1118 2082 1178 tempora
2110 1108 2418 1165 novissimis
2442 1116 2738 1179 temporum
2766 1112 2958 1183 spatiis
2984 1112 3065 1181 (id
3089 1122 3194 1181 est,
3225 1116 3407 1172 novis-

1837 1199 1971 1254 sima
2000 1215 2136 1269 pene
2165 1200 2485 1255 sazcolorum
2519 1201 2884 1274 hebdomade)
2913 1203 3148 1260 Verbum
3174 1206 3267 1261 Dei
3302 1207 3401 1261 hu-

1840 1304 1998 1345 mano
2034 1305 2094 1345 se
2132 1290 2349 1345 miscuit
2375 1292 2588 1361 corpori
2616 1290 2664 1359 δ,
2711 1302 2771 1349 ut
2814 1292 3082 1350 hominem
3130 1294 3405 1362 liberaret,

1841 1390 1899 1436 ut
1924 1392 2150 1437 mortem
2179 1382 2442 1449 vinceret,
2474 1393 2531 1437 ut
2555 1382 2897 1455 fragilitatem
2921 1384 3134 1442 humani
3163 1388 3407 1457 corporis

1841 1487 1962 1529 cum
2011 1473 2194 1529 divina
2237 1472 2646 1531 immortalitate
2674 1476 3042 1548 coniungeret.
3082 1476 3219 1546 Quid
3263 1478 3408 1535 enim

1842 1564 2043 1623 faceret
2064 1574 2210 1621 tanta
2238 1563 2392 1622 turba
2416 1568 2763 1623 sanctorum?
2783 1583 2904 1639 quae
2924 1568 3031 1624 illis
3055 1582 3180 1641 spes
3199 1570 3413 1625 salutis?

1842 1656 1985 1727 quod
2035 1657 2351 1713 meritorum
2390 1656 2701 1727 praemium,
2746 1659 2791 1714 si
2830 1658 2931 1715 sub
2972 1675 3076 1715 una
3116 1659 3413 1731 eademque

161 1756 516 1813 sacratissimi
544 1755 926 1827 imperatores,
955 1754 1045 1825 qui
1070 1752 1313 1808 veritatis
1332 1752 1578 1808 ordinem
1604 1766 1737 1808 con-
1769 1761 1815 1821 Β
1842 1749 2152 1805 conditione
2176 1750 2342 1805 sortis
2371 1748 2807 1807 ineluctabilibus
2840 1752 3180 1807 mortalitatis
3204 1750 3412 1822 laqueis

164 1848 331 1903 traria
364 1847 482 1919 lege
509 1846 858 1912 conturbant,
893 1845 983 1916 qui
1016 1858 1281 1915 perversa
1306 1842 1621 1914 cupiditatis
1661 1844 1744 1897 in-

161 1942 363 1997 stinctu
391 1942 651 2011 sacrilega
683 1950 806 1994 vota
839 1939 1175 2008 concipiunt,
1208 1938 1296 2009 qui
1331 1936 1570 2007 profante
1592 1951 1743 1991 men-

164 2033 229 2086 tis
250 2032 437 2088 furore
457 2042 547 2086 aut
568 2031 768 2101 lignum
790 2044 1002 2100 semper
1024 2037 1352 2085 venerantur
1375 2038 1467 2083 aut
1490 2028 1741 2099 lapidem.

167 2122 220 2176 In
250 2124 359 2178 isto
390 2122 511 2177 loco
540 2121 700 2193 positi
745 2121 989 2178 ordinem
1032 2120 1293 2177 debemus
1320 2131 1525 2177 sanctae
1563 2119 1748 2191 dispo-

172 2214 392 2270 sitionis
420 2214 632 2284 aperire
663 2231 676 2267 :
709 2223 765 2269 ut
791 2212 1054 2285 quidquid
1098 2212 1255 2270 nobis
1296 2213 1749 2282 invcstigantibus

168 2313 416 2361 sanctum
464 2304 553 2360 Dei
586 2304 806 2361 verbum
840 2303 1154 2374 prophetica
1188 2303 1407 2357 tradidit
1437 2293 1745 2371 disciplina,

166 2395 231 2454 ad
281 2394 594 2450 refutandas
635 2393 846 2465 profani
890 2394 1093 2449 erroris
1138 2393 1382 2448 maculas
1445 2392 1753 2461 specialiter

169 2484 487 2555 explicetur,
537 2500 696 2539 nc....
732 2481 761 2522 ιι
809 2483 949 2538 sicut
1004 2496 1105 2537 nos
1149 2481 1410 2547 diximus,
1459 2482 1749 2539 commenti

171 2583 296 2630 sunt
331 2585 379 2641 ο,
410 2574 500 2644 qui
531 2574 810 2644 sacrilegia
843 2572 1154 2629 errantibus
1201 2572 1556 2627 tradiderunt.
1600 2572 1693 2629 Sic
1721 2588 1752 2628 a

170 2665 329 2722 nobis
355 2664 491 2720 ordo
518 2664 757 2719 veritatis
793 2664 1059 2719 curiosius
1088 2664 1411 2734 requiratur.
1457 2666 1750 2735 Suspensis

172 2757 357 2829 itaque
381 2756 658 2826 paululum
685 2756 919 2822 caeteris,
948 2754 1013 2810 ad
1048 2753 1162 2810 haec
1186 2750 1213 2791 ἀ
1243 2754 1581 2824 explicanda,
1623 2770 1747 2826 qua:

176 2863 303 2906 vera
336 2857 481 2917 sunt,
506 2847 864 2904 transferatur
893 2847 1093 2903 oratio.
1672 2833 1678 2841 ’

750 2938 977 2998 CAPUT
1002 2939 1195 2997 XXVI.

179 3031 409 3090 Breviter
440 3032 687 3090 Ecclesia
729 3034 794 3088 de
819 3029 1023 3088 Christo
1070 3049 1185 3088 cum
1226 3032 1426 3089 Adamo
1465 3042 1759 3105 comparato

1842 1842 2003 1897 etiam
2057 1841 2173 1911 ipsa
2229 1840 2465 1911 obligata
2510 1842 2823 1902 teneretur?
2868 1840 3012 1897 unm
3064 1841 3229 1909 Abel,
3280 1843 3415 1899 nihil
3504 1828 3509 1871 '-

1845 1932 2029 1989 Euoclt
2053 1974 2068 2000 ,
2112 1931 2251 1986 nihil
2275 1930 2412 2001 Noe,
2443 1931 2575 1988 nihil
2597 1931 2755 1998 Sent,
2792 1932 2925 1988 nihil
2953 1932 3255 2000 Abraham,
3282 1933 3417 1991 nihil

1845 2023 2015 2091 Isaac,
2048 2023 2181 2079 nihil
2206 2022 2374 2080 Jacoh
2404 2022 2471 2080 de
2491 2022 2585 2080 Dei
2606 2023 2711 2081 sibi
2739 2024 3109 2082 misericordia
3132 2040 3196 2083 ac
3222 2025 3420 2097 majes-

1848 2124 1955 2173 tate
1982 2117 2362 2188 promitterent
2387 2134 2402 2173 :
2431 2115 2576 2173 irent
2596 2117 2757 2174 etiam
2785 2117 2887 2195 ipsi
2911 2128 3035 2191 post
3064 2127 3271 2175 tantum
3294 2118 3421 2177 fidei

1848 2210 2099 2265 meritum
2139 2224 2259 2264 cum
2306 2209 2520 2265 caeteris
2549 2208 2799 2265 omnibus
2828 2209 3027 2280 pariter
3070 2210 3332 2281 addictis,
3366 2222 3421 2270 et

1848 2316 2035 2356 omnes
2061 2301 2152 2355 Dei
2180 2309 2398 2355 sanctos
2424 2316 2587 2355 unum
2635 2302 2825 2356 mortis
2846 2299 3067 2357 exitium
3107 2302 3420 2373 exciperet.

1850 2405 1947 2445 nec
1995 2388 2218 2466 haberet
2267 2388 2409 2460 apud
2452 2390 2619 2445 Deum
2650 2392 2929 2459 praemium
2968 2391 3169 2461 pictas,
3226 2392 3273 2447 si
3317 2407 3421 2448 una

1849 2481 2142 2551 eademque
2166 2496 2354 2537 omnes
2374 2481 2612 2538 conditio
2638 2483 2830 2538 mortis
2858 2481 3117 2540 hauriret.
3146 2483 3252 2541 Sed
3281 2485 3422 2542 Deus

1852 2573 2080 2631 Abrahae
2104 2574 2304 2631 clarius
2332 2590 2363 2629 a
2383 2575 2507 2631 caeli
2529 2575 2797 2631 sideribus
2826 2576 3148 2645 promiserat
3172 2594 3419 2649 regnum:

1854 2665 1972 2721 ideo
1996 2680 2061 2720 ex
2081 2680 2281 2737 genere
2295 2665 2525 2722 Abrahae
2543 2665 2876 2723 descendens
2897 2652 3057 2723 Maria
3082 2668 3228 2739 virgo
3249 2669 3421 2725 Deum

1852 2756 2117 2826 concipit,
2175 2767 2233 2811 ut
2261 2755 2693 2827 supradictorum
2735 2756 3014 2814 hominum
3058 2758 3276 2815 soboles
3321 2760 3424 2816 im-

1853 2849 2096 2904 mortalis
2125 2848 2399 2904 societatis
2424 2848 2639 2905 vinculo
2665 2849 3002 2921 iungeretur,
3045 2861 3099 2907 et
3128 2851 3206 2908 sic
3230 2853 3423 2909 huma-

1856 2954 1981 2995 num
2009 2955 2180 3011 genus
2228 2954 2326 3011 per
2357 2940 2626 2997 hominem
2656 2942 2853 3011 pariter
2899 2950 2955 2999 et
3001 2942 3171 2999 Deum
3215 2953 3425 3016 aequata

1857 3030 2127 3088 societatis
2145 3033 2548 3103 comparatione
2572 3034 2940 3105 conjunctum,
2965 3034 3031 3089 ad
3053 3035 3429 3093 immortalita-

170 3192 173 3193 ν
254 3127 450 3198 dogma
473 3126 702 3196 exponit;
731 3124 977 3195 quidquid
1007 3124 1237 3180 Adamus
1264 3126 1588 3198 perdidisset,
1621 3141 1754 3193 eum,
1784 3133 1828 3196 ο
1861 3125 1930 3180 tis
1981 3125 2266 3197 imperium
2312 3125 2635 3181 obedientite
2677 3126 2873 3182 merito
2918 3128 3244 3197 perveniret.
3292 3119 3464 3197 Quia'

248 3233 276 3273 e
302 3215 483 3287 Maria
517 3215 727 3287 Virgine
752 3225 951 3285 natum,
977 3218 1243 3272 invenisse.
1278 3218 1430 3274 Redit
1455 3220 1506 3273 in
1535 3220 1685 3273 uiam.

246 3307 385 3372 Vos,
431 3306 635 3362 domini
663 3307 1040 3377 imperatores,
1068 3318 1375 3365 sanctarum
1400 3312 1607 3365 aurium
1639 3326 1760 3367 ves-

181 3408 385 3452 trarum
411 3396 543 3451 mihi
569 3397 908 3453 commodate
931 3399 1241 3467 patientiam
1274 3410 1317 3467 ε,
1364 3409 1424 3455 ιιι
1454 3410 1620 3455 totum
1653 3402 1764 3457 cle-

178 3489 403 3544 mentia:
438 3498 653 3553 vestrae,
686 3487 831 3558 quod
863 3490 1247 3558 promittimus,
1283 3484 1631 3559 explicemus.
1657 3492 1764 3547 Cur

179 3576 344 3642 Deus,
371 3575 427 3631 id
449 3586 556 3642 est,
588 3574 753 3631 Filius
775 3577 867 3631 Dei
891 3616 907 3641 ,
934 3574 1096 3632 homo
1126 3592 1312 3647 passus
1332 3587 1417 3634 est
1448 3579 1584 3646 ﬁeri,
1613 3581 1761 3636 brevi

178 3684 243 3725 ac
282 3684 417 3724 vera
468 3668 652 3739 pietati
694 3677 887 3724 vestrae
936 3670 1147 3725 ratione
1175 3670 1581 3728 monstrabitur.
1631 3670 1762 3727 Cum

180 3759 463 3816 hominem
489 3761 747 3830 primum,
771 3759 823 3815 id
850 3770 952 3830 est,
983 3760 1175 3827 Adam,
1206 3763 1271 3818 ad
1300 3763 1584 3835 imaginem
1614 3779 1763 3820 suam

177 3851 328 3907 Deus
360 3849 569 3906 faceret
593 3848 758 3922 (Gen.
789 3866 859 3919 ιι,
889 3852 1003 3922 27),
1061 3863 1261 3909 certam
1289 3854 1366 3908 illi
1395 3855 1764 3910 mandatorum

179 3942 331 3999 dedit
358 3941 560 4012 legem.
584 3940 634 3997 ls
650 3956 747 4012 per
765 3940 1045 4009 feminam,
1078 3943 1130 3997 id
1162 3954 1265 4009 cst,
1294 3943 1460 3998 Evam
1487 3945 1762 4014 deceptus,

178 4037 388 4094 diaboli
413 4037 882 4109 persuasionibus,
909 4039 1185 4109 promissa:
1207 4039 1307 4093 sibi
1328 4039 1514 4109 gloriae
1538 4040 1768 4108 perdidit

178 4130 534 4204 dignitatem.
554 4130 782 4202 Lignum
810 4140 926 4186 erat
954 4131 1007 4184 iu
1039 4129 1290 4199 paradiso
1325 4127 1369 4194 ί,
1408 4144 1514 4199 quo
1542 4131 1766 4200 promis-

179 4236 368 4280 sorum
411 4241 443 4276 ιι
475 4222 589 4278 Deo
639 4223 980 4293 praemiorum
1009 4220 1243 4290 perdidit
1280 4222 1530 4292 gratiam.
1562 4224 1639 4280 De
1660 4226 1767 4281 vir-

178 4315 318 4383 ginis
368 4323 536 4370 terra:
562 4312 691 4368 limo
713 4313 875 4368 homo
891 4310 1063 4366 factus
1086 4320 1205 4367 est:
1240 4315 1474 4369 nondum
1505 4317 1647 4371 enim
1672 4359 1686 4383 ,
1711 4327 1768 4374 ut

178 4407 252 4461 ait
277 4407 604 4474 Scriptura,
647 4418 806 4473 supra
841 4415 1035 4459 terram
1064 4405 1292 4474 pluerat.
1324 4407 1421 4464 Hic
1442 4412 1768 4481 contemptis

180 4496 460 4550 mandatis
497 4494 624 4560 Dei,
657 4494 950 4550 humanum
995 4511 1161 4566 genus
1192 4500 1530 4556 mortalitatis
1564 4502 1766 4573 laqueis

181 4584 393 4641 amisit.
431 4584 733 4656 Oportebat
755 4584 858 4643 hoc
889 4596 1057 4644 totum
1085 4597 1138 4645 et
1162 4589 1447 4648 reformari
1471 4603 1525 4650 et
1546 4596 1765 4667 corrigi,

181 4686 235 4733 et
260 4676 590 4733 reformatio
631 4677 852 4747 originis
891 4678 1077 4736 debuit
1113 4680 1416 4740 reformare
1458 4687 1767 4756 primordia.

254 4812 282 4842 ⁸
309 4812 1035 4891 Plern'mque_conc_init_cum
1058 4813 1327 4891 Cypriane
1349 4819 1566 4875 Testim.
1591 4822 1682 4878 lib.
1705 4839 1766 4891 ιι,
1794 4829 1845 4890 D

185 4897 421 4952 excepto
453 4880 613 4935 Vera.
644 4881 699 4944 3,
733 4883 842 4952 rubi
890 4884 979 4940 hic
1006 4880 1165 4941 habet
1212 4882 1495 4945 lectionem
1543 4880 1767 4951 Sabatia;

186 4951 395 5008 tinuum
426 4971 446 5006 :
472 4952 529 4999 in
560 4951 911 5015 splendoribus
937 4966 1244 5012 sanctorum.

255 5026 280 5062 ιι
324 5024 604 5078 Exciucrc
634 5026 875 5090 paucula.

260 5106 281 5133 c
326 5094 483 5171 che
513 5094 828 5171 consulentiti
851 5103 989 5171 sunt.
1022 5096 1393 5171 Commentior
1420 5117 1513 5171 pro
1541 5106 1771 5161 mentior

190 5160 611 5242 occurrit_a_pttd
640 5160 923 5242 Apuleium
952 5167 1106 5242 Apol.
1129 5184 1189 5242 p.
1224 5171 1346 5225 5M.
1381 5160 1601 5242 Lignum
1630 5190 1659 5227 a
1688 5160 1772 5231 me

192 5244 299 5291 toto
321 5234 840 5304 oppidoqumsitum
866 5250 968 5287 non
1000 5234 1165 5303 piguit
1193 5254 1286 5295 vos
1306 5234 1659 5299 commentiri.

254 5305 283 5344 ά
321 5302 382 5362 In
402 5302 747 5359 editionibtts
768 5303 959 5373 legitur
976 5306 1172 5361 adlttec.

262 5390 283 5417 ο
324 5378 593 5452 Lactant.
613 5387 682 5452 ιι..
716 5374 742 5438 1
769 5414 782 5435 ,
814 5375 1054 5452 audiendi
1095 5379 1389 5447 patientiam
1419 5384 1774 5452 commodare;

195 5448 410 5521 elapud
443 5442 752 5521 Arttobium
778 5483 792 5509 ,
823 5442 1141 5500 commodare
1179 5465 1346 5512 aures,
1391 5468 1436 5515 t,
1481 5453 1513 5507 6
1539 5494 1553 5518 ,
1584 5469 1657 5516 tv,
1681 5442 1779 5521 35;

195 5512 450 5587 "1,-5.3,
486 5512 819 5588 cotttmodare
868 5529 1161 5588 assensum,
1218 5534 1270 5583 ι,
1314 5512 1549 5588 Μίνω,
1596 5512 1784 5580 25.4

1858 3216 2058 3287 itaque,
2113 3216 2457 3272 sacratissimi
2511 3217 2895 3288 imperatores,
2937 3218 3167 3275 curiosis
3208 3218 3428 3277 auribus

1859 3306 2467 3378 satisfecimus,reliqua
2493 3322 2905 3380 prosequamur,
2939 3318 2996 3365 ut
3024 3309 3108 3364 vel
3138 3311 3218 3366 sic
3257 3312 3428 3381 pollu-

1859 3405 2035 3452 tarum
2051 3398 2256 3452 aurium
2278 3396 2465 3454 sordes
2481 3396 2773 3468 puriﬁcans
2787 3398 2957 3467 possit
2974 3414 3156 3454 sermo
3176 3415 3424 3471 purgare.

2403 3486 2630 3543 CAPUT
2676 3486 2883 3543 xxvn.
3255 3484 3283 3569 ρ
3477 3558 3482 3567 ἱ

1864 3582 2112 3638 Ultimum
2142 3580 2533 3635 Mitltriacorum
2559 3579 2821 3633 initiorunt
2866 3579 3155 3651 symbolum
3180 3623 3195 3649 ,
3227 3589 3428 3661 Ταῦρος

1931 3672 2220 3749 δράκοντος,
2237 3673 2321 3729 καὶ
2334 3668 2531 3748 dputva
2549 3671 2736 3747 ταῦρον
2752 3674 2945 3746 πατὴρ.
2964 3671 3194 3740 exponit.
3205 3670 3429 3742 Serpen-

1936 3767 2000 3821 tis
2028 3765 2284 3840 meminit,
2319 3762 2763 3834 Protoplastornm
2801 3762 3117 3831 seductoris,
3142 3765 3434 3835 funestique

1935 3859 2043 3928 ejus
2069 3858 2254 3922 cultus,
2285 3855 2658 3926 draconemque
2684 3870 2743 3909 eo
2760 3855 2842 3909 die
2856 3870 3153 3925 percussum
3171 3852 3299 3926 esse,
3326 3873 3429 3929 quo

1934 3945 2166 4001 Christus
2191 3944 2514 4016 apparuerit.

1934 4033 2183 4103 Sequitur
2213 4032 2389 4086 adhuc
2415 4029 2559 4085 aliud
2583 4029 2885 4100 symbolum
2931 4026 2974 4098 ί,
3002 4030 3144 4101 quod
3189 4048 3286 4103 pro
3316 4049 3431 4090 ma.

1861 4138 1967 4197 gno
1999 4123 2317 4179 miserorum
2346 4122 2624 4177 hominum
2651 4120 2889 4175 credulis
2918 4121 3139 4178 auribus
3184 4126 3431 4185 traditur:

1864 4226 2058 4295 Ταῦρος
2084 4216 2382 4294 δράκοντος,
2427 4218 2512 4271 καὶ
2535 4212 2738 4291 δράκων
2776 4215 2972 4291 ταύρου
3017 4222 3188 4294 πατήρ
3224 4218 3271 4274 i.
3319 4222 3434 4277 Ali-

1862 4310 2075 4384 quando
2105 4310 2256 4366 nobis
2284 4307 2455 4379 signa,
2486 4306 2723 4373 diabole,
2752 4306 3005 4363 maculati
3053 4311 3283 4367 nominis
3309 4328 3434 4383 pro-

1864 4404 2044 4461 didisti
2063 4446 2078 4473 ,
2106 4401 2388 4475 aliquando
2428 4399 2627 4457 infame
2653 4416 2849 4457 nomen
2877 4403 3094 4473 prepria
3142 4420 3274 4464 voce
3302 4423 3433 4465 con-

1872 4500 2045 4556 fessus
2075 4516 2151 4555 es.
2186 4496 2312 4555 Scio
2339 4494 2431 4568 qui
2455 4493 2643 4563 fueris,
2669 4494 2797 4565 quid
2839 4510 3003 4551 ausus
3046 4496 3140 4563 sis,
3173 4500 3285 4563 scio
3307 4503 3437 4572 quid

1870 4593 2061 4649 fecerit
2108 4593 2371 4649 scelerum
2417 4599 2628 4644 tuorum
2677 4586 2946 4641 malitiosa
2986 4590 3285 4656 persuasio.
3327 4594 3440 4650 Hoc

1874 4697 2020 4755 erat,
2079 4684 2217 4758 quod
2277 4683 2433 4748 Evae,
2466 4694 2587 4734 cum
2630 4694 2748 4734 eam
2794 4677 3069 4749 perderes,
3115 4696 3436 4756 magnopere

1943 4831 1966 4869 κ
2008 4822 2250 4877 Mortem.

1942 4890 1971 4928 ιι
2011 4889 2251 4963 Arnob._t
2270 4927 2283 4950 ,
2325 4884 2431 4963 60_:
2460 4883 2739 4963 desumpsit
2766 4883 2921 4955 igitur
2946 4885 3162 4963 hominis
3192 4895 3431 4963 formam,

1873 4974 1920 5020 et
1949 4962 2041 5017 sub
2069 4959 2225 5030 nostri
2245 4955 2439 5030 generis
2464 4952 2801 5030 similitudine
2818 4956 3091 5030 potentiam
3119 4952 3258 5014 suam
3286 4952 3434 5019 claui

1876 5035 1960 5098 sit,
1983 5041 2038 5084 ut
2060 5028 2217 5083 uideri
2244 5024 2410 5097 posset
2427 5032 2475 5077 et
2495 5024 2738 5093 conspici,
2760 5024 2909 5078 verba
2935 5029 3123 5094 laceret
3141 5040 3189 5084 et
3214 5032 3432 5102 doceret,
3490 5043 3497 5057 "

1876 5112 2021 5170 atque
2040 5114 2208 5153 mnnes
2237 5104 2948 5170 casequereturfesppropter
2972 5113 3096 5170 quas
3118 5104 3168 5153 in
3192 5104 3437 5159 mundum

1877 5163 2076 5229 uenerat
2102 5163 2380 5240 faciendas,
2422 5163 2760 5240 summiregis
2805 5165 3083 5240 insperioct
3109 5171 3435 5239 dispositione

1877 5234 2112 5299 servatis:
2158 5239 2399 5307 Lactant.
2457 5249 2545 5300 tv,
2603 5234 2693 5307 lli
2719 5242 2776 5288 et
2830 5234 2941 5307 l2;
2995 5234 3318 5307 Augustinus
3368 5246 3437 5301 de

1876 5315 1941 5369 C.
1976 5311 2031 5365 ι).
2065 5326 2097 5364 ιι
2119 5350 2134 5375 ,
2161 5306 2259 5372 29;
2301 5306 2499 5375 aliique
2526 5318 2611 5375 ap.
2638 5303 3000 5359 Elmenhorst.
3066 5303 3333 5367 (ihservat.
3380 5313 3433 5371 ln

1880 5374 2169 5440 Arnobium
2203 5394 2254 5447 p.
2289 5375 2378 5447 56.
2402 5374 2856 5447 Confer._quoque
2884 5387 2933 5427 c.
2963 5374 3055 5429 ‘25.

1962 5452 1976 5490 ί
2019 5450 2095 5505 Ex
2121 5443 2392 5519 my’steriis
2426 5443 2686 5519 Sghaziis.

1961 5528 1973 5573 ι
2022 5513 2193 5578 Clem:
2252 5519 2403 5571 Alex.
2454 5514 2757 5581 Proptrept.
2816 5513 2967 5588 c.‘2,
3004 5516 3441 5588 ν.15;ψησίτις

202 5583 543 5649 Sanctarum.
613 5583 969 5657 Sacratissimi
1029 5602 1241 5657 quoque
1284 5589 1351 5643 ab
1405 5583 1549 5647 illius
1616 5600 1753 5653 tutati

1888 5598 2097 5654 ποιητὴς
2122 5588 2393 5649 εἰδωλικὸς,
2440 5590 2628 5657 τᾳῦρος
2646 5588 2843 5657 ⁸πατὴρ
2873 5583 3138 5657 δράκοντος
3171 5594 3254 5643 καὶ
3273 5603 3409 5656 πατή

205 5660 575 5734 scriptoribus
600 5655 1253 5734 vocantur’imperatores.

282 5722 529 5791 {Arbor
562 5723 825 5781 scientiae.
854 5722 1047 5783 Cenes.
1076 5742 1165 5797 tn,
1197 5728 1247 5782 ὅ.

1891 5650 2306 5726 iet-spasmos.
2325 5656 2523 5711 Arnob.
2543 5650 2608 5726 '_v,
2752 5650 3014 5726 Augurem
3039 5659 3219 5726 ntiquis
3242 5650 3445 5721 desidet

2154 5712 2189 5797 Ἴ
2214 5712 2325 5784 tum
2352 5727 2495 5781 illum
2522 5712 2785 5776 citabimus
2816 5712 3137 5781 Tarentinum
3186 5712 3449 5806 notumque
