3936 6436
123 452 246 512 1011

1028 450 1117 507 DE
1154 448 1435 509 EBRORE
1472 451 1940 513 PROFANARUM
1978 455 2418 515 RELIGIONUM.

3204 462 3343 521 1042

120 567 184 622 de
231 560 555 633 segminibus
581 572 608 601 κ
654 561 852 618 factum
886 563 1085 619 idolum
1134 564 1364 621 Osiridis
1393 567 1672 636 sepelitur.
1702 568 1757 629 Α
1779 569 2009 625 Abraha:
2036 572 2380 627 immolaturo
2410 571 2575 628 filium
2602 573 2754 643 jussu
2800 576 2894 631 Dei
2921 577 3063 632 aries
3092 578 3352 648 supponi-

120 658 173 713 In
198 656 530 725 Proserpinae
572 658 745 747 sacris
783 672 920 713 caesa
948 659 1109 713 arbor
1159 659 1211 713 in
1252 658 1484 729 effigiem
1521 660 1683 755 virgi-

118 750 197 805 nis
216 747 548 817 formamque
573 740 915 818 eomponitur
942 748 995 814 ιι,
1025 758 1077 803 et
1104 764 1225 804 cum
1248 750 1389 804 intra
1406 740 1680 806 civita'tem

116 838 267 895 fuerit
296 837 436 892 illata
456 878 472 903 ,
507 837 859 909 quadraginta
916 839 1165 895 noctibus
1196 840 1501 910 plangitur,
1548 854 1681 908 qua-

117 928 399 999 dragesima
450 942 586 985 vero
611 940 771 985 nocte
814 931 1168 985 comburitur.
1220 930 1327 985 Sed
1374 939 1430 985 et
1459 930 1547 984 illa
1576 930 1679 985 alia

114 1027 267 1098 ligna,
321 1042 439 1096 qua:
485 1025 631 1093 dixi,
686 1028 879 1083 similis
940 1027 1151 1080 ﬂamma
1205 1026 1505 1093 consumit;
1556 1026 1677 1081 nant

114 1119 263 1174 etiam
294 1124 411 1184 post
436 1131 639 1172 annum
661 1118 897 1187 ipsorum
928 1117 1193 1186 lignorum
1222 1131 1411 1186 rogum
1462 1116 1675 1171 ﬂamma

113 1209 400 1279 depascitur
430 1218 477 1261 ο.
511 1208 716 1263 Errasti
736 1208 935 1271 miser,
981 1218 1034 1261 et
1063 1207 1408 1262 vehementer
1460 1208 1675 1272 errasti,

114 1291 237 1354 nihil
282 1297 379 1353 tibi
428 1298 634 1368 poterit
661 1296 797 1367 ignis
852 1297 952 1352 iste
998 1296 1271 1365 prodesse,
1336 1296 1532 1350 frustra
1584 1296 1677 1351 tibi

110 1406 167 1447 ex
216 1392 313 1447 ista
356 1389 572 1445 ﬂamma
632 1388 927 1451 blandiris.
980 1389 1122 1443 hunc
1172 1389 1347 1459 ignem
1402 1402 1677 1443 commen-

110 1483 170 1538 tis
206 1480 307 1535 tuis
354 1494 576 1551 semper
621 1493 914 1535 renovans.
988 1479 1167 1549 Ignis,
1217 1480 1306 1548 qui
1356 1478 1424 1533 de
1483 1477 1679 1532 facino-

108 1572 244 1627 ribus
310 1571 415 1626 tuis
492 1569 666 1641 exigit
745 1585 974 1641 pennas,
1054 1581 1310 1640 perpetua
1378 1578 1677 1625 tormento-

106 1677 213 1719 rum
247 1661 655 1718 continuatione
683 1670 978 1732 grassatur.
1044 1660 1220 1716 Divini
1290 1675 1353 1716 ac
1399 1660 1697 1716 liberautis.

101 1752 223 1823 ligni
247 1751 491 1809 ordinem
514 1753 671 1808 disce
688 1794 703 1819 ,
734 1763 790 1808 ut
814 1753 956 1808 scias
979 1753 1124 1807 nulla
1155 1751 1249 1807 tibi
1279 1767 1438 1823 posse
1460 1751 1673 1808 ratione

104 1846 353 1900 succurri.
384 1845 465 1900 De
485 1845 813 1915 cataclysmo
841 1844 1132 1899 humanum
1155 1858 1325 1915 genus
1348 1858 1472 1899 arca
1499 1844 1672 1914 lignea

1784 669 1890 728 tur,
1936 672 1991 718 et
2028 663 2082 717 in
2134 664 2327 718 vicinze
2354 664 2562 719 arboris
2611 664 2882 720 radicibus
2924 666 3171 738 alligatur
3198 668 3351 741 (Cen.

1782 766 1942 819 χιιι,
1975 754 2084 824 15).
2115 753 2464 811 Liberaturus
2496 755 2635 810 Deus
2674 771 2913 811 summus
2959 772 3026 812 ex
3067 757 3353 830 Egyptia-

1781 860 1899 899 rum
1942 845 2223 916 tyrannide
2255 845 2462 916 plebem
2514 860 2687 913 suam,
2738 847 2961 902 arietem
3008 858 3165 902 nocte
3191 849 3355 917 jussit

1781 935 1951 989 occidi
1975 978 1990 1003 ,
2020 944 2075 991 et
2098 940 2357 1008 sanguine
2382 937 2501 1006 ejus
2524 947 2706 1008 postes
2735 938 2879 993 liniri
2906 940 3180 1008 praecepit.
3215 949 3240 985 8
3270 940 3356 1009 lp-

1781 1041 1898 1083 sum
1924 1042 1955 1081 a
1981 1037 2135 1085 certo
2174 1044 2402 1085 numero
2427 1029 2703 1085 hominum
2735 1046 2827 1099 per
2850 1040 3137 1085 nocturnas
3166 1031 3354 1101 epulas

1780 1121 1971 1175 conﬂci
1997 1121 2179 1189 jubet,
2212 1129 2268 1177 et
2287 1122 2552 1178 sacrificio
2580 1122 2680 1193 ipsi
2711 1122 2929 1178 Paschae
2957 1138 3151 1178 nomen
3181 1124 3355 1193 impo-

1780 1210 1879 1264 nit.
1929 1209 2035 1264 Sed
2091 1204 2193 1266 hde
2249 1211 2315 1266 ad
2354 1211 2642 1281 imaginem
2673 1211 2973 1267 futurorum
3017 1204 3349 1282 providentia

1780 1301 1979 1357 divina:
2033 1302 2330 1373 majestatis
2370 1304 2607 1368 invenit,
2660 1314 2720 1359 ut
2766 1320 2864 1375 per
2911 1306 3117 1375 signum
3163 1323 3345 1362 verum

1781 1393 1981 1448 Pascha
2019 1394 2171 1449 nobis
2192 1393 2524 1451 ostenderet.
2559 1394 2685 1453 ideo
2709 1410 2829 1451 cum
2872 1397 2939 1450 de
2970 1397 3215 1465 passione
3243 1398 3348 1452 Dn-

1779 1484 1909 1537 mini
1938 1485 2104 1539 nostri
2141 1484 2322 1539 divino
2352 1484 2557 1556 Spiritu
2591 1486 2815 1555 jubente
2851 1487 3115 1557 Propheta
3146 1504 3349 1558 prteca—

1779 1584 1964 1643 neret,
2001 1576 2077 1629 ait
2106 1594 2118 1629 :
2149 1576 2293 1631 Sicut
2322 1578 2430 1632 ovis
2473 1578 2542 1631 ad
2581 1578 2834 1632 victimam
2859 1579 3039 1632 ductus
3061 1590 3133 1633 est
3156 1622 3169 1643 ,
3218 1582 3348 1633 sicut

1778 1683 1939 1738 agnus
1968 1683 2140 1722 coram
2163 1667 2404 1723 tondente
2426 1685 2503 1736 se,
2531 1671 2607 1724 sic
2634 1686 2733 1724 non
2762 1671 2960 1739 aperuit
2993 1687 3047 1725 os
3076 1688 3245 1725 suum.
3284 1670 3347 1723 In

1778 1760 2065 1814 humilitate
2084 1760 2339 1829 judicium
2379 1762 2427 1816 ei
2453 1760 2707 1815 sublatum
2750 1771 2841 1816 est.
2874 1759 3205 1817 Nativitatem
3240 1764 3350 1830 eius

1777 1852 1889 1916 quis
1918 1852 2211 1904 enarravit?
2231 1853 2473 1919 quoniam
2512 1850 2776 1920 auferetur
2802 1870 2833 1905 a
2860 1860 2993 1905 terra
3022 1853 3124 1906 vita
3154 1856 3264 1924 ejus
3299 1851 3343 1906 ίι.

103 1938 339 1993 liberavit
391 1938 548 2007 (Gen.
606 1955 705 2003 vn,
754 1938 891 2010 vni).
949 1938 1151 1993 Deinde
1205 1936 1472 1991 Abraham
1530 1938 1669 2005 ligna
1702 1945 1748 2004 Β
1780 1940 1949 2011 (Esai.
1973 1957 2097 2007 Litt,
2139 1942 2190 2007 7,
2225 1942 2303 2012 8).
2332 1944 2487 1999 Alius
2516 1945 2679 1999 etiam
2722 1944 2981 2013 propheta
3014 1945 3129 1999 haec
3154 1946 3345 1999 eadem

102 2022 234 2085 unici
266 2031 355 2086 lilii
388 2030 631 2087 humeris
662 2032 889 2101 imponit
912 2030 1065 2100 (Gen.
1099 2046 1212 2085 nn
1237 2028 1311 2101 6).
1346 2029 1421 2084 De
1442 2027 1671 2099 [Egypto

98 2122 431 2178 recedentem
466 2123 723 2193 populum
757 2124 849 2177 Dei
895 2124 1105 2193 plebem
1137 2124 1311 2193 lignea
1356 2122 1505 2192 virga
1544 2136 1667 2190 pro-

102 2216 223 2269 texit
249 2213 447 2285 (Exod,
478 2231 591 2281 xw,
640 2216 734 2279 21,
762 2216 878 2287 26).
910 2216 1135 2285 Lignum
1166 2216 1376 2271 dulcem
1421 2229 1670 2284 saporem

98 2320 288 2362 amara:
332 2308 570 2378 myrrhas
605 2307 847 2363 fontibus
895 2308 1127 2363 reddidit
1166 2306 1361 2379 (Exod.
1413 2324 1502 2375 xv,
1554 2306 1669 2377 25).

98 2393 289 2466 Lignea
319 2396 470 2467 virga
499 2413 564 2451 ex
612 2397 875 2466 Spirituali
906 2407 1054 2467 petra
1083 2397 1338 2451 salutaris
1366 2396 1509 2451 unda
1542 2411 1669 2465 pro-

98 2488 257 2542 fertur
285 2486 487 2558 (Exod.
523 2504 658 2555 xvtt,
688 2488 797 2553 6;]
836 2488 954 2543 Cor.
980 2505 1033 2553 χ,
1065 2487 1141 2558 4).
1176 2488 1278 2553 Ει,
1314 2498 1369 2541 ιιι
1414 2488 1667 2543 Amalech

96 2578 417 2643 vinceretur,
453 2579 596 2633 eirea
624 2578 827 2647 virgam
874 2578 1081 2647 Moyses
1121 2578 1371 2645 expansis
1419 2577 1669 2633 manibus

98 2668 399 2722 extenditur
454 2665 483 2705 (ι
520 2666 718 2736 (Exod.
764 2684 913 2734 xvu,
966 2668 1200 2738 11,12).
1252 2667 1425 2723 Scalae
1477 2670 1667 2738 lignea:

100 2760 394 2827 patriarcha
445 2760 848 2815 incumbentem
877 2760 1125 2830 angelum
1176 2760 1446 2829 sonmiat,
1491 2770 1544 2814 et
1575 2776 1667 2828 per

98 2855 329 2911 eamdem
363 2856 503 2911 alios
550 2856 879 2921 ascendere,
910 2855 1047 2909 alios
1077 2853 1249 2907 cernit
1278 2852 1608 2907 descendere
1642 2864 1664 2890 ο

99 2946 216 3003 Gen.
244 2963 447 3014 xsvm,
481 2946 591 3019 12).
634 2923 808 3002 Ειίω
859 2946 951 3000 Dei
995 2959 1135 2999 arca:
1183 2944 1374 3014 ligneae
1429 2944 1667 2998 creditur

98 3038 285 3106 (Exod.
317 3056 405 3108 ιι,
434 3039 554 3109 20).
586 3048 643 3095 ut
685 3039 769 3095 his
797 3039 1067 3101 omnibus,
1120 3038 1272 3108 quasi
1330 3052 1422 3106 per
1473 3037 1667 3107 gradus

98 3132 372 3201 quosdam,
400 3131 470 3188 ad
491 3132 693 3203 lignum
722 3129 899 3187 crucis
927 3130 1074 3184 salus
1112 3128 1388 3183 hominum
1423 3128 1669 3199 perveni-

100 3231 193 3277 ret.
224 3221 567 3296 Quapropter
590 3224 793 3296 lignum
816 3222 994 3279 erucis
1038 3222 1161 3278 caali
1187 3223 1417 3276 sustinet
1465 3222 1667 3278 machi-

1773 2030 1935 2085 simili
1961 2031 2240 2101 respondit
2268 2032 2486 2086 oraculo
2517 2050 2529 2084 :
2579 2031 2821 2098 Domine,
2844 2034 3079 2103 signiﬁca
3104 2034 3231 2087 mihi
3254 2074 3269 2099 ,
3300 2045 3350 2087 et

1772 2138 2110 2194 c0gnoscam;
2138 2132 2258 2176 tunc
2300 2123 2404 2177 vidi
2446 2123 2794 2177 meditationes
2838 2139 3031 2178 eorum.
3079 2122 3190 2196 Ego
3216 2124 3348 2177 sicut

1770 2230 1931 2284 agnus
1958 2214 2066 2267 sine
2092 2214 2292 2269 malitia
2320 2215 2594 2284 perductus
2620 2231 2733 2268 sum
2763 2216 2828 2269 ad
2854 2216 3126 2269 victimam.
3158 2213 3221 2267 In
3265 2231 3345 2267 me

1770 2306 2116 2377 cegitauerunt
2154 2308 2430 2377 cogitatum
2475 2306 2693 2359 dicentes
2749 2322 2761 2358 ε
2831 2304 3006 2359 Venite
3040 2322 3058 2359 :
3088 2307 3347 2359 mittamus

1769 2396 1960 2466 lignum
1980 2397 2031 2449 in
2059 2412 2244 2465 panem
2266 2403 2396 2467 ejus,
2419 2408 2467 2451 et
2495 2399 2766 2451 eradamus
2793 2416 2824 2451 a
2845 2408 2978 2451 terra
3006 2398 3160 2450 vitam
3189 2401 3300 2466 ejus
3323 2398 3335 2433 ί

1771 2486 2011 2556 (Jerem.
2065 2502 2229 2552 xvm,
2284 2491 2388 2554 18,
2438 2489 2558 2560 19).
2610 2491 2818 2558 Agnutn
2856 2498 3033 2542 autem
3082 2489 3341 2557 appellari

1768 2578 2055 2632 Dominum
2080 2586 2359 2645 nostrum,
2388 2590 2573 2634 sancta
2624 2579 2780 2634 nobis
2808 2578 3134 2633 revelatione
3163 2593 3343 2632 mons-

1770 2678 1960 2723 tratur.
1996 2667 2051 2722 ln
2082 2668 2405 2738 Apocalypsi
2446 2669 2590 2723 enim
2619 2669 2690 2723 ita
2722 2669 3029 2724 invenimus
3063 2684 3181 2723 esse
3217 2684 3341 2738 per--

1767 2759 2024 2827 scriptum
2046 2775 2060 2812 :
2084 2757 2150 2811 Et
2170 2760 2273 2812 vidi
2293 2760 2344 2812 in
2360 2760 2528 2812 medio
2555 2758 2722 2813 throni
2736 2768 2780 2811 et
2800 2768 3019 2828 quatuor
3040 2760 3339 2813 animalium

1766 2860 1811 2903 et
1842 2850 1895 2902 in
1924 2850 2090 2903 medio
2139 2852 2396 2903 seniorum
2421 2868 2610 2921 agnum
2636 2860 2870 2917 stantem,
2916 2853 3064 2920 quasi
3091 2854 3336 2913 occisum,

1766 2942 2028 2995 habentem
2068 2958 2261 2995 cornua
2291 2952 2505 3011 septem,
2536 2951 2583 2995 et
2628 2943 2804 2996 oculos
2829 2952 3019 3014 septem
3039 2984 3054 3009 ,
3102 2946 3189 3012 qui
3217 2954 3335 2997 sunt

1766 3045 1955 3107 septem
1974 3036 2186 3106 spiritus
2212 3035 2307 3089 Dei
2351 3036 2496 3089 missi
2536 3051 2626 3105 per
2650 3035 2816 3089 orbem
2849 3046 3016 3089 terrae.
3046 3035 3109 3089 Et
3134 3036 3266 3089 uenit
3295 3045 3341 3087 et

1770 3129 1958 3196 accepit
1988 3128 2178 3182 librum
2214 3127 2277 3181 de
2308 3128 2491 3195 degctra
2538 3128 2759 3182 sedentis
2788 3127 2840 3181 in
2880 3128 3083 3182 throno.
3130 3126 3197 3180 Et
3224 3142 3339 3180 cum

1768 3221 2045 3287 accepisset
2084 3220 2292 3285 librum,
2318 3229 2543 3285 quatuor
2568 3219 2815 3273 animalia
2840 3229 2887 3275 et
2916 3220 3094 3288 viginti
3124 3226 3339 3286 quatuor

98 3327 235 3382 nam,
258 3325 420 3372 terra:
461 3314 806 3371 fundamenta
838 3301 1155 3369 corroborat
1174 3353 1188 3371 .
1217 3311 1409 3366 affixas
1443 3311 1545 3366 sibi
1572 3311 1665 3365 ho-
1693 3300 1737 3362 C
1769 3312 1993 3366 seniores
2020 3318 2402 3380 prostraverunt
2436 3326 2493 3365 se
2515 3319 2633 3363 ante
2655 3324 2863 3379 agnum,
2888 3309 3123 3363 habentes
3150 3309 3341 3377 singuli

100 3407 262 3463 mines
298 3408 454 3464 ducit
481 3408 547 3462 ad
574 3410 757 3462 vitam.
792 3407 1017 3476 Lignum
1048 3405 1244 3459 diaboli
1275 3406 1428 3460 ardet
1453 3420 1668 3473 semper

99 3506 148 3551 et
183 3497 431 3564 moritur,
456 3504 510 3552 et
533 3497 599 3552 ad
630 3498 735 3551 ima
763 3496 944 3551 tartari
972 3495 1253 3549 credentes
1281 3495 1524 3550 homines
1544 3511 1664 3549 cum

100 3585 281 3641 favillis
304 3588 419 3643 suis
446 3587 613 3643 ducit.
645 3586 780 3642 Illud
808 3587 969 3641 etiam
995 3585 1152 3654 quale
1181 3586 1246 3638 sit
1276 3586 1483 3640 ratione
1529 3594 1667 3641 trac-

97 3683 251 3733 tetur.
298 3679 566 3734 Arborem
596 3693 749 3733 suam
799 3676 1047 3732 diabolus
1087 3688 1436 3740 consecrans,
1471 3676 1665 3730 intem-

102 3779 240 3839 pesta
288 3780 446 3827 nocte
473 3771 699 3826 arietem
731 3771 782 3824 in
812 3782 967 3824 cassat
999 3767 1212 3821 arboris
1244 3765 1371 3820 facit
1398 3765 1668 3821 radicibus

98 3860 357 3918 immolari
394 3862 439 3917 τ.
469 3863 602 3933 Quis
631 3862 726 3917 tibi
755 3861 859 3916 hoc
889 3860 1152 3915 scelerate
1195 3859 1496 3928 persuasit?
1529 3859 1667 3916 unde

98 3951 196 4005 hoc
217 3955 469 4022 pestifera
494 3954 791 4025 cupiditate
822 3953 1059 4008 didicisti
1082 3952 1105 4005 ?
1134 3951 1432 4021 Semperne
1461 3960 1511 4004 te
1537 3965 1667 4004 cou—

98 4052 171 4099 tra
202 4046 488 4101 Dominum
520 4061 789 4101 summum
817 4045 1016 4100 nefaria
1037 4043 1330 4110 cupiditate
1352 4043 1671 4109 componis?

97 4134 213 4191 ideo
244 4145 295 4190 te
319 4136 391 4192 de
417 4139 559 4193 caelo
580 4152 828 4192 severum
853 4132 1148 4189 divinitatis
1172 4131 1436 4198 judicium
1470 4133 1668 4184 caduca

98 4226 392 4283 humilitate
427 4230 757 4298 prmeipitat,
784 4227 906 4279 ideo
938 4224 1028 4277 tibi
1064 4220 1152 4275 Dei
1180 4220 1444 4285 sententia
1479 4234 1670 4286 perpe-

97 4326 180 4372 tua
211 4335 367 4386 pinna
389 4319 725 4383 decernitur,
758 4314 898 4385 quod
930 4311 1254 4366 facinoribus
1286 4310 1390 4361 tuis
1431 4323 1526 4377 per
1554 4308 1670 4364 dies

96 4407 332 4478 singulos
373 4425 572 4464 novum
618 4420 832 4475 semper
862 4402 1078 4457 additur
1127 4400 1334 4455 facinus
1356 4440 1369 4464 ,
1402 4400 1541 4467 quod
1574 4398 1671 4454 ho-

98 4498 291 4552 minem
325 4499 424 4552 Dei
457 4496 796 4551 fraudulenta
824 4493 1040 4547 conaris
1084 4491 1432 4559 persuasione
1455 4489 1671 4559 decipe—

96 4602 166 4640 re.
230 4589 363 4643 Vide
418 4588 546 4659 quid
604 4588 705 4641 sibi
752 4586 1077 4641 ludibriosus
1147 4584 1315 4638 hostis
1383 4584 1669 4641 invenerit.

96 4701 280 4759 Nescio
327 4719 395 4757 an
448 4704 585 4757 alius
642 4701 891 4769 scriptor,
935 4699 1095 4769 hujus
1146 4700 1281 4754 ritus
1336 4696 1665 4753 mentionem
1695 4704 1745 4764 ι)

96 4770 265 4896 [τιείἰὲ
321 4775 460 4831 Vide
503 4784 679 4830 tamen
733 4771 1005 4827 Plutarch.
1055 4770 1122 4825 de
1164 4769 1305 4825 Iside
1350 4778 1407 4823 et
1450 4769 1668 4824 Osiride

96 4857 139 4896 c.
228 4862 282 4896 μ.
1360 4883 1364 4887 «

96 4857 139 4897 e.
189 4846 282 4897 42.
1360 4883 1364 4887 «

161 4924 183 4950 ⁸
238 4914 411 4969 Recte
481 4914 787 4971 emendavit
852 4911 1136 4966 Wowerus
1192 4911 1476 4966 lectionem
1536 4910 1667 4965 edit.

98 4985 346 5053 principis
376 4985 487 5040 illis
516 4986 580 5039 de
603 4986 896 5040 seminibus.
943 4982 1073 5037 Vide
1124 4980 1394 5036 Plutarch.
1435 4980 1502 5035 de
1532 4980 1670 5036 Iside

96 5064 146 5107 et
169 5054 383 5110 Osiride
407 5069 460 5109 c.
507 5056 599 5109 21.

159 5123 186 5162 δ
231 5125 435 5181 Nescio
463 5140 530 5180 an
561 5126 699 5179 alius
750 5133 935 5177 auctor
971 5122 1130 5181 huius
1169 5125 1302 5177 ritus
1342 5122 1667 5175 mentionem

98 5194 268 5263 faciat.
330 5195 508 5251 Video
561 5196 776 5263 quidem
828 5192 1395 5263 Santa-Crueium,1,_
1436 5205 1489 5260 p.
1546 5192 1673 5257 157,

98 5262 375 5320 Tatianum
405 5281 457 5321 e.
514 5260 589 5320 16'
629 5264 880 5333 allegare,
921 5265 1009 5330 qui
1041 5277 1172 5333 vero
1218 5262 1284 5317 de
1332 5260 1482 5333 Rhea
1530 5263 1675 5333 agit;

100 5344 249 5405 atque
285 5336 519 5391 Arnobii
555 5336 715 5405 locos
730 5331 849 5405 mox
878 5333 1069 5405 citatos
1117 5332 1184 5387 de
1217 5333 1382 5405 Matre
1410 5331 1567 5386 deum
1600 5332 1679 5385 lo-

100 5402 338 5474 quentes.
374 5405 494 5473 Qua
523 5405 589 5459 de
616 5420 673 5458 re
698 5404 957 5474 Silveste‘r
985 5402 1189 5474 Sacyus
1216 5403 1443 5474 lectores
1469 5411 1680 5474 quoque

102 5469 682 5531 admonethaudare
730 5488 861 5526 sane
918 5469 1339 5527 SantalCrueius
1402 5469 1677 5527 debuisset

102 5545 432 5610 Firmieum,
485 5545 738 5607 unicum,
787 5553 844 5610 ut
880 5542 1120 5605 videtur,
1151 5541 1309 5608 hujus
1358 5541 1682 5603 narrationis

103 5620 322 5673 fontem.
367 5614 606 5671 Paucula
629 5612 780 5670 aﬂ’ert
800 5609 1122 5668 Creuzerus.
1154 5627 1225 5673 I\',
1252 5610 1377 5665 455.

170 5699 192 5727 α
238 5686 441 5757 Itaque,
478 5684 728 5757 absoluto
752 5695 923 5747 anno,
944 5696 1074 5757 cum
1103 5681 1223 5735 testi
1275 5679 1392 5757 dies
1416 5679 1681 5748 redirent,

106 5761 200 5829 tria
238 5749 745 5829 haesimulacraa
773 5749 1141 5808 sacerdotibus
1176 5749 1602 5829 cremabantur,

168 5817 304 5889 “De
332 5817 490 5889 virga
521 5825 595 5881 nil
624 5824 786 5881 habet
813 5835 969 5877 sacer
994 5829 1174 5877 textus
1192 5855 1208 5886 ,
1243 5818 1417 5889 neduc
1445 5817 1679 5889 inter'pp.

104 5886 291 5958 Latini.

1770 3421 1951 3480 aureas
1996 3400 2225 3458 citharas
2272 3404 2450 3472 plenas
2478 3403 2825 3457 odoramentis
2873 3404 3340 3474 supplicationum,

1768 3510 1881 3565 qua:
1910 3504 2055 3548 erant
2084 3495 2341 3548 orationes
2384 3503 2699 3559 sanctorum,
2730 3503 2775 3547 et
2802 3503 3127 3547 cantaverunt
3154 3508 3338 3547 novum

1769 3585 2027 3639 canticum
2054 3584 2275 3637 dicentes
2304 3599 2322 3637 :
2354 3582 2554 3654 Dignus
2576 3600 2626 3637 es
2656 3584 2886 3653 accipere
2914 3583 3119 3649 librum,
3149 3594 3193 3637 et
3220 3599 3342 3653 apc—
3368 3569 3382 3581 ’

1769 3676 1871 3729 rire
1910 3677 2059 3746 signa
2101 3678 2234 3747 ejus,
2262 3674 2502 3743 quoniam
2531 3673 2727 3725 occisus
2767 3688 2849 3735 es,
2881 3681 2928 3725 et
2949 3673 3206 3725 redemisti
3249 3687 3342 3724 nos

1770 3762 1881 3818 Deo
1911 3764 2164 3834 sanguine
2197 3774 2283 3816 tuo
2314 3779 2377 3816 ea:
2403 3762 2543 3815 omni
2569 3760 2705 3814 tribu
2732 3772 2780 3814 et
2807 3762 2982 3830 lingua
3002 3770 3047 3813 et
3076 3762 3265 3831 populo
3295 3771 3342 3815 et

1772 3860 1975 3913 natione
1995 3899 2009 3924 ,
2034 3868 2077 3911 et
2104 3873 2196 3911 nos
2217 3872 2431 3929 regnum
2456 3854 2564 3910 Deo
2594 3863 2766 3908 nostro
2793 3853 3173 3923 sacerdotesque
3194 3853 3346 3923 fecis-

1772 3952 1844 4015 ti,
1897 3958 1943 4003 et
1990 3947 2317 4021 'regnabimus
2364 3962 2517 4017 super
2557 3955 2743 3999 terram
2774 3944 2818 3998 i.
2865 3943 3104 3998 Joannes
3132 3957 3341 4011 quaque

1772 4043 1961 4096 Filium
1989 4042 2083 4095 Dei
2115 4042 2238 4109 agni
2258 4042 2477 4094 nomine
2507 4034 2767 4106 appellat,
2801 4046 2857 4089 ut
2883 4046 2938 4089 et.
2967 4036 3080 4104 ipse
3108 4035 3344 4103 prophe-

1774 4131 1892 4184 tieze
1927 4129 2303 4198 pollicitationi
2334 4118 2699 4196 respondeat;
2728 4126 2803 4178 ait
2829 4126 2969 4179 enim
3016 4124 3068 4177 in
3096 4124 3343 4194 Evangeo

1773 4222 1846 4276 lio
1871 4238 1884 4274 :
1910 4222 2086 4275 Altero
2114 4220 2197 4272 die
2235 4218 2374 4273 uidet
2403 4215 2632 4272 Joannes
2675 4215 2857 4270 Iesum
2892 4216 3167 4269 uenientem
3195 4216 3261 4269 ad
3290 4233 3343 4270 se

1771 4322 1818 4369 et
1837 4314 1911 4367 ait
1936 4329 1955 4366 :
1984 4310 2117 4366 Ecce
2136 4327 2297 4381 agnus
2324 4310 2450 4373 Dei,
2483 4325 2596 4361 ecce
2614 4310 2703 4377 qui
2727 4309 2897 4377 aufert
2916 4315 3123 4377 peccata
3144 4308 3342 4359 mundi.

1772 4403 1953 4475 (1,35,
1981 4403 2121 4473 36H
2151 4402 2253 4456 Pro
2278 4401 2450 4456 salute
2500 4398 2776 4454 hominum
2826 4399 2946 4468 agni
2989 4396 3143 4451 istius
3183 4412 3345 4451 vene-

1774 4498 1975 4554 randus
1994 4498 2211 4567 sanguis
2228 4492 2539 4557 eﬂ‘unditur,
2561 4502 2619 4547 ut
2640 4498 2857 4547 sanctos
2891 4502 3018 4545 suos
3046 4487 3215 4544 Filius
3250 4488 3349 4544 Dei

1779 4574 2091 4662 profusione
2120 4587 2341 4659 pretiosi
2365 4585 2641 4656 sanguinis
2671 4583 2934 4639 redimat:
2956 4582 3119 4652 utqui
3147 4580 3350 4636 Christi

1847 4715 1870 4743 ο
1904 4706 1978 4761 De
1998 4705 2166 4777 lignea
2188 4702 2330 4758 scala
2362 4703 2422 4777 in_
2445 4699 2765 4777 somno_visa
2798 4712 2865 4777 ne
2886 4697 3109 4752 verbum
3131 4697 3347 4766 quidem

1780 4775 1941 4848 habet
1973 4768 2170 4848 Mdses,
2200 4787 2379 4848 neque
2398 4770 2603 4848 _in.terp_.
2639 4768 2833 4848 Latini.
2890 4836 2902 4848 .
3050 4837 3061 4847 υ

1854 4846 1873 4884 ί
1912 4848 1990 4901 De
2022 4836 2164 4915 pino'
2200 4836 2339 4896 haud
2380 4836 2860 4915 dubie'loquitur;
2890 4836 2943 4889 in
2973 4836 3168 4915 quibus
3215 4849 3347 4915 vero

1780 4904 2072 4987 mysteriis,
2127 4916 2335 4968 reticet.
2385 4908 2495 4963 Nec
2542 4904 2759 4962 aliunde
2806 4914 2964 4961 notus
2995 4906 3204 4961 videtur
3261 4904 3348 4959 hic

1778 4998 2111 5124 r'lgshgnum
2157 5049 2687 5122 paschalem(E:codi
2712 5063 2815 5113 xu,
2851 5047 2885 5100 4
2913 5044 3063 5169 wgf).

1850 5123 1879 5161 ιι
1902 5126 2096 5169 Parum
2119 5119 2303 5169 differt.
2330 5135 2359 5169 a
2388 5129 2536 5169 textu
2566 5119 2936 5169 Sabateriano.
3014 5131 3063 5169 et

1850 5123 1879 5161 ιι
1902 5113 2096 5178 Parum
2119 5113 2303 5175 diﬂ‘ert
2330 5135 2359 5174 a
2388 5113 2536 5175 texiu
2566 5119 2936 5175 Sabateriano.
2967 5113 3119 5169 vers.
3153 5113 3187 5169 8
3212 5126 3351 5167 con-

1782 5196 1934 5276 venit
1958 5194 2071 5276 fere
2100 5206 2220 5276 cum
2250 5187 2607 5276 (ΞξιιιξιτειεδιΓ
2640 5188 2736 5252 lib.
2770 5203 2827 5255 ιι,
2870 5199 3039 5254 usque
3081 5183 3148 5238 ad
3185 5184 3348 5240 verba

1780 5280 1898 5335 qua:
1922 5264 1975 5317 in
2006 5262 2273 5332 Cypriano
2292 5260 2692 5316 desiderantur.
2860 5294 2878 5322 .
3109 5324 3118 5334 '

1859 5334 1873 5371 ί
1910 5334 2071 5389 Plane
2100 5329 2377 5402 conspirat
2402 5345 2525 5385 cum
2552 5328 2807 5402 Cypriani
2829 5325 3060 5402 Testimn.
3089 5323 3225 5402 libro
3255 5337 3310 5379 ll.

1856 5406 1870 5454 i
1914 5402 2113 5458 Eadem
2160 5392 2400 5470 pauculis
2426 5392 2669 5470 excepii's
2694 5398 2857 5470 habet
2876 5410 2993 5465 qua:
3020 5392 3349 5470 Cyprianus,

1781 5476 1835 5531 in
1882 5488 1947 5529 eo
1993 5463 2207 5542 quoque
2254 5485 2375 5543 cum
2426 5486 2492 5525 eo
2535 5463 2903 5543 conspirans,
2940 5463 3272 5543 quodgovers.
3318 5463 3354 5518 8

1789 5546 1981 5607 habet,
2011 5537 2226 5595 'aur'eas
2280 5540 2517 5614 citharas
2552 5537 2755 5614 plenas
2802 5537 3164 5614 odorantent‘is
3194 5602 3206 5614 .
3227 5546 3355 5614 sup-

1790 5602 2135 5687 pliCationum
2155 5652 2169 5677 ,
2201 5611 2419 5666 omissis
2452 5602 2634 5665 verbis
2681 5603 3047 5667 intermediis,
3079 5611 3123 5657 et
3151 5602 3351 5673 phialas

1788 5702 1880 5741 aur
1883 5700 1983 5738 ραι.
2818 5688 2821 5689 ν

1860 5754 1883 5789 ι
1916 5751 2228 5808 Memoriter
2254 5748 2501 5805 citatum.
