3922 6428
584 503 725 560 1Ο45

1788 501 1956 560 ιυιη
1993 501 2248 563 FIRMICI
2289 504 2596 563 ΒΙΑΤΕΒΝΙ

3691 497 3824 562 {OM

582 615 1460 686 sanguineliberantur,majestate
1475 615 2150 688 priusimmortalissngui-
2175 615 2228 681 Α
2255 618 2488 689 Spiritus
2519 631 2758 674 sanctus.
2792 621 3097 676 Invenimus
3119 623 3262 677 enim
3282 623 3334 676 in
3365 620 3574 690 psalmo
3603 635 3822 681 csxsiv,

586 709 671 761 nis
699 715 1100 762 consecrentur.
1115 704 1393 762 Neminem
1416 706 1554 776 apud
1577 707 1715 761 idola
1745 707 2000 777 profusus
2021 724 2147 764 san-

589 799 708 865 guis
724 798 939 866 juverit.
967 797 1036 851 Et
1063 812 1130 852 ne
1159 811 1322 851 cruor
1352 797 1614 867 pecudum
1639 799 1867 853 miseros
1899 799 2150 854 homines

590 895 683 942 aut
727 890 959 958 decipiat
989 897 1081 943 aut
1126 889 1314 958 perdat
1349 890 1584 958 :poliuit
1627 891 1847 961 sanguis
1890 892 2148 956 iste,non

588 982 834 1045 redimit,
857 991 912 1037 et
937 996 1030 1052 per
1056 981 1229 1036 varios
1252 996 1412 1037 casus
1441 983 1688 1036 homines
1711 984 1901 1052 premit
1930 984 1981 1037 in
2007 998 2153 1038 mor-

594 1082 722 1126 tem.
751 1071 927 1126 Miseri
953 1083 1106 1138 sunt,
1131 1074 1222 1144 qui
1252 1072 1567 1144 profusione
1598 1075 1847 1142 sacrilegi
1878 1077 2154 1144 sanguinis

588 1172 955 1218 cruentantur.
1002 1161 1372 1218 Tauribolium
1407 1164 1487 1219 vel
1518 1163 1844 1218 Criobolium
1891 1165 2152 1220 scelerata

594 1265 644 1308 te
677 1253 952 1336 sanguinis
983 1253 1102 1309 labe
1127 1240 1396 1324 perfundit
1427 1265 1472 1308 η.

1140 1430 1368 1489 CAPUT
1399 1431 1590 1487 XXIX.

591 1613 882 1669 Sententias
902 1612 1096 1684 colligit
1123 1628 1187 1667 ex
1211 1627 1356 1667 sacro
1399 1611 1584 1667 Codice
1611 1627 1722 1681 qua
1747 1614 2018 1667 vanitatem
2046 1616 2158 1668 ido-

661 1709 826 1762 lorum
843 1716 1091 1762 testantur
1116 1749 1130 1774 ,
1161 1707 1226 1760 de
1251 1722 1496 1776 prospero
1524 1715 1571 1760 et
1594 1707 1808 1776 ﬂorente
1839 1705 1904 1761 Β.
1936 1705 2000 1760 Ρ.
2029 1715 2160 1762 statu

662 1801 725 1853 iis
773 1798 1102 1872 regnantibus
1151 1799 1310 1866 deque
1352 1798 1572 1852 maxime
1635 1798 1843 1851 instanti
1889 1799 2162 1868 impietatis

664 1892 899 1947 Ethnicw
925 1906 1071 1960 penna
1099 1900 1282 1944 monet.

661 2072 935 2128 Laventur
998 2069 1174 2138 itaque
1238 2067 1424 2124 sordes
1488 2068 1652 2134 isne,
1720 2083 1854 2139 quas
1927 2068 2159 2138 colligis.

592 2163 780 2230 Quaere
810 2161 986 2216 fontes
1013 2161 1293 2230 ingenuos,
1324 2172 1506 2229 quaere
1535 2172 1700 2236 puros
1730 2158 1992 2234 liquores,
2019 2168 2077 2212 ut
2103 2159 2165 2212 il-

588 2255 659 2308 lic
714 2263 767 2307 te
821 2261 939 2320 post
1003 2251 1197 2304 multas
1269 2249 1506 2304 maculas
1556 2263 1677 2302 cum
1729 2249 1928 2316 Spiritu
1981 2255 2166 2301 sancto

594 2343 792 2396 Christi
820 2343 1036 2410 sanguis
1065 2339 1370 2394 incandidet
1397 2339 1580 2407 (Apoc.
1617 2353 1705 2403 vti,
1742 2335 1849 2408 ll).
1888 2336 1954 2392 Ut
1986 2347 2165 2391 autem

597 2434 826 2486 miseros
877 2432 1119 2484 homines
1156 2430 1222 2484 ad
1261 2442 1446 2484 sanam
1479 2437 1709 2483 mentem
1745 2437 1962 2484 revocet
2010 2430 2164 2498 plena

597 2524 896 2595 persuasio,
940 2521 1142 2591 majore
1170 2521 1488 2576 anetoritate
1514 2534 1648 2590 opus
1684 2527 1799 2583 est,
1832 2528 1928 2584 ut,
1968 2521 2165 2574 curatis

597 2631 659 2671 ac
693 2617 894 2671 sanatis
933 2614 1202 2669 mentibus
1231 2653 1244 2677 ,
1277 2613 1481 2669 nullum
1519 2611 1869 2681 praecedentis
1913 2610 2166 2680 pestilen-

597 2713 686 2765 tia:
714 2710 994 2780 vestigium
1047 2708 1398 2778 relinquatur.
1429 2706 1564 2774 Quid
1612 2705 1790 2775 itaque
1839 2705 1947 2758 sint
1977 2704 2114 2757 idola
2148 2746 2161 2768 ,

596 2805 678 2860 vel
703 2818 858 2873 quam
883 2803 1109 2857 habeant
1141 2801 1490 2855 substantiam
1522 2839 1536 2862 ,
1576 2798 1950 2868 prophetarum
1977 2811 2166 2850 oracu-

596 2897 660 2950 lis
688 2911 748 2952 ac
785 2897 959 2951 divina
991 2907 1123 2950 voce
1153 2902 1508 2949 monstratum
1538 2899 1656 2957 est,
1686 2906 1805 2961 quae
1833 2890 2010 2945 omnia
2041 2904 2163 2958 spe-

597 2989 808 3044 cialiter
830 2986 1055 3043 dicenda
1082 2995 1228 3051 sunt,
1256 2992 1314 3039 ut
1359 2983 1460 3039 hoc
1502 2998 1609 3037 non
1652 2991 1832 3036 nostra
1865 2981 2166 3034 temeritate

598 3083 889 3151 prolatum,
918 3080 1010 3134 sed
1043 3079 1225 3134 divino
1271 3075 1582 3146 magisterio
1617 3075 1770 3128 nobis
1795 3073 2040 3127 traditum
2069 3113 2082 3136 ,
2115 3081 2169 3125 et

599 3171 806 3228 cmlesti
834 3179 1154 3239 agnoscatur
1189 3181 1319 3221 voce
1348 3166 1632 3234 signatum.
1659 3165 1788 3230 Qum
1834 3164 1902 3217 sit
1922 3164 2170 3217 substan-

600 3264 674 3316 tia
703 3263 842 3331 ejus,
873 3260 1147 3326 sapicnlim
1182 3257 1482 3311 veneranda
1515 3269 1642 3308 voce
1689 3264 2050 3318 monstratur;
2095 3257 2169 3307 ait

2251 691 2332 763 ita’
2349 724 2470 764 esse
2497 713 2886 780 perscriptum:
2922 711 3078 766 Idola
3106 715 3328 782 gentium
3377 722 3638 782 argentum
3661 719 3707 765 et
3733 728 3827 764 au-

2249 819 2362 856 rum
2389 844 2404 868 ,
2450 817 2577 874 Opus
2619 821 2861 858 manuum
2907 806 3187 858 hominum.
3223 805 3292 860 Os
3318 805 3507 859 habent
3555 802 3826 859 et‘uonlo-

2249 904 2491 962 quuntur,
2521 895 2696 948 oculos
2727 896 2909 949 habent
2939 905 2986 949 et
3013 912 3113 949 non
3138 897 3308 949 vident
3340 939 3353 963 ,
3386 910 3533 949 aures
3561 894 3746 947 habent
3775 902 3824 948 et

2253 999 2350 1036 non
2372 984 2607 1040 audiunt.
2638 984 2815 1055 Neque
2837 987 2971 1040 enim
2999 997 3070 1039 est
3098 987 3306 1055 spiritus
3350 987 3405 1039 in
3433 1001 3519 1040 ore
3544 986 3772 1055 ipsorum
3801 1027 3815 1050 ,

2251 1074 2442 1128 similes
2465 1083 2580 1128 sunt
2598 1074 2701 1128 illis
2718 1077 2804 1146 qui
2826 1077 3022 1144 faciunt
3049 1091 3106 1130 ea
3133 1085 3154 1114 ο
3183 1073 3355 1145 (Psal.
3372 1088 3597 1141 custv,
3623 1071 3823 1143 15-17).

2253 1165 2309 1220 Si
2332 1164 2544 1232 artifex,
2575 1165 2664 1235 qui
2695 1165 2760 1219 ad
2788 1166 3202 1220 ostentationem
3236 1165 3434 1234 ingenil
3485 1167 3828 1219 simulacrum

2253 1261 2346 1309 aut
2366 1254 2607 1324 sculpsit,
2637 1261 2727 1309 aut
2759 1255 2914 1320 fudit,
2945 1255 3130 1309 divina
3185 1254 3460 1309 maledicti
3489 1253 3829 1307 animadver-

2254 1345 2406 1400 sione
2433 1348 2729 1415 percutitur
2757 1387 2773 1412 ,
2823 1346 2950 1415 quid
2981 1360 3203 1414 sperare
3252 1344 3447 1399 debeat
3482 1342 3830 1398 considerato.

2257 1436 2382 1491 dum
2401 1444 2503 1500 est,
2534 1438 2624 1506 qui
2648 1437 2790 1509 quod
2822 1438 2957 1492 alter
2985 1436 3244 1502 vendidit,
3284 1434 3449 1489 Deum
3469 1434 3612 1488 dicit.
3649 1433 3860 1487 "iere-—

2257 1530 2392 1582 mias
2420 1530 2604 1592 etiam,
2637 1543 2758 1584 cum
2788 1538 3052 1599 praecepta
3080 1529 3192 1582 Deo
3218 1528 3439 1597 jubente
3468 1525 3608 1595 plebi
3638 1523 3789 1578 daret
3811 1547 3852 1588 ,η

2257 1618 2357 1674 hac
2404 1621 2656 1688 populum
2729 1621 2970 1676 oratione
3010 1620 3296 1674 convenit:
3369 1615 3536 1670 Dicite
3577 1623 3754 1677 autem
3779 1614 3831 1666 in

2257 1713 2610 1780 corde'neslro,
2637 1712 2726 1766 tibi
2751 1723 2945 1781 oportet
2971 1713 3209 1777 adorare,
3235 1709 3466 1763 Domine.
3487 1708 3708 1779 Angelus
3734 1720 3824 1758 ast-

2261 1811 2357 1856 tem
2385 1819 2524 1856 meus
2551 1804 2808 1858 vobiscum
2835 1813 2928 1869 est,
2961 1804 3120 1872 legem
3157 1810 3327 1854 autem
3355 1799 3617 1868 exquiram
3641 1797 3702 1849 ab
3722 1795 3833 1848 auia

2260 1895 2440 1948 mabus
2467 1896 2664 1948 uestris.
2697 1893 2898 1965 Lingua
2940 1907 3116 1968 eorum
3147 1893 3304 1961 polita
3344 1891 3510 1961 fabro,
3539 1889 3652 1958 ipsa
3680 1887 3832 1940 etiam

2189 1977 2237 2036 B
2264 1986 2502 2038 inaurata
2530 1995 2576 2040 et
2612 1986 2930 2054 inargentata
2972 1985 3106 2054 falsa
3134 1992 3270 2046 sunt,
3304 1990 3348 2033 et
3373 1995 3473 2033 non
3524 1986 3733 2049 possunt
3762 1976 3828 2030 lo-

2265 2078 2353 2145 qui
2378 2094 2394 2132 :
2421 2087 2466 2131 et
2493 2079 2622 2130 sicut
2653 2076 2834 2146 virgini
2865 2077 3066 2128 hortatu
3104 2073 3324 2125 amantis
3353 2077 3559 2139 accepto
3587 2083 3714 2122 auro
3755 2070 3833 2136 {a-

2266 2169 2442 2222 bricati
2469 2178 2586 2220 sunt
2609 2183 2822 2219 coronas
2848 2181 3005 2234 supra
3025 2165 3192 2235 capita
3214 2162 3456 2234 ‘Deorum
3486 2174 3711 2213 suorum.
3744 2156 3832 2209 Est

2267 2269 2434 2314 autem
2455 2258 2658 2327 quando
2694 2258 2985 2338 subtraham
3012 2256 3296 2309 sacerdotes
3327 2271 3357 2306 a
3390 2252 3502 2305 Diis
3525 2251 3629 2304 suis
3653 2262 3832 2301 aurum

2266 2363 2312 2405 et
2338 2358 2630 2421 argentum,
2659 2359 2704 2402 et
2726 2349 3004 2421 erOgabunt
3036 2347 3165 2400 illud
3203 2348 3257 2399 in
3285 2345 3598 2413 semetipsos.
3629 2339 3833 2394 Dabunt

2267 2447 2416 2506 etiam
2444 2445 2634 2514 exipso
2656 2453 2701 2496 et
2723 2442 3002 2511 prostitutis
3051 2437 3392 2492 meretricibus
3420 2476 3434 2500 ,
3477 2432 3833 2500 ornabuntque

2265 2537 2381 2590 illos
2407 2544 2461 2588 ut
2490 2535 2713 2588 homines
2748 2533 3053 2588 vestimentis
3084 2571 3098 2594 ,
3131 2529 3252 2582 deos
3290 2534 3553 2596 argenteos
3583 2533 3628 2578 ct
3659 2537 3831 2575 aureos

2267 2637 2314 2680 et
2343 2627 2531 2698 ligneos
2564 2625 2810 2697 (Baruch.
2839 2641 2938 2690 vn,
2969 2621 3146 2692 5-10).

2337 2719 2499 2774 Addit
2520 2720 2681 2792 etiam
2709 2720 2761 2774 in
2787 2718 3155 2787 sequentibus,
3190 2722 3247 2768 ut
3282 2727 3494 2770 omnem
3548 2707 3832 2764 dubitatio-

2269 2830 2388 2868 nem
2419 2810 2788 2882 trepidationis
2818 2810 3084 2866 excutiat:
3130 2808 3300 2879 Supra
3329 2821 3508 2876 corpus
3531 2803 3642 2873 ejus
3671 2809 3719 2854 et
3744 2816 3828 2853 ca-

2269 2921 2356 2978 put
2401 2910 2610 2963 nolitant
2660 2917 2845 2960 noctua
2874 2912 2922 2960 et
2980 2893 3277 2954 hirundines
3318 2911 3363 2953 et
3413 2913 3527 2950 aves
3572 2894 3827 2948 similiter.

2273 2999 2418 3054 Unde
2442 3000 2608 3054 scietis
2633 2998 2750 3065 quia
2790 3012 2890 3048 non
2921 3003 3040 3048 sunt
3095 2992 3190 3045 dii.
3224 2989 3342 3042 Non
3402 3003 3519 3055 ergo
3571 2981 3834 3037 timueritis

2268 3111 2372 3147 eos.
2400 3093 2595 3146 Aurum
2624 3099 2716 3155 est,
2745 3090 2878 3158 quod
2910 3088 3044 3139 circa
3076 3101 3128 3137 se
3155 3083 3334 3134 habent
3364 3082 3429 3131 ad
3453 3080 3664 3148 speciem
3693 3093 3709 3138 ;
3740 3075 3836 3126 nisi

2269 3185 2453 3252 aliquis
2499 3182 2752 3237 exterserit
2785 3180 3082 3248 trruginem,
3116 3190 3214 3227 non
3243 3171 3472 3241 fulgebit.
3513 3168 3685 3236 Neque
3705 3167 3836 3217 enim

2269 3291 2382 3327 cum
2405 3273 2759 3341 conflabuntur
2788 3269 3022 3328 sentient,
3057 3265 3220 3328 pretio
3263 3262 3417 3330 empti
3440 3269 3555 3313 sunt
3581 3259 3630 3310 in
3660 3257 3838 3322 quibus

599 3355 742 3409 enim
775 3353 826 3406 in
857 3352 1007 3406 libris
1035 3350 1373 3434 Salomonis;
1405 3349 1590 3438 0.mniu
1619 3347 1761 3400 idola
1791 3349 2052 3400 nationum
2072 3364 2162 3402 ws-
2194 3339 2236 3397 C
2271 3339 2625 3429 ερίτηαδήοη
2654 3369 2724 3413 εει
2754 3399 2769 3424 ,
2817 3358 2923 3411 sine
2954 3353 3164 3424 pedibus
3205 3354 3258 3405 ίη
3306 3350 3524 3403 humeri;
3575 3355 3838 3416 ρονιαηιυν

598 3452 904 3502 tirnaverant
927 3445 1068 3508 deos,
1119 3445 1297 3512 quibus
1338 3431 1494 3508 neque
1542 3442 1804 3494 oculorum
1841 3442 1974 3494 uisus
2004 3452 2076 3496 est
2102 3442 2169 3493 ad

599 3538 907 3598 videndum,
959 3551 1117 3604 neque
1149 3551 1314 3622 ‘nares
1359 3534 1426 3585 ad
1471 3533 1846 3602 percipiendum
1910 3533 2163 3604 spiritum,

598 3646 761 3701 neque
811 3645 959 3682 aures
1011 3631 1077 3681 ad
1119 3627 1468 3690 audiendum,
1517 3642 1674 3692 neque
1737 3626 1883 3694 digiti
1925 3641 2166 3680 manuum

600 3722 668 3774 ad
711 3723 1048 3774 tractandum.
1100 3719 1204 3773 Sed
1228 3729 1277 3772 et
1307 3720 1457 3788 pedes
1502 3735 1672 3771 eorum
1704 3719 1834 3788 pigri
1887 3719 1952 3771 att
1992 3719 2165 3771 ambu-

600 3812 832 3866 landum.
879 3810 1047 3864 Homo
1074 3811 1204 3862 enim
1237 3811 1353 3878 fecit
1377 3809 1492 3862 illos
1521 3849 1536 3875 ,
1585 3817 1628 3861 et
1657 3809 1745 3877 qui
1792 3809 2029 3878 spiritum
2060 3825 2171 3861 mu-

598 3913 772 3956 tuatus
819 3911 895 3957 est
943 3903 1092 3971 ﬁnxit
1128 3902 1264 3955 illos.
1319 3901 1484 3954 Nemo
1551 3909 1717 3954 autem
1765 3901 1859 3954 sibi
1911 3901 2170 3953 hominum

600 4001 782 4060 poterit
816 3991 979 4045 Deum
1009 3995 1266 4060 formare:
1297 4003 1411 4042 cum
1453 3990 1516 4043 sit
1553 3991 1684 4043 enim
1736 3989 1963 4041 mortalis
1993 4029 2006 4053 ,
2037 4004 2173 4041 mor-

601 4094 744 4136 tuum
770 4083 914 4153 ﬁngit
935 4083 1167 4136 manibus
1193 4082 1398 4150 iniquis.
1431 4080 1617 4135 Melior
1639 4090 1711 4134 est
1747 4089 1913 4133 autem
1938 4079 2017 4133 his
2045 4095 2169 4149 quos

600 4175 740 4238 colit,
762 4174 1001 4244 quoniam
1022 4173 1223 4243 quidem
1248 4171 1356 4241 ipse
1378 4173 1523 4236 vixit,
1553 4172 1630 4226 illi
1658 4187 1927 4237 numquam
1950 4168 1976 4207 δ
2007 4170 2161 4243 (Sap.

599 4265 1116 4334 xv,15,16):Qnid
1148 4265 1379 4335 amplius
1417 4265 1739 4334 quaerimus?
1767 4264 2026 4334 sapientia
2069 4278 2166 4317 nos

601 4357 778 4412 divina
806 4373 932 4413 voce
959 4359 1213 4414 convenit
1239 4399 1253 4426 ,
1276 4367 1328 4414 et
1358 4358 1612 4429 quidquid
1657 4359 1707 4413 in
1739 4358 1947 4413 arcanis
1971 4358 2064 4413 Dei
2091 4359 2172 4411 vi-

600 4448 753 4503 derat
775 4449 975 4514 docuit,
1007 4460 1061 4504 et
1090 4451 1230 4519 quod
1279 4460 1394 4505 erat
1423 4451 1657 4514 salubre,
1683 4450 1999 4504 monstravit
2031 4491 2046 4515 ,
2103 4464 2168 4504 ne

601 4537 806 4606 fragilis
848 4547 902 4593 et
931 4539 1132 4592 caduca
1167 4541 1466 4594 mortalitas
1517 4543 1568 4593 in
1597 4541 1817 4594 exitium
1847 4556 2000 4593 suum
2028 4554 2168 4593 mor-

604 4635 820 4696 temque
850 4634 1179 4698 pr0peraret.
1209 4627 1320 4682 Hoc
1344 4627 1481 4682 idem
1526 4630 1577 4682 in
1609 4629 1832 4683 Psalmis
1877 4639 2170 4697 praamonet

2270 3453 2665 3527 (1054.21-24).
2700 3451 2861 3505 Addit
2891 3451 3050 3502 etiam
3096 3457 3148 3500 ut
3198 3443 3512 3500 conﬁrmata
3545 3454 3694 3495 mens
3725 3438 3834 3491 for-

2271 3549 2375 3602 tius
2413 3547 2728 3602 roboretur:
2765 3545 2992 3599 Scientes
3035 3542 3202 3611 itaque
3230 3555 3291 3592 ex
3317 3537 3395 3591 Itis
3417 3537 3533 3605 quia
3579 3550 3675 3586 non
3722 3541 3838 3585 sunt

2271 3641 2366 3704 dii,
2394 3655 2455 3692 ne
2489 3638 2755 3691 timueritis
2795 3651 2876 3688 eos
2908 3633 3068 3704 (Ibid.
3099 3672 3112 3694 ,
3157 3628 3272 3699 28).
3319 3628 3382 3682 Et
3421 3623 3836 3680 utsacerdotum

2266 3748 2451 3788 eorum
2474 3733 2726 3786 miserum
2755 3728 2988 3783 dedecus
3028 3731 3286 3779 monstret
3311 3763 3326 3785 ,
3355 3719 3532 3775 addit:
3565 3716 3628 3770 lu
3675 3716 3840 3768 domi-

2269 3825 2362 3878 bus
2392 3840 2564 3878 eorum
2602 3821 2888 3875 sacerdotes
2915 3818 3107 3878 sedent,
3144 3805 3384 3866 habentes
3421 3809 3615 3863 tunicas
3654 3809 3837 3861 scissas

2269 3924 2316 3970 et
2349 3915 2516 3984 capita
2546 3923 2590 3966 et
2615 3912 2795 3964 barbas
2823 3926 2964 3963 rasas
2985 3949 2999 3972 ,
3043 3922 3256 3976 quorum
3303 3904 3470 3974 cupita
3513 3901 3653 3954 nuda
3690 3909 3831 3954 sunt.

2271 4005 2502 4075 Rugiunt
2523 4010 2690 4057 autem
2725 4001 2999 4054 clamantes
3044 4005 3218 4050 contra
3262 3995 3379 4048 deos
3403 4009 3521 4048 suos
3553 4033 3568 4058 ,
3622 3993 3752 4046 sicut
3783 3992 3836 4044 in

2271 4096 2501 4166 gehenna
2533 4092 2716 4146 mortui
2754 4089 2942 4159 (Ibid.,
2970 4086 3038 4142 30
3070 4129 3083 4152 ,
3108 4085 3219 4157 31).
3251 4084 3402 4152 Quod
3443 4093 3617 4138 autem
3649 4090 3702 4136 et
3753 4094 3837 4135 re-

2273 4202 2367 4255 ges
2394 4194 2449 4240 et
2480 4193 2666 4254 gentes
2707 4182 2822 4236 haec
2851 4181 2920 4235 de
2963 4178 3092 4248 ipsis
3139 4175 3530 4246 pronuntiaturi
3572 4183 3697 4228 sunt
3722 4213 3736 4235 ,
3789 4172 3832 4225 is

2273 4278 2410 4332 idem
2461 4274 2716 4345 propheta
2763 4285 2998 4342 praesaga
3052 4281 3187 4321 voce
3229 4265 3522 4334 signiﬁcat;
3556 4263 3628 4315 ait
3656 4263 3832 4316 enim:

2273 4367 2474 4421 Scietur
2497 4374 2691 4434 postea,
2713 4365 2833 4435 quia
2859 4363 2990 4432 falsa
3028 4369 3144 4412 sunt
3175 4399 3189 4423 ,
3232 4355 3463 4427 gentibus
3505 4349 3834 4406 uuiversis'rt

2270 4457 2505 4525 regibus;
2535 4457 2654 4524 quia
2698 4455 3024 4522 manifestum
3066 4460 3136 4504 est
3163 4491 3176 4514 ,
3205 4447 3340 4518 quod
3387 4462 3486 4498 non
3526 4452 3641 4497 sunt
3668 4442 3758 4505 dii,
3787 4450 3835 4494 et

2270 4546 2468 4600 nullum
2495 4545 2586 4601 Dei
2614 4562 2739 4615 Opus
2771 4546 2834 4597 sit
2856 4545 3000 4612 ipsis.
3054 4540 3238 4611 Regem
3270 4538 3467 4609 regioni
3497 4551 3596 4588 non
3617 4535 3827 4586 suscita-

2271 4639 2416 4700 bunt,
2443 4651 2599 4704 neque
2625 4635 2851 4704 pluviam
2878 4632 3161 4685 hominibus
3187 4629 3394 4681 dabunt.
3424 4623 3690 4678 Iudicium
3709 4638 3833 4692 quo-

678 4840 700 4867 α
734 4827 1095 4899 Taurobglium
1129 4825 1204 4899 uel
1245 4823 1576 4899 Criobollum.
1609 4824 1973 4890 Tarobolium,
2008 4825 2159 4899 Crio—
2188 4840 2239 4899 ι)
2265 4846 2330 4884 ετ
2369 4846 2551 4884 unm
2581 4844 2853 4884 SEXTILIVS
2897 4842 3180 4884 sussnavs
3209 4839 3445 4879 suntStvs
3483 4839 3534 4875 v.
3570 4838 3599 4876 c
3643 4838 3826 4878 cnsa-

603 4901 804 4958 bolium
835 4909 888 4953 et
911 4894 1290 4956 lEmoholium,
1326 4895 1670 4949 lustrationes
1723 4912 1815 4963 per
1841 4897 2152 4964 sanguinem

605 4973 943 5026 victimarum
967 4982 1074 5037 quo
1100 4973 1266 5034 mysta
1294 4963 1730 5037 perfundebatur,
1761 4981 1878 5034 qua:
1905 4963 1959 5019 in
2002 4966 2157 5020 Occi-

604 5043 820 5097 dentem
871 5035 1170 5089 Ronianunt
1240 5036 1492 5088 Antonini
1548 5035 1626 5088 Pii
1687 5045 1741 5090 et
1785 5051 2155 5090 SIICCeSaOl'Utl‘.

604 5121 762 5166 relate
788 5106 1101 5162 introductae
1121 5115 1276 5168 sunt,
1313 5105 1526 5174 proprie
1563 5107 1895 5172 pertinebant
1926 5107 1989 5161 ad
2020 5124 2160 5174 mys-

603 5183 737 5235 teria
771 5179 949 5232 Matris
969 5176 1126 5245 deum
1150 5215 1163 5236 ,
1194 5183 1247 5228 et
1271 5175 1729 5245 componebantur
1753 5191 1872 5230 cum
1898 5178 2161 5245 baptismo

603 5251 931 5310 Christiano,
964 5243 1034 5298 ita
1064 5255 1121 5297 ut
1147 5245 1234 5310 qui
1268 5244 1332 5296 iis
1362 5245 1617 5298 lustratus
1642 5257 1813 5311 esset,
1839 5243 2046 5300 renatus
2077 5249 2157 5298 di-

604 5329 834 5380 Ccretur,
868 5317 1194 5382 verbumque
1237 5316 1488 5380 percipere
1542 5315 1679 5380 apud
1719 5316 2050 5369 Christianos
2090 5317 2158 5370 de

604 5390 869 5459 baptismo
887 5381 1197 5459 usurpatum
1214 5383 1280 5434 de
1304 5384 1448 5459 hisce
1463 5381 1863 5459 lustrationibus
1877 5387 2153 5459 adhibere-

604 5451 710 5513 tur.
739 5457 842 5512 Sed
876 5471 983 5508 non
1012 5451 1211 5525 Semel,
1245 5451 1339 5505 sed
1379 5452 1574 5525 s_:npius
1600 5453 1762 5509 hocce
1792 5456 2151 5525 regeneratio-

605 5530 689 5581 nis
737 5527 988 5580 balneum
1044 5521 1357 5576 iterabatur.
1390 5521 1556 5575 Totus
1612 5525 1746 5577 ritus
1789 5521 2155 5579 describitura

607 5597 901 5649 Prudentio
929 5593 1122 5661 Hymn.
1157 5591 1223 5645 de
1254 5591 1496 5644 Romano
1528 5591 1776 5662 Martyre.
1813 5594 1888 5648 Ex
1921 5596 2152 5663 inscrip-

611 5666 841 5718 tionibus
887 5679 1002 5730 quui
1032 5677 1153 5716 eum
1185 5672 1609 5731 commemorant
1650 5675 1700 5715 et
1731 5679 1860 5731 quas
1901 5667 2156 5719 collectas

612 5735 850 5786 invenies
874 5737 922 5786 in
953 5730 1296 5803 Ficetvvoodii
1321 5730 1532 5803 Sylloge
1555 5730 1960 5803 Inscriptionum
1988 5751 2036 5803 p.
2065 5735 2155 5788 12-

612 5804 680 5857 18
704 5843 717 5862 ,
749 5804 908 5861 illam,
937 5817 1092 5868 quam
1133 5799 1414 5853 Wowerus
1439 5801 1545 5867 jam
1577 5801 1640 5853 ad
1692 5799 2157 5858 Firmicum'illus-

637 5870 858 5925 randqu
890 5871 1243 5932 adhibuerat,
1276 5868 1483 5936 seligo:
1515 5885 1592 5925 DIS
1619 5885 1804 5926 IAGNIS
1833 5888 1992 5927 IA'I‘RI
2018 5890 2154 5928 osvu

2265 4915 2368 4953 κνιι
2404 4916 2501 4954 NON
2534 4916 2785 4954 IGNOBILIS
2811 4913 3049 4953 AFRICANI
3070 4909 3379 4951 TRIBVNALIS
3399 4909 3606 4948 OBATOB
3629 4909 3828 4948 TAVBO-

2264 4985 2414 5023 nouo
2453 4985 2828 5034 cntoaouoqve
2860 4984 2908 5022 IN
2939 4981 3217 5022 ssrennvu
3249 4966 3322 5032 (in
3350 4966 3562 5031 longum
3595 4965 3824 5034 tempus)

2266 5055 2505 5094 RENATVS
2528 5056 2664 5093 ARAI
2695 5054 2941 5094 SACRAVIT
2985 5053 3035 5090 ι).
3071 5053 3121 5090 ι).
3151 5051 3202 5088 N.
3230 5051 3281 5087 Ν.
3316 5050 3551 5088 νΑιεΝτε
3582 5049 3612 5086 ν
3642 5050 3705 5087 ΕΤ
3734 5050 3826 5088 VA-

2266 5123 2580 5164 LENTINIANO
2607 5125 2728 5163 'I‘VN.
2764 5123 2914 5163 Αναα.
2968 5121 3140 5160 couss.
3193 5105 3555 5158 Aﬂmobolium
3611 5105 3660 5157 in
3718 5121 3819 5157 una

2268 5179 2637 5232 tantummodo
2684 5178 3028 5245 inscriptione
3089 5177 3279 5240 legitur
3329 5191 3342 5226 :
3392 5189 3700 5228 cnioaouvu
3751 5191 3817 5228 ετ

2264 5263 2592 5302 AEIOBOLIVM
2618 5264 2778 5302 MOYIT
2806 5264 2870 5301 DE
2896 5262 2988 5300 SVO
3014 5259 3297 5300 PETRONIVS
3319 5258 3621 5298 IABCELLUS
3636 5259 3820 5298 SACEB-

2263 5333 2356 5388 nos
2410 5335 2582 5372 \“tIML.
2639 5334 2758 5373 nnc.
2818 5333 2923 5370 vta.
2975 5331 3236 5388 ramoim‘
3280 5328 3432 5388 ivsro
3467 5315 3574 5385 (up.
3615 5313 3822 5388 Lusum

2261 5383 2538 5440 Ca'marnm
2566 5389 2632 5441 dc
2661 5389 2820 5441 Teate
2844 5390 3092 5457 antiquo;
3128 5387 3308 5457 linum,
3333 5383 3456 5457 lti_5I
3478 5383 3587 5457 ';_et
3615 5383 3824 5457 inglor-

2263 5457 2330 5510 nii
2366 5457 2498 5510 Bibl.
2538 5461 2716 5527 Antiq.
2775 5452 2990 5527 iixegel'.
3037 5474 3086 5525 ι).
3148 5454 3329 5526 1050).
3381 5453 3456 5527 De
3489 5452 3821 5527 Taurohnlio

2260 5529 2508 5581 universe
2556 5522 2694 5581 vitle'
2727 5526 2986 5581 eruditam
3039 5522 3324 5579 'dissertat.
3381 5522 3613 5576 Nathan.
3666 5523 3816 5577 Fritl.

2257 5596 2514 5652 Kautsch.
2550 5600 2614 5651 de
2646 5598 2996 5661 Taurobolio;
3049 5597 3192 5662 Lips.
3227 5594 3402 5657 1758;
3451 5595 3768 5647 (Zreuzerum
3799 5637 3812 5659 ,

2257 5683 2291 5720 ll
2313 5706 2327 5729 ,
2355 5669 2443 5731 59,
2477 5685 2552 5731 tv,
2581 5669 2683 5722 547
2707 5687 2718 5728 ;
2744 5676 2796 5721 et
2822 5668 3034 5735 Ztegam
3063 5665 3352 5728 Abhandl.,
3386 5681 3437 5732 p.
3471 5664 3593 5717 141.

2326 5737 2352 5775 b
2381 5737 2680 5792 Concordat
2704 5739 3014 5807 plerumque
3037 5751 3155 5790 cum
3181 5735 3465 5807 Cypriauo.

2331 5819 2351 5846 ο
2381 5807 2447 5862 Ut
2488 5824 2573 5876 ap.
2605 5803 2967 5877 Cyprianum;
3000 5807 3193 5877 omittit
3230 5803 3363 5858 vero
3402 5803 3820 5877 additamentum

2261 5878 2310 5932 ln
2338 5871 2596 5933 Psalterio
2621 5871 2882 5944 Humano,
2915 5871 2961 5932 et
2992 5875 3232 5945 sequitur
3253 5883 3454 5929 textum
3480 5871 3819 5927 Hebraicum.
