3922 6426
175 351 303 412 1οη

1077 349 1163 406 DE
1201 346 1482 406 ERRORE
1523 348 1994 408 PROFANARUM
2033 352 2475 413 RELIGIONUM.

3283 365 3422 422 ιοισ

171 485 262 540 que
291 483 389 522 non
420 467 729 533 discernent,
760 482 921 534 neque
961 467 1218 538 regionem
1249 466 1535 521 liberabunt
1559 467 1622 520 ab
1652 469 1732 520 in-
1758 477 1812 536 Α
1837 469 1926 522 tibi
1970 469 2044 522 dii
2063 471 2154 522 alii
2199 471 2382 538 absque
2429 488 2506 525 me
2549 471 2723 544 (Deut.
2755 491 2802 538 v,
2835 476 2908 543 7).
2947 475 3110 530 Addit
3140 476 3332 543 etiam,
3363 487 3421 532 ut

166 561 340 634 juria,
368 561 490 630 quia
528 560 658 613 nihil
678 567 910 632 possunt.
947 558 1012 612 Et
1061 575 1176 611 cum
1209 559 1442 611 inciderit
1490 559 1547 611 in
1588 559 1739 612 domo

176 653 374 708 deorum
391 653 679 724 ligneorum
735 662 779 705 et
812 654 1168 705 inauratarum
1215 661 1259 704 et
1309 653 1741 722 inargentatorum

175 743 316 814 ignis,
343 743 632 798 sacerdotes
654 744 859 796 illormn
878 741 1220 796 liberabuntur
1247 758 1262 795 :
1293 743 1389 810 ipsi
1414 751 1583 796 autem
1612 745 1740 797 sicut

178 839 331 894 trabes
357 840 408 892 in
430 839 597 893 medio
620 838 991 894 comburentur.
1045 839 1172 910 Regi
1199 848 1364 890 autem
1388 846 1431 891 et
1471 837 1602 892 bello
1640 855 1740 892 non

177 933 430 998 resistent;
459 933 711 1002 quomodo
748 932 1142 986 existimandum
1167 939 1239 986 est
1272 931 1346 985 uel
1371 931 1738 1001 recipiendum,

176 1026 288 1094 quia
305 1035 418 1078 sunt
442 1025 521 1079 dii
542 1026 567 1078 Ρ
593 1023 765 1092 Neque
803 1041 833 1078 a
863 1025 1062 1096 furibus
1102 1041 1260 1094 neque
1301 1040 1330 1076 a
1369 1025 1646 1078 latronibus
1692 1041 1743 1079 se

179 1117 444 1171 liberabant
470 1117 545 1169 dii
567 1117 720 1185 lignei
748 1125 794 1169 et
818 1117 986 1170 aurati
1031 1126 1075 1170 et
1107 1117 1434 1187 inargentuti,
1462 1117 1642 1182 quibus
1665 1116 1739 1181 hi,

175 1209 256 1278 qui
275 1209 424 1278 fortes
447 1217 590 1273 sunt,
625 1224 806 1261 aurum
833 1217 878 1260 et
904 1217 1170 1277 argentum
1205 1249 1218 1271 ,
1252 1224 1350 1277 quo
1391 1208 1551 1277 aperti
1576 1218 1690 1260 sunt
1724 1249 1738 1272 ,

179 1299 398 1368 auferent
423 1297 573 1352 illis‘l
611 1297 772 1368 (Ibid.
794 1297 1002 1368 50-57).
1024 1297 1253 1360 Tollite,
1291 1298 1458 1351 tollite
1491 1298 1664 1351 securi
1693 1295 1741 1361 δ,

178 1389 520 1444 sacratissimi
585 1391 971 1457 imperatores,
1032 1398 1345 1444 ornamenta
1397 1376 1739 1458 templorum.

179 1482 307 1537 Deos
326 1481 458 1535 istos
490 1492 580 1534 aut
607 1491 838 1536 moneta:
862 1482 1019 1551 ignis,
1052 1492 1141 1536 aut
1181 1482 1518 1536 metallorum
1551 1491 1744 1552 coquat

177 1572 400 1626 ﬂamma.
455 1573 685 1627 Donaria
742 1573 992 1628 universa
1051 1573 1118 1627 ad
1167 1574 1455 1629 utilitatem
1511 1582 1742 1629 vestram

177 1663 482 1734 Dominique
511 1663 820 1720 transferte.
871 1665 996 1720 Post
1027 1665 1232 1720 excidia
1276 1668 1600 1736 templorum
1637 1679 1658 1706 ο
1691 1669 1742 1723 in

177 1757 338 1826 majus
369 1757 462 1811 Dei
495 1757 627 1812 estis
679 1757 878 1812 virtute
919 1760 1194 1828 provecti;
1244 1759 1448 1814 vicistis
1506 1760 1688 1815 hostes
1724 1801 1739 1827 ,

1841 561 2034 616 animis
2063 577 2248 616 eorum
2275 564 2570 633 majestatis
2598 581 2709 620 suc:
2763 568 2970 636 pondus
3021 570 3287 625 insinuet:
3332 569 3420 625 Vi-

1843 653 1952 706 dete
1977 695 1992 720 ,
2024 654 2186 708 uidete
2205 655 2325 724 quia
2355 672 2445 728 ego
2473 673 2605 722 sum,
2635 667 2677 710 et
2705 674 2804 711 non
2845 668 2917 713 est
2945 659 3082 714 Deus
3105 671 3287 732 praeter
3315 679 3418 717 me.

1843 748 1955 819 Ego
1976 751 2261 804 interimam
2289 761 2336 805 et
2363 753 2528 805 virere
2549 754 2735 819 faciant
2771 795 2784 817 ,
2832 755 3109 822 percutiant
3137 765 3185 809 et
3214 772 3304 826 ego
3339 772 3424 810 sa-

1843 842 1994 907 nabo,
2023 855 2068 895 et
2095 852 2306 910 nonest,
2340 844 2426 912 qui
2455 845 2638 912 eripiat
2663 845 2723 897 de
2765 846 2992 898 ‘nanibus
3018 847 3142 898 meis
3176 844 3190 881 ί
3231 846 3418 918 (Apoc.

1843 949 1957 999 xvr,
1988 933 2043 998 6,
2075 934 2152 1004 7).
2185 935 2238 988 In
2269 935 2590 1006 Apocalypsi
2620 937 2778 989 etiam
2815 937 2915 990 hoc
2944 937 3082 991 idem
3112 947 3296 992 sancta
3336 953 3418 994 re-

1843 1027 2106 1081 velatione
2130 1011 2490 1090 monstratur;
2523 1027 2596 1080 ita
2624 1027 2764 1080 enim
2789 1027 3048 1097 scriptum
3083 1036 3190 1082 est:
3227 1027 3293 1081 Et
3319 1028 3422 1082 villi

1843 1117 2002 1171 alium
2052 1118 2290 1188 angelum
2323 1119 2572 1172 volantem
2601 1120 2770 1172 meaio
2793 1121 2937 1184 (telo,
2964 1118 3229 1174 habentem
3255 1120 3424 1174 Evan-

1843 1212 2029 1281 gelium
2049 1221 2314 1275 wternum,
2346 1221 2402 1264 ut
2424 1212 2935 1278 annuntiaret‘super
2966 1222 3152 1264 terram
3190 1229 3278 1281 per
3313 1229 3423 1266 om-

1843 1320 1928 1358 nes
1951 1305 2177 1357 nationes
2200 1312 2245 1355 et
2273 1302 2432 1355 tribus
2470 1315 2515 1354 et
2545 1302 2746 1371 linguas
2786 1311 2833 1353 et
2863 1302 3083 1368 populos
3111 1341 3127 1366 ,
3169 1301 3422 1357 dicentem

1843 1411 1958 1448 voce
1989 1408 2208 1462 ntagna:
2263 1393 2473 1447 Metuite
2522 1393 2692 1462 potius
2741 1392 3057 1457 Dominum,-
3105 1402 3149 1445 et
3179 1392 3296 1447 date
3342 1393 3422 1448 illi

1843 1486 2162 1548 claritatem;
2190 1484 2430 1553 quoniam
2461 1483 2592 1535 venit
2641 1482 2767 1536 hora
2785 1481 2977 1552 judicii
3025 1484 3172 1555 ejus;
3202 1492 3248 1534 et
3295 1482 3424 1536 ado-

1842 1584 1950 1629 rate
1978 1590 2095 1628 eum
2141 1574 2225 1638 qui
2255 1574 2373 1643 fecit
2405 1573 2584 1626 cwlum
2618 1581 2664 1626 et
2719 1583 2904 1626 terram
2933 1613 2947 1637 ,
2993 1589 3134 1626 mare
3170 1582 3219 1626 et
3249 1574 3422 1625 omnia

1842 1684 1955 1738 qua:
1977 1669 2030 1721 in
2060 1668 2130 1721 eis
2157 1676 2294 1720 sunt.
2324 1665 2586 1720 Dominus
2627 1680 2840 1734 quoque
2867 1675 3053 1719 noster
3077 1664 3233 1720 Jesus
3261 1661 3419 1718 Chri-

1843 1771 1956 1814 stus
1981 1799 1996 1826 ,
2032 1767 2256 1829 paterna
2297 1759 2430 1828 legis
2475 1757 2720 1812 instituta
2769 1758 3104 1822 custodiens,
3137 1757 3236 1811 hoc
3281 1756 3422 1811 idem

178 1852 504 1922 prOpagaSlis
533 1850 815 1918 imperium
838 1846 863 1886 ἀ
889 1867 904 1904 :
930 1860 984 1904 et
1009 1859 1066 1905 ut
1103 1851 1385 1906 virtutibus
1410 1852 1606 1907 vestris
1621 1853 1733 1922 glo-
1769 1859 1815 1918 B
1844 1852 2146 1908 veneranda
2173 1851 2555 1906 constitutione
2583 1849 2916 1919 promulgat;
2950 1849 3024 1903 ait
3053 1850 3230 1904 enim:
3263 1849 3424 1913 Audi,

176 1945 248 1999 ria
274 1943 443 2014 major
475 1943 782 2011 accederet,
817 1951 1019 1998 mutato
1066 1958 1128 1998 ac
1165 1952 1478 2014 contempto
1533 1953 1739 2013 tempo-

175 2050 285 2090 rum
307 2035 518 2102 ordine,
547 2035 741 2104 hyemc
764 2044 787 2071 θ
811 2035 972 2106 (quod
994 2051 1094 2090 nec
1111 2036 1309 2091 factum
1332 2036 1737 2106 estaliquando,

177 2144 268 2183 nec
320 2127 429 2196 ﬂet)
479 2138 747 2184 tumentes
802 2143 864 2183 ac
921 2129 1208 2185 szevientes
1254 2131 1423 2185 undas
1491 2130 1741 2187 calcastis

175 2219 360 2273 Oceani
391 2219 492 2272 sub
535 2221 700 2274 remis
731 2220 946 2276 vestris.
973 2220 1236 2292 lneogniti
1263 2222 1372 2291 jam
1415 2223 1575 2277 nobis
1602 2237 1741 2292 pene

175 2309 332 2365 maris
363 2309 500 2364 unda
542 2312 900 2375 contremuit,
932 2321 987 2366 et
1014 2311 1340 2380 insperatam
1396 2312 1740 2382 imperatoris

176 2401 354 2457 faciem
392 2401 676 2457 Britannus
730 2401 1013 2471 expavitf.
1059 2402 1193 2469 Quid
1249 2403 1478 2471 amplius
1541 2405 1742 2458 vultis?

180 2493 465 2546 Virtutibus
486 2492 680 2548 vestris
705 2493 840 2548 victa
863 2493 1128 2548 elementa
1150 2502 1449 2548 cesserunt.
1475 2493 1623 2561 Quod
1647 2509 1741 2548 au-

179 2592 277 2638 tem
316 2583 453 2638 Deus
477 2583 662 2651 jubeat
709 2581 847 2637 idola
894 2600 1000 2638 non
1034 2585 1148 2638 lieri
1179 2627 1192 2650 ,
1221 2595 1576 2638 Sacrosanctre
1607 2585 1739 2654 legis

179 2675 365 2743 scripta
397 2674 692 2730 declarant.
722 2674 775 2727 lu
804 2675 990 2730 Exodo
1011 2677 1152 2730 enim
1184 2678 1262 2731 sic
1289 2676 1592 2732 invenimus
1620 2693 1741 2734 esse

183 2765 530 2836 perscriptum
555 2782 568 2819 :
601 2764 722 2819 Non
739 2767 939 2836 facietis
961 2757 1098 2820 vobis
1122 2769 1242 2820 deos
1269 2778 1554 2838 argenteos,
1584 2785 1742 2838 neque

181 2858 292 2912 deos
320 2874 498 2914 aureos
529 2857 726 2930 (Exod.
757 2874 850 2923 xx,
874 2858 987 2927 ‘25).
1011 2859 1076 2912 Et
1103 2874 1287 2913 rursus
1311 2859 1362 2913 in
1392 2860 1582 2915 eodem
1603 2860 1741 2914 libro

181 2968 355 3009 vocem
384 2953 476 3008 Dei
513 2952 756 3021 jubentis
779 2953 1028 3007 invenio:
1081 2951 1198 3006 Non
1227 2954 1385 3022 facies
1405 2955 1496 3006 tibi
1518 2954 1738 3018 idolum,

183 3062 264 3100 nec
300 3049 601 3118 cujusquam
629 3046 1014 3100 similitudinem
1041 3055 1063 3091 κ
1096 3045 1188 3118 (ib.
1218 3043 1312 3115 tv).
1345 3046 1610 3102 Pudorem
1645 3047 1741 3101 mi-

184 3138 310 3191 seris
353 3137 541 3192 indicit
573 3136 808 3207 Spiritus
861 3147 1098 3207 sanetus,
1129 3139 1251 3208 quia
1306 3141 1452 3209 cupit
1495 3148 1742 3195 errantes

1844 1944 2044 2010 Israel,
2075 1942 2328 1998 Dominus
2358 1940 2496 1996 Deus
2525 1952 2643 1995 tuus
2679 1950 2753 1996 est
2776 1982 2791 2008 ,
2826 1951 2871 1995 et
2918 1941 3098 2012 diliges
3145 1941 3420 1996 Dominum

1846 2035 2008 2090 Deum
2039 2044 2181 2089 tuum
2222 2036 2285 2089 de
2313 2043 2415 2088 toto
2448 2033 2598 2087 corde
2625 2043 2746 2098 tuo;
2773 2042 2818 2086 et
2853 2033 2915 2088 de
2959 2041 3063 2086 tota
3089 2035 3259 2086 anima
3291 2042 3379 2086 tua
3405 2074 3421 2100 ,

1845 2140 1891 2185 et
1922 2132 1982 2183 de
2012 2141 2117 2184 tota
2162 2131 2343 2182 virtute
2372 2139 2457 2182 tua
2485 2167 2500 2194 ,
2540 2129 2635 2181 hoc
2663 2128 2886 2198 primum
2915 2136 2986 2181 est
3013 2144 3030 2193 ;
3062 2137 3107 2181 et
3145 2127 3423 2181 secundum

1844 2225 2010 2277 simile
2051 2223 2213 2276 huic:
2242 2223 2420 2292 diliges
2465 2223 2756 2287 proximum
2805 2220 2893 2272 tibi
2939 2229 3194 2288 tamquam
3238 2227 3302 2272 te.
3357 2215 3423 2272 In

1845 2316 1923 2366 his
1965 2314 2161 2368 duobus
2215 2314 2482 2384 prwceptis
2528 2322 2632 2366 tota
2670 2312 2778 2366 Lex
2826 2312 3008 2380 pendet
3052 2322 3100 2365 et
3151 2309 3424 2381 PrOphette

1851 2404 1864 2452 i
1892 2402 2070 2475 (Deut.
2098 2420 2179 2470 Vl,
2207 2403 2476 2468 5;Matth.
2504 2421 2640 2471 χιιι,
2675 2404 2846 2458 57-40
2869 2421 2882 2468 ;
2909 2404 3078 2456 Marc.
3104 2419 3179 2457 xu
3199 2402 3422 2468 ,‘29—51:

1845 2494 1971 2546 Luc.
2003 2508 2034 2546 x
2055 2533 2070 2556 ,
2100 2493 2211 2562 27).
2247 2494 2502 2563 Sequitur
2529 2505 2709 2549 autem
2759 2498 2860 2550 hoc
2888 2495 3128 2549 divinum
3159 2508 3424 2549 veneran-

1841 2584 2077 2654 dumque
2125 2596 2449 2656 przeceptum
2499 2587 2817 2641 immortalis
2867 2586 3083 2641 Domini
3127 2601 3190 2641 ac
3238 2596 3422 2640 sancta

1842 2677 2155 2741 conclusio;
2184 2676 2331 2732 addit
2369 2677 2512 2731 enim
2537 2718 2551 2743 ,
2588 2688 2644 2732 ut
2675 2679 3014 2733 manifestius
3045 2678 3184 2731 viam
3229 2679 3421 2732 salutis

1843 2769 2119 2835 ostendat,
2146 2777 2202 2823 et
2227 2772 2298 2824 ita
2329 2769 2562 2838 loquitur
2585 2787 2597 2823 :
2632 2768 2759 2823 Htec
2781 2778 2854 2823 est
2883 2777 3054 2823 autem
3075 2769 3179 2822 vita
3200 2781 3422 2835 (eterna,

1843 2871 1898 2915 ut
1944 2872 2223 2934 agnoscant
2258 2872 2305 2916 te
2333 2863 2496 2916 solum
2528 2878 2698 2916 verum
2739 2861 2941 2928 Deum,
2971 2869 3017 2916 et
3055 2877 3202 2931 queat
3232 2862 3415 2915 misisti

1843 2951 2016 3007 Jesum
2042 2951 2297 3007 Christum
2330 2951 2508 3024 (Joan.
2538 2967 2644 3007 xvu
2666 2993 2680 3019 ,
2713 2953 2788 3022 5).
2817 2951 3109 3007 Sacrorum
3139 2951 3421 3005 mandato-
3475 2966 3480 2975 ·

1843 3065 1959 3105 rum
1989 3048 2235 3104 ordinem
2268 3048 2446 3114 scitis;
2477 3048 2601 3118 quid
2631 3049 2819 3118 sequi,
2852 3046 2980 3117 quid
3012 3046 3194 3118 lugere
3218 3046 3420 3101 debea-

1847 3141 1942 3208 tis,
1976 3142 2276 3197 veneranda
2307 3151 2466 3210 atque
2501 3139 2790 3196 immortali
2816 3154 2950 3196 voce
2995 3138 3279 3194 didicistis.
3313 3139 3423 3194 Au-

183 3243 443 3293 revocare,
477 3243 580 3283 non
620 3232 865 3298 perdere.
886 3229 949 3282 Et
971 3229 1045 3283 ait
1068 3245 1162 3298 per
1183 3228 1393 3285 Esaiam
1424 3229 1745 3302 :Confunde—
1767 3241 1814 3304 ο
1846 3232 1957 3291 d”.e
1994 3249 2214 3298 rursus,
2246 3234 2386 3304 quod
2431 3243 2641 3287 maneat
2689 3240 3098 3286 contemnentes
3143 3230 3369 3285 exitium
3399 3268 3413 3294 ,

183 3321 297 3372 mini
324 3320 637 3386 confusione,
659 3321 743 3390 qui
771 3319 928 3387 fiditis
951 3336 1107 3390 super
1147 3322 1406 3390 sculptiliu
1428 3363 1441 3388 ,
1473 3323 1557 3392 qui
1580 3323 1748 3376 dicitis

183 3410 441 3478 fusilibus:
470 3427 559 3464 vos
599 3413 716 3465 estis
762 3411 834 3464 dii
873 3413 1034 3465 nostri
1063 3410 1089 3488 ll
1122 3412 1288 3482 (Esai.
1335 3430 1480 3480 XLII,
1515 3415 1618 3485 l7).
1648 3414 1749 3471 Dat

183 3501 332 3553 etiam
369 3501 584 3570 legem,
648 3515 803 3569 quam
857 3510 1202 3557 censecratus
1265 3506 1496 3573 populus
1551 3506 1741 3561 devota

186 3593 527 3659 perpetuitate
571 3593 882 3656 custodiat,
944 3601 997 3646 ct
1049 3593 1118 3646 ita
1175 3594 1419 3649 mandat:
1464 3594 1739 3650 Dominum

187 3682 336 3736 Deum
364 3693 506 3737 tuum
554 3683 791 3738 adorabis
822 3726 836 3750 ,
867 3694 911 3737 et
941 3685 1035 3754 ipsi
1081 3687 1175 3739 soli
1215 3687 1400 3740 servies
1438 3686 1611 3756 (Deut.
1646 3703 1695 3741 γι
1722 3729 1736 3753 ,

186 3773 283 3838 t3;
309 3771 493 3829 Matth.
529 3791 601 3840 tv,
635 3775 737 3840 10;
780 3774 906 3830 Luc.
941 3791 1014 3843 tv,
1045 3775 1103 3847 8)
1153 3778 1217 3832 Et
1247 3779 1297 3831 in
1322 3777 1739 3834 Deuteronomio

184 3863 365 3918 similia
393 3865 484 3920 Dei
511 3865 758 3919 mandata
781 3877 1105 3932 noscuntur;
1139 3867 1211 3921 ai.
1237 3868 1378 3922 enim
1402 3885 1413 3921 :
1445 3866 1562 3922 Non
1589 3879 1736 3923 erunt

250 4102 274 4130 ἰ
304 4092 448 4149 Haud
475 4102 680 4155 exstant
720 4094 831 4148 haec
854 4094 905 4147 in
927 4091 1212 4161 Cypriano.
1237 4089 1515 4161 Variantes
1549 4090 1736 4143 lectio.

187 4164 263 4234 nis
292 4164 426 4220 haud
460 4167 532 4220 ita
561 4176 755 4234 paucas
785 4160 984 4217 natavit
1016 4160 1341 4234 Sabaterius.

247 4232 272 4270 ι’
303 4235 428 4291 Sine
458 4229 604 4289 metu
629 4233 1024 4289 obstaculorum
1055 4231 1139 4282 vel
1173 4229 1546 4284 rebellionnm.

255 4314 274 4342 ε
304 4304 936 4376 Legem_Constantii_c_t
984 4298 1294 4376 (_‘.onst_aui}i_s_
1340 4298 1555 4376 exhibet
1602 4298 1732 4352 Cod.

185 4368 447 4430 Theodo's.
476 4374 569 4429 lib.
603 4389 710 4434 xvr,
746 4368 826 4425 tit.
861 4373 925 4424 10
948 4411 962 4435 ,
1000 4370 1101 4436 leg.
1131 4369 1182 4421 4.
1220 4368 1404 4423 Lihan.
1447 4368 1594 4421 Orat.
1641 4381 1737 4437 pro

1851 3326 2041 3395 quibus
2067 3326 2188 3381 illos
2215 3325 2609 3379 calamitatibus
2653 3322 2948 3378 necessitas
2986 3320 3306 3376 veneranda:
3345 3319 3423 3374 Ie-

1848 3417 1929 3485 gis
1973 3416 2282 3470 astrinxerit
2311 3433 2322 3468 :
2355 3415 2591 3470 clausula
2624 3417 2766 3469 enim
2799 3413 3229 3468 venerandorum
3274 3426 3424 3465 matt-

1850 3505 2091 3559 datorum
2135 3505 2187 3560 in
2220 3505 2333 3560 hinc
2361 3506 2522 3559 verba
2550 3505 2791 3573 colligit:
2828 3503 3143 3570 Sacriﬁcans
3185 3501 3284 3554 diis
3310 3518 3425 3555 era-

1849 3595 2099 3648 dicabitur
2122 3638 2134 3661 ,
2175 3607 2358 3665 praeter
2385 3594 2605 3647 Domino
2632 3594 2728 3648 soli
2757 3591 2782 3629 ιι
2815 3591 3014 3663 (Exod.
3040 3594 3150 3645 xx'n
3173 3632 3187 3656 ,
3217 3591 3332 3660 20).
3364 3588 3422 3645 Si

1847 3685 2016 3739 solum
2049 3686 2365 3754 sacrilegum
2398 3684 2668 3738 hominem
2707 3682 2989 3738 metuenda
3024 3695 3179 3751 parua
3231 3696 3424 3750 percu-

1846 3784 1985 3832 teret
2023 3794 2034 3828 :
2075 3778 2118 3832 si
2165 3776 2411 3845 peceanti
2450 3775 2552 3830 soli
2608 3775 2902 3830 minaretur
2954 3773 3213 3829 severitas
3252 3771 3422 3841 legis,

1847 3869 1983 3924 bene
2016 3883 2074 3924 se
2117 3867 2183 3923 ad
2213 3867 2554 3937 sacrilegium
2601 3866 2855 3923 obstinati
2890 3865 3089 3924 luroris
3120 3865 3425 3920 temeritate

1845 4091 1995 4142 castis
2021 4087 2232 4141 Oceani.
2248 4086 2533 4157 Nummum
2550 4085 2668 4139 vide
2687 4085 2752 4157 a_d
2768 4094 2942 4138 catum
2962 4084 3122 4157 hujus
3146 4083 3396 4141 editionis
3410 4127 3422 4138 .

1918 4157 1935 4195 ί
1968 4158 2117 4212 Haud
2147 4159 2361 4226 quidem
2390 4154 2955 4226 provincia:__Romanae
2984 4153 3182 4208 dudum
3214 4165 3420 4223 pacata:

1845 4229 2041 4294 incola,
2073 4223 2537 4289 sed'Caledonius,
2577 4227 2629 4278 in
2670 4223 2904 4294 Scotiam
2938 4226 3288 4292 irruptionem
3319 4230 3419 4280 mi-

1844 4293 2038 4352 nitans.
2072 4295 2205 4350 Belli
2235 4297 2410 4350 exitus
2438 4296 2746 4363 ignoratur;
2779 4293 2873 4348 sed
2903 4295 3104 4347 nummi
3138 4297 3418 4352 victoriam

1845 4368 2156 4438 praedicant,
2185 4367 2282 4420 etsi
2302 4381 2524 4438 quoque
2550 4365 2602 4418 in
2633 4364 2944 4438 memoriam
2969 4364 3092 4417 belli
3115 4381 3231 4418 cum
3252 4363 3422 4421 Fran-

189 4445 397 4523 templis
417 4442 600 4523 p_._23,
644 4444 710 4495 de
737 4441 950 4523 templis
984 4435 1227 4523 palatinis
1264 4440 1563 4523 hominibus
1596 4435 1739 4523 dono
1766 4455 1820 4516 Β
1846 4435 1922 4492 cis
1948 4439 2082 4520 gesti
2114 4435 2332 4518 procudi
2362 4444 2682 4523 potuerunt:
2713 4435 2977 4523 incertum
3009 4445 3207 4523 tamqn,
3237 4446 3419 4523 utrum

186 4507 335 4565 datis.
358 4507 544 4569 Reisk.
571 4527 630 4572 ιι.
661 4526 710 4580 p.
743 4507 864 4564 185;
899 4510 973 4563 De
1005 4510 1257 4580 reditibus
1288 4511 1603 4580 templorum
1633 4507 1743 4563 dis-

187 4580 362 4647 sipatis
409 4583 552 4638 idem
597 4577 746 4637 Orat.
788 4583 838 4634 in
877 4594 1060 4634 necem
1106 4578 1321 4634 Juliani.
1377 4577 1526 4634 Haud
1565 4591 1740 4633 tamen

187 4655 351 4707 omnia
383 4653 574 4718 templa
611 4651 878 4707 destructa
911 4650 1108 4714 fuisse,
1142 4649 1498 4718 posteriorum
1542 4656 1745 4716 tempo-

188 4737 298 4794 rum
328 4739 496 4794 usque
533 4723 599 4778 ad
626 4721 986 4794 Theodosium
1033 4721 1277 4794 liliosque
1309 4719 1530 4794 historia
1561 4719 1741 4782 docet.

190 4789 462 4864 Ipsumque
483 4793 850 4864 Constantium
880 4791 1068 4864 [tenue
1082 4789 1377 4864 moderate
1391 4791 1586 4864 egisse,
1614 4799 1747 4864 tern-

191 4855 266 4927 pla
291 4855 558 4929 visitasse,
586 4863 853 4931 virginum
894 4860 1182 4931 Vestalium
1227 4855 1744 4931 privilegiadcnnllr-

190 4946 375 5001 orasse,
407 4941 634 4987 testatur
659 4929 1009 5001 Symmachus
1042 4929 1266 5001 Epistol.
1305 4930 1392 5001 tt),
1427 4945 1482 5001 ιι.
1511 4929 1597 5001 Si.

252 4999 277 5037 ἀ
305 5003 466 5056 Plena
496 5009 623 5056 sunt
649 4998 1013 5054 adulationum
1045 4999 1176 5052 lucc.
1208 4998 1336 5051 Nam
1366 5000 1419 5051 in
1451 4998 1589 5052 bello
1619 4999 1747 5052 Per-

190 5067 294 5123 sieo
324 5087 412 5126 res
437 5071 690 5126 Romanis
719 5086 898 5136 parum
929 5069 1156 5122 feliciter
1184 5077 1482 5122 cesserunt.

259 5147 281 5176 ε
305 5139 502 5194 Versus
534 5141 689 5194 linem
723 5138 963 5194 Januarii
983 5139 1086 5192 545
1107 5156 1118 5190 :
1142 5137 1389 5192 Constans
1417 5148 1594 5200 pacata
1621 5136 1746 5192 Gal-

191 5208 273 5269 lia,
303 5225 417 5262 cum
442 5210 603 5263 classe
631 5209 856 5262 Bononia
886 5208 1035 5260 solvit
1053 5247 1066 5272 ,
1105 5205 1427 5260 Britanniam
1454 5208 1744 5270 invasurus;

193 5275 385 5332 Libanii
418 5277 575 5339 Orat.
617 5280 679 5342 3;
729 5279 1042 5333 Ammianus
1093 5277 1329 5330 Marcell.
1379 5277 1497 5332 Lib.
1530 5292 1618 5339 xx,
1674 5277 1743 5330 1:

195 5346 348 5416 llujus
372 5348 723 5416 expeditionis
743 5354 917 5401 exstat
945 5347 1123 5416 testis,
1156 5363 1404 5398 nummus
1433 5361 1608 5400 aereus
1635 5361 1748 5400 ma-

194 5415 309 5468 ximi
353 5415 595 5479 moduli,
649 5421 702 5471 in
746 5419 899 5482 cujus
944 5415 1167 5467 adversa
1209 5430 1429 5468 BONONIA
1480 5429 1741 5469 oceaueu.

194 5485 529 5541 Mulierstans
561 5487 612 5540 in
652 5487 878 5540 triremi.
925 5499 970 5537 s.
1014 5483 1280 5552 clypeum.
1334 5487 1387 5536 d.
1420 5483 1628 5537 hastam
1672 5488 1746 5538 in-

196 5565 396 5625 torquet
450 5555 502 5608 in
549 5554 769 5624 ﬁguram
818 5561 1116 5625 natantem;
1164 5554 1747 5625 adproram_triremis

201 5621 445 5688 Victoria,
483 5625 548 5678 ad
582 5621 795 5692 puppim
835 5624 940 5676 duo
969 5623 1113 5692 signa
1161 5624 1431 5692 militaria.
1461 5621 1746 5678 Nummum

200 5696 407 5749 exhibet
428 5690 726 5749 Bandurius
746 5692 1001 5746 Numism.
1026 5690 1191 5759 impp.
1209 5691 1431 5745 Roman.
1462 5706 1521 5757 ιι,
1547 5707 1596 5760 ρ.
1617 5693 1743 5748 548.

207 5767 419 5835 Egregie
445 5763 675 5834 explicat
703 5762 864 5817 verba
891 5761 1134 5816 Firmiei:
1175 5763 1430 5815 servientes
1451 5761 1613 5814 undas
1640 5764 1747 5816 cal-

1844 4504 2006 4562 armis
2029 4509 2202 4576 p0tius
2225 4520 2290 4559 an
2309 4514 2529 4576 argento
2549 4507 2598 4576 hi
2621 4506 2671 4559 in
2690 4505 3047 4560 obedientiam
3063 4504 3269 4574 reducti
3290 4505 3416 4560 sint.

1846 4577 1912 4632 At
1944 4575 2189 4632 nummus
2220 4575 2436 4631 maximi
2466 4575 2688 4642 moduli,
2719 4579 2768 4628 in
2796 4591 2902 4643 quo
2933 4575 3232 4642 imperator
3255 4590 3420 4640 eques

1849 4650 2055 4715 hostem
2097 4650 2354 4701 inermem
2410 4655 2568 4714 atque
2609 4647 2853 4714 ingenua
2901 4644 3210 4712 prolapsum
3265 4643 3418 4698 hasta

1847 4720 1975 4788 petit
2005 4718 2078 4790 (v.
2108 4717 2493 4790 Banduriumhl.
2527 4715 2602 4785 c.)
2630 4719 2711 4790 cui
2736 4715 3050 4790 inscriptum
3075 4727 3416 4790 nuneusgon

1845 4782 2037 4843 esuri.
2087 4801 2358 4847 BARBARR,
2393 4782 2590 4854 aliique
2645 4783 2921 4854 Victoriam
2957 4783 3172 4852 Augusti
3202 4795 3256 4837 et
3294 4782 3420 4836 Glo-

1846 4862 1975 4911 riam
2004 4857 2351 4911 Romanorum
2378 4855 2752 4922 praedicantes,
2782 4853 2969 4907 eadem
3002 4855 3285 4907 occasione
3310 4868 3412 4916 qua

1847 4931 2049 4995 primus
2089 4942 2207 4981 cum
2237 4925 2490 4978 Bononia:
2520 4924 2734 4995 nomine
2756 4925 2890 4987 cusi,
2921 4933 2975 4976 et
3013 4922 3080 4995 ad
3113 4923 3412 4995 expeditio-

1849 4993 1965 5052 nem
1997 4995 2370 5050 Caledonicam
2398 4993 2660 5048 referendi
2693 4995 2968 5055 videntur;
2995 4993 3061 5046 de
3092 4994 3279 5059 quibus
3309 5007 3414 5045 cte-

1850 5079 2017 5122 ternm
2075 5067 2216 5119 conf.
2281 5064 2354 5118 Le
2395 5064 2534 5117 Beau
2580 5062 2804 5116 Histoire
2840 5064 2908 5114 du
2957 5061 3318 5129 Bas-Empire,
3351 5075 3411 5123 ιι,

1847 5154 1897 5206 p.
1935 5136 2022 5198 62,
2065 5146 2116 5187 et
2160 5134 2469 5206 Tiﬂemont,
2508 5132 2734 5186 Histoire
2762 5135 2849 5206 des
2880 5130 3209 5206 Empereurs,
3252 5145 3322 5206 tv,
3355 5146 3409 5197 p.

1847 5201 1966 5260 336.
2000 5206 2099 5260 Atii
2126 5205 2188 5256 ad
2223 5201 2536 5257 Francicam
2584 5218 2796 5273 quoque
2825 5201 3019 5256 bellum
3045 5203 3406 5273 pertinebunt.

1851 5274 2068 5330 Eckhel.
2101 5275 2280 5327 Doctr.
2313 5269 2877 5328 NummorCVcterum
2909 5287 3023 5334 vm,
3046 5269 3106 5338 'p.
3136 5270 3186 5323 ὅ.
3219 5269 3336 5322 112.

1919 5355 1942 5414 t.‘
1975 5344 2122 5398 Facit
2145 5359 2266 5397 cum
2291 5343 2578 5414 Cypriane,
2612 5344 2821 5414 exhort.
2848 5341 2914 5414 a_d
2947 5342 3163 5409 Martyr.

1919 5413 1942 5450 δ
1975 5415 2163 5466 Parum
2193 5412 2389 5467 ditl‘ert.
2421 5429 2448 5465 a
2480 5424 2622 5468 textu
2649 5412 3014 5468 Sabateriano.

1929 5483 2527 5558 iﬁerethyprslnl.
2807 5553 2840 5558 __
2922 5549 2935 5558 _
2995 5549 3005 5558 _
3071 5549 3080 5558 ,
3243 5547 3252 5558 .

1925 5558 1936 5602 ι
1979 5554 2204 5623 Marcmn
2252 5545 2514 5622 imprimis
2545 5567 2656 5623 prae
2701 5553 2874 5606 oculis
2922 5549 3176 5604 habuisse
3207 5545 3415 5602 videtur

1850 5621 2390 5697 entn_(_lypriano_l.’_l.
2435 5693 2478 5697 *Α
2548 5621 2558 5623 ’
2640 5692 2671 5697 η
2785 5692 2796 5697 _
2956 5685 2989 5697 Α
3098 5686 3109 5697 ο
3188 5686 3198 5697 ,

1922 5692 1941 5729 ιε
1979 5685 2055 5746 Ut'
2072 5685 2258 5748 auctor
2286 5694 2299 5746 Ι
2326 5694 2391 5748 de
2420 5692 2757 5749 Alcatoribus
2784 5692 2923 5746 inter
2951 5685 3318 5758 Cyprianicos.
