3922 6420
490 380 655 437 1017

993 376 1163 434 JULII
1203 372 1457 431 FIRMICI
1494 369 1802 447 MATERNI
1842 371 1931 426 DE
1972 368 2247 427 ERRORE
2286 368 2759 426 PROFANARUM
2792 366 3241 427 RELlGlONUM.

3604 368 3738 423 1018

480 496 720 557 ﬁrmaret
752 512 764 549 :
807 506 948 548 nunc
978 492 1142 548 etiam
1192 489 1349 558 stirpi
1390 489 1625 543 minatur
1663 495 1710 542 et
1760 486 1931 541 soboli
1956 527 1970 549 ,
2011 497 2065 540 et
2097 502 2142 563 Α
2169 486 2234 540 ad
2282 484 2412 540 illud
2440 499 2637 553 anceps
2663 526 2679 550 ,
2716 484 2803 539 ubi
2854 500 2980 555 spes
3008 526 3022 549 ,
3054 483 3143 540 ubi
3186 494 3310 538 vota
3356 483 3635 539 deficiunt.
3678 483 3744 538 Et

485 586 593 641 hoc
621 586 761 657 agit,
792 600 861 641 ne
909 599 1012 656 qua
1044 598 1169 654 pars
1196 582 1508 652 nequissimi
1538 580 1759 635 seminis
1799 581 2069 651 relinqua-

485 687 612 748 tur,
659 694 727 735 ne
776 679 923 750 quod
976 677 1182 748 profani
1237 676 1453 745 generis
1494 673 1777 743 vestigium
1832 681 2066 727 maneat.

486 772 798 841 Sacriﬁcans
823 814 839 839 ,
894 771 1104 841 inquit,
1150 769 1247 822 diis
1281 766 1625 821 eradicabitur
1667 764 1846 839 (Deut.
1878 780 2026 820 χχχιι
2053 806 2067 830 ,

487 865 601 935 17).
632 862 930 919 Considera
962 860 1089 930 quid
1129 873 1256 930 agas
1283 901 1296 923 ,
1328 860 1524 913 misera
1567 872 1629 913 ac
1665 858 1905 911 luctuosa
1943 870 2067 925 per-

486 958 689 1010 suasio.
714 952 946 1007 Facinus
970 962 1116 1004 tuum
1145 949 1404 1020 plurimos
1430 947 1637 1018 perdit,
1661 956 1714 1001 et
1742 962 1834 1013 per
1855 955 2068 1000 omnem

483 1047 841 1104 substantiam
871 1044 1085 1114 generis
1118 1043 1193 1097 tui
1223 1042 1445 1097 fecunda
1475 1055 1630 1111 pmna
1660 1040 1935 1094 dividitur.
1961 1038 2070 1092 Cur

484 1147 667 1193 autem
699 1147 884 1191 contra
919 1134 1291 1189 sacrificantes
1322 1134 1398 1187 sic
1428 1133 1613 1186 smviat
1639 1173 1653 1195 ,
1688 1130 1950 1184 ordinatae
1999 1129 2071 1183 le-

482 1230 567 1300 gis
605 1228 937 1283 auctoritatis
969 1228 1018 1279 in
1046 1225 1468 1280 Denteronomio
1497 1222 1777 1278 manifesta
1806 1221 2071 1291 significa-

484 1323 630 1376 tit‘ne
656 1332 991 1376 monstratur
1018 1337 1028 1370 :
1064 1320 1133 1373 ita
1159 1318 1305 1373 enim
1332 1318 1636 1372 invenimus
1656 1329 1776 1369 esse
1806 1314 2072 1383 perscrip-

486 1424 602 1467 tnm
629 1429 643 1466 :
678 1412 1116 1479 Sacri/iraverunt
1161 1409 1426 1463 dremoniis
1451 1452 1463 1471 ,
1497 1417 1545 1460 et
1585 1423 1684 1460 non
1717 1404 1823 1458 Deo
1853 1402 2067 1472 (lbid.).

485 1505 566 1560 Ad
597 1505 994 1559 contaminatos
1023 1517 1086 1557 ac
1127 1501 1360 1570 pollutus
1388 1512 1440 1554 te
1479 1499 1698 1569 spiritus
1727 1512 1792 1550 ne
1839 1494 2069 1550 transle-

491 1610 618 1660 ras,
659 1596 725 1649 ab
762 1594 1117 1647 inferioribus
1156 1608 1223 1646 ne
1270 1606 1456 1659 speres
1508 1591 1766 1644 auxilium

445 1670 455 1679 ’
487 1687 763 1757 supplices
787 1728 801 1751 ,
836 1687 1031 1754 quibus
1064 1685 1156 1737 Dei
1196 1686 1371 1754 gratia
1397 1725 1409 1745 ,
1438 1684 1546 1752 jam
1580 1683 1845 1750 imperare
1883 1679 2066 1734 debes.

491 1781 637 1837 Ecce
680 1782 887 1835 daemon
940 1788 1224 1847 estquem
1265 1777 1441 1841 colis;
1483 1790 1603 1830 cum
1640 1774 1729 1828 Dei
1779 1782 1832 1827 et
1868 1772 2071 1827 Christi

486 1873 606 1942 ejus
636 1887 829 1927 nomen
846 1870 1114 1936 audierit,
1134 1868 1509 1924 contremiscit
1527 1910 1542 1933 ,
1561 1875 1616 1922 ct
1644 1878 1702 1921 ut
1731 1865 2070 1936 interrogan-

486 1964 631 2020 tibus
681 1964 835 2019 nobis
883 1961 1215 2034 respondeat
1263 1958 1586 2030 trepidantia
1630 1957 1833 2023 verba,
1883 1956 1970 2010 vix
2014 1970 2072 2011 se

488 2056 695 2125 colligit
722 2064 745 2090 α
779 2076 790 2106 :
821 2053 1109 2108 adhaerens
1156 2044 1360 2105 homini
1389 2051 1691 2115 laceratur,
1741 2048 1912 2101 uritur
1932 2086 1947 2109 ,
1976 2062 2072 2099 va-

489 2145 637 2215 pulat
660 2185 674 2209 ,
705 2155 756 2199 et
783 2145 963 2199 statim
996 2144 1063 2198 de
1094 2143 1397 2197 commissis
1437 2141 1733 2212 sceleribus
1767 2139 2071 2194 confitetur.

493 2233 573 2289 Ne
615 2235 755 2289 hunc
794 2235 975 2299 colas,
1022 2249 1089 2288 ne
1138 2231 1261 2287 huic
1308 2232 1617 2302 supplices,
1664 2246 1731 2286 ne
1776 2238 2077 2299 prostratus

496 2326 619 2380 huic
658 2324 845 2380 ﬂectas
886 2339 1092 2395 genua,
1127 2320 1771 2391 interdictogvenerandae
1818 2322 1953 2391 legis
1992 2321 2078 2390 ju-

493 2418 659 2474 beris.
700 2417 835 2471 llinc
864 2416 1171 2471 severitatis
1214 2430 1368 2484 paena
1390 2457 1405 2480 ,
1438 2414 1564 2469 hinc
1593 2412 2076 2467 animadversionis

493 2517 641 2563 metu
680 2506 965 2562 metuenda
1029 2508 1319 2561 sententia.
1372 2505 1549 2573 Quid,
1602 2505 1695 2559 Dei
1748 2504 2074 2574 indulgentia

490 2598 741 2653 libertate
768 2611 1026 2652 concessa
1046 2641 1059 2663 ,
1088 2598 1272 2667 jugum
1313 2598 1492 2666 potius
1523 2596 1679 2666 eligis
1708 2596 1983 2650 servitutis
2009 2593 2077 2646 b?

812 2686 926 2741 Non
956 2688 1156 2741 desinit
1184 2688 1330 2742 Deus
1357 2699 1600 2741 summus
1625 2686 1827 2740 crimen
1864 2686 1967 2738 hoc
1994 2698 2079 2737 sa-

495 2779 658 2835 lutari
688 2793 823 2834 voce
856 2779 1101 2849 pulsare,
1132 2778 1225 2833 sed
1274 2777 1642 2834 misericordia
1674 2777 1788 2846 ejus
1834 2784 2079 2830 errantes

496 2873 747 2928 homines
776 2874 1052 2943 corrigere
1092 2870 1358 2942 frequenti
1388 2871 1807 2944 comminatione
1840 2869 2073 2925 festinat.

442 2962 447 2969 ’
497 2963 637 3019 Audi
670 2978 763 3033 per
792 2963 1009 3017 Esaiam
1042 2964 1351 3032 prophetam
1384 2977 1486 3017 vox
1524 2963 1702 3017 divina
1734 2960 1862 3029 quid
1892 2961 2034 3016 dicat
2062 2977 2075 3013 :

496 3052 851 3107 Adoraverunt
887 3054 1042 3117 deos,
1071 3069 1198 3123 quos
1225 3052 1451 3121 [eoerunt
1479 3052 1627 3123 digiti
1651 3068 1825 3105 eorum
1848 3092 1863 3117 ,
1893 3061 1940 3105 et
1967 3067 2083 3104 cur-

496 3156 643 3197 vatus
683 3153 753 3198 est
795 3146 979 3210 homo,
1009 3154 1057 3196 et
1089 3144 1391 3197 humiliatus
1420 3153 1496 3197 est
1525 3128 1633 3206 uir,
1664 3154 1709 3195 et
1754 3158 1854 3194 non
1898 3140 2080 3195 laxabo

1812 1607 1823 1641 :
1858 1587 1940 1643 ’πθ
1988 1587 2095 1649 his

2172 586 2227 632 ut
2254 575 2592 632 manifestius
2630 577 2916 630 instruaris
2940 615 2956 642 ,
2996 574 3476 630 animadversionis
3520 575 3741 629 exitium

2172 666 2338 722 disce.
2388 666 2564 736 Super
2595 665 2694 720 hac
2738 680 2796 720 re
2838 667 2888 719 in
2933 666 3253 737 Apocalypsi
3297 673 3441 721 totus
3469 665 3602 720 ordo
3632 680 3744 719 res-

2172 758 2325 828 ponsi
2365 764 2483 823 est;
2521 758 2590 810 ita
2624 756 2766 811 enim
2815 755 3073 827 scriptum
3122 765 3251 810 est:
3295 756 3356 811 Si
3403 757 3516 824 quis
3562 755 3743 809 adorat

2172 851 2375 906 bestiam
2400 859 2449 905 et
2476 850 2748 921 imaginem
2776 851 2914 918 ejus,
2948 860 2993 904 et
3019 850 3202 919 accipit
3231 860 3345 903 vota
3373 851 3422 903 in
3452 854 3617 919 fronte
3648 866 3743 902 sua

2172 954 2217 998 et
2250 945 2302 996 in
2344 959 2499 996 manu
2524 986 2537 1010 ,
2572 943 2703 997 bibet
2744 953 2789 997 et
2834 943 2942 1008 ipse
2973 944 3035 996 de
3072 943 3189 995 vino
3217 944 3307 996 ira:
3336 942 3429 995 Dei
3449 984 3463 1006 ,
3491 943 3649 996 mixto
3691 942 3742 995 in

2170 1036 2352 1107 poculo
2381 1036 2471 1091 ira
2509 1040 2641 1109 ejus.
2674 1034 2741 1089 Et
2774 1035 2948 1104 puniet
2978 1036 3094 1107 igne
3121 1044 3167 1087 et
3193 1034 3437 1102 sulphure
3463 1034 3555 1089 sub
3583 1032 3745 1088 oculis

2170 1131 2290 1200 agni
2314 1170 2328 1193 ,
2362 1137 2411 1182 et
2439 1132 2610 1199 fumus
2639 1129 2701 1182 de
2737 1126 3000 1182 tormentis
3030 1143 3205 1181 eorum
3235 1126 3287 1178 in
3314 1126 3504 1181 swcula
3532 1125 3746 1181 sa'culo—

2170 1236 2284 1272 rum
2320 1219 2580 1274 ascendet.
2614 1217 2726 1271 Nec
2774 1217 3025 1271 habebunt
3078 1215 3299 1287 requiem
3339 1216 3422 1270 die
3462 1231 3522 1269 ac
3561 1226 3705 1269 nocte
3728 1255 3742 1279 ,

2171 1312 2365 1379 quieuit.
2389 1327 2475 1379 _-.te
2496 1310 2712 1365 adorant
2742 1310 2954 1365 bestiam
2984 1320 3031 1364 et
3069 1309 3345 1380 imaginem
3370 1311 3479 1381 ejus
3509 1305 3526 1344 ί
3560 1306 3742 1380 (Apoc.

2174 1418 2297 1468 Μ’
2330 1397 2397 1472 θ’
2431 1403 2544 1473 m'
2734 1472 2962 1529 CAPUT
3001 1448 3169 1527 XXX.

2177 1562 2403 1633 Denique
2422 1564 2653 1619 divinum
2681 1564 2745 1618 de
2768 1563 3060 1618 idololatris
3087 1564 3429 1636 exstirpandis
3453 1561 3747 1617 mandatum

2234 1655 2411 1726 (Deut.
2444 1655 2559 1726 xm)
2596 1656 2987 1726 imperatoribus
3058 1656 3321 1727 iuculpat,
3350 1657 3430 1709 cui
3484 1657 3526 1706 si
3562 1668 3747 1705 morem

2241 1757 2535 1817 gerant,'et
2572 1763 2872 1827 prosperum
2927 1748 2991 1801 iis
3029 1756 3256 1802 eventum
3282 1756 3328 1800 et
3378 1745 3504 1815 felix
3540 1742 3751 1813 posthac

2102 1872 2148 1930 B
2242 1838 2529 1907 imperium.
2573 1889 2595 1909 ,.

2246 1953 2351 2007 Sed
2400 1963 2454 2007 et
2482 1953 2631 2007 vobis
2656 1994 2667 2016 ,
2697 1952 3048 2007 sacratissimi
3081 1952 3461 2021 nuper-stores,
3490 1948 3555 2004 ad
3582 1933 3753 2003 vindi-

2177 2042 2402 2097 candum
2450 2054 2501 2096 et
2547 2042 2871 2111 puniendum
2901 2042 3003 2098 hoc
3032 2044 3229 2097 malum
3265 2041 3556 2097 necessitas
3586 2038 3752 2108 impe-

2180 2141 2360 2196 ratur,
2403 2142 2457 2187 et
2496 2134 2599 2187 hoc
2640 2133 2790 2189 vobis
2826 2134 2917 2189 Dei
2958 2136 3153 2190 summi
3192 2135 3308 2206 lege
3338 2133 3661 2204 praecipitur,
3699 2140 3754 2185 ut

2177 2224 2436 2280 severitas
2464 2234 2641 2281 vestra
2673 2224 2990 2282 idololatria:
3028 2225 3235 2281 facinus
3261 2225 3595 2280 omnifariam
3633 2237 3757 2293 per-

2178 2324 2454 2386 sequatur.
2507 2317 2702 2371 Audite
2746 2326 2799 2372 et
2842 2317 3216 2372 commendate
3262 2317 3466 2371 sanctis
3510 2313 3755 2369 sensibus

2181 2407 2377 2461 vestris
2411 2406 2541 2477 quid
2570 2407 2636 2463 de
2662 2409 2766 2465 isto
2798 2408 3038 2483 facinore
3068 2410 3207 2463 Deus
3239 2408 3444 2477 jubeat.
3476 2406 3531 2461 In
3563 2405 3755 2459 Deuts-

2180 2502 2425 2557 ronomio
2461 2502 2547 2557 lex
2582 2501 2684 2556 ista
2719 2503 3029 2571 prtescripta
3076 2511 3192 2557 est:
3236 2502 3310 2556 ait
3336 2500 3481 2555 enim
3512 2516 3524 2552 :
3552 2497 3689 2569 quod
3713 2498 3755 2551 si

2178 2593 2429 2663 rogaverit
2473 2602 2517 2647 te
2557 2595 2717 2663 frater
2739 2604 2879 2661 tuus,
2919 2604 3005 2647 aut
3047 2595 3186 2656 ﬁlius
3209 2603 3345 2657 tuus,
3375 2602 3465 2646 aut
3491 2606 3623 2644 uxor
3646 2600 3750 2653 tua,

2179 2701 2295 2756 qua:
2326 2694 2400 2738 est
2432 2686 2484 2739 in
2525 2686 2643 2739 sinu
2674 2696 2783 2753 tuo,
2815 2695 2903 2739 aut
2938 2687 3132 2741 amicus
3168 2696 3306 2751 tuus,
3332 2685 3419 2755 qui
3450 2692 3521 2737 est
3547 2682 3757 2750 aqualis

2177 2777 2363 2831 anima:
2391 2786 2512 2843 tua',
2542 2778 2757 2832 latenter
2780 2777 2953 2832 dicens
2983 2794 3001 2833 :
3030 2776 3225 2832 Eamus
3263 2786 3308 2829 et
3338 2775 3614 2829 serviamus
3642 2772 3757 2825 aliis

2180 2870 2280 2925 diis
2306 2870 2553 2943 gentium,
2596 2888 2697 2925 non
2732 2872 3015 2927 consenties
3044 2872 3111 2937 ei,
3142 2880 3190 2925 et
3217 2861 3590 2924 non'exaudies
3618 2881 3754 2931 eum,

2179 2970 2227 3015 et
2269 2977 2372 3016 non
2409 2970 2588 3027 parcat
2625 2962 2804 3015 oculus
2850 2972 2967 3016 tuus
2997 2978 3150 3031 super
3170 2963 3313 3026 eum,
3342 2968 3388 3014 et
3425 2974 3526 3012 non
3547 2954 3753 3018 celabis,

2179 3057 2488 3111 annuntians
2534 3056 2862 3111 annuntiabis
2903 3057 2966 3110 de
3005 3057 3117 3110 illo.
3155 3055 3344 3108 Manus
3371 3062 3459 3106 tua
3488 3050 3582 3104 erit
3605 3062 3758 3117 super

2180 3163 2293 3201 eum
2338 3148 2591 3217 imprimis
2621 3148 2909 3216 interﬁcere
2935 3162 3069 3214 eum,
3103 3156 3151 3199 et
3185 3159 3370 3199 manus
3398 3142 3562 3196 omnis
3582 3140 3759 3210 papnli

498 3234 607 3289 illis
641 3238 664 3266 θ
694 3233 877 3305 (Esai.
908 3249 979 3304 ιι,
1013 3234 1045 3290 8
1067 3275 1082 3301 ,
1117 3234 1203 3305 9).
1239 3239 1305 3288 Et
1346 3237 1456 3303 jam
1504 3248 1683 3299 vos,o
1719 3232 1923 3301 profani
1958 3232 2070 3285 ho-
2099 3230 2144 3292 C
2178 3236 2435 3307 deinceps.
2478 3237 2810 3306 Lapidabunt
2832 3254 2946 3291 eum
2986 3246 3033 3292 et
3061 3236 3324 3299 morietur,
3357 3234 3597 3304 quoniam
3618 3246 3759 3302 qua:—

497 3325 672 3391 mines
700 3367 714 3389 ,
764 3326 957 3378 iratum
997 3339 1192 3378 numen
1225 3324 1544 3394 alloquitur,
1576 3334 1629 3377 et
1650 3322 1826 3378 adhuc
1864 3336 2079 3377 errores

393 3480 397 3486 ί
495 3426 705 3470 vestros
734 3417 1175 3474 sacraconvcnit
1217 3431 1383 3480 voce;
1416 3418 1491 3469 ait
1534 3418 1674 3470 enim
1714 3416 1765 3469 in
1807 3415 2078 3485 sequenti-

494 3508 596 3563 bus
635 3521 727 3574 per
754 3506 1003 3562 eumdem
1034 3507 1349 3575 prophetam
1377 3525 1390 3560 :
1421 3505 1540 3560 Illis
1571 3507 1778 3576 fudistis
1805 3507 2079 3572 libamina,

496 3609 545 3655 et
569 3600 678 3655 illis
721 3586 1041 3672 imposuistis
1063 3602 1348 3671 sacriﬁcia.
1381 3601 1554 3670 Super
1581 3601 1687 3654 haec
1717 3616 1818 3653 nou
1843 3600 2082 3671 indigna-

497 3694 621 3761 bor,
652 3693 772 3747 dicit
820 3694 1072 3749 Dominus
1101 3692 1129 3731 (ί
1156 3695 1175 3766 (
1198 3693 1342 3765 Esai.
1378 3709 1515 3761 Lvn,
1548 3693 1653 3766 6)?
1683 3693 1867 3747 Adhuc
1912 3694 2083 3762 indig-

469 3852 481 3857 η
499 3784 776 3839 nationem
816 3800 968 3839 saam
1000 3784 1253 3839 salutaris
1283 3786 1425 3839 Deus
1464 3786 1692 3851 dilatat,
1739 3785 2079 3837 severitatem

467 3863 815 3943 'suspendit,
848 3875 893 3927 si
928 3887 1024 3927 vos
1052 3873 1274 3927 forsitan
1308 3887 1535 3942 peccare
1566 3870 1818 3940 paeniteat
1842 3912 1857 3936 ,
1892 3880 1948 3924 ut
1999 3886 2073 3924 sa-

497 3964 714 4035 crilega:
743 3965 1041 4019 voluntatis
1060 3964 1284 4019 exitium
1325 3964 1508 4034 aliquo
1524 3979 1723 4033 genere
1746 3962 2080 4033 relinquatis.

501 4055 646 4114 Ecce
674 4057 727 4112 in
759 4057 877 4127 ipso
909 4056 1294 4127 indignationis
1338 4057 1536 4126 impetu
1584 4054 1855 4111 moderata
1899 4069 2084 4110 rursus

498 4162 630 4203 voce
660 4148 987 4215 persuadet,
1025 4157 1079 4201 et
1119 4148 1319 4201 irarum
1367 4163 1586 4202 suarum
1638 4147 1947 4215 comprimit
1989 4148 2083 4200 sti-

495 4239 703 4304 mulos;
741 4239 815 4292 ait
842 4241 985 4294 enim
1016 4254 1113 4309 per
1143 4239 1467 4294 Hieremiam
1517 4238 1833 4309 prophetam
1863 4256 1876 4292 :
1910 4236 2085 4292 Nolite

497 4327 759 4382 ambulare
807 4339 922 4397 post
966 4328 1088 4382 deos
1117 4330 1361 4396 alienos,
1394 4339 1449 4383 ut
1493 4331 1730 4383 serviatis
1776 4331 1886 4394 eis,
1933 4340 1981 4383 et
2023 4346 2086 4382 ne

495 4420 832 4473 adoraveritis
858 4460 873 4483 ,
916 4435 981 4471 ne
1025 4420 1250 4472 incitetis
1298 4436 1378 4473 me
1423 4420 1663 4490 aperibus
1703 4435 1946 4476 manuum
1974 4436 2083 4474 ves-

493 4517 692 4564 trarum
720 4509 789 4563 ad
826 4510 1195 4577 disperdendos
1225 4526 1312 4563 vos
1336 4519 1357 4545 ε
1390 4509 1616 4580 (Jerem.
1657 4527 1801 4576 xxv,
1829 4511 1906 4579 6).
1939 4512 2078 4577 Quid

2180 3329 2298 3383 sivit
2331 3338 2551 3383 avertere
2583 3338 2630 3384 te
2672 3347 2703 3383 a
2752 3328 2968 3384 Domino
2998 3338 3086 3383 tuo
3123 3338 3147 3376 Β
3204 3326 3381 3399 (Deut.
3422 3340 3542 3391 snt,
3582 3322 3754 3392 6—10).

2182 3418 2289 3475 Nec
2320 3420 2427 3475 filio
2457 3421 2608 3491 jubet
2631 3422 2798 3491 parci,
2827 3436 2925 3476 nec
2951 3419 3125 3487 fratri,
3157 3430 3212 3477 et
3241 3435 3337 3491 per
3366 3428 3598 3479 amatam
3626 3430 3756 3469 con-

2177 3511 2356 3582 jugem
2391 3513 2626 3582 gladium
2652 3514 2918 3569 vindicem
2957 3513 3122 3570 ducit.
3157 3512 3405 3569 Amicum
3432 3508 3644 3579 qucque
3671 3521 3759 3562 su-

2180 3603 2331 3659 blimi
2378 3607 2673 3661 severitate
2706 3607 3043 3677 persequitur
3065 3648 3079 3673 ,
3126 3614 3180 3661 et
3209 3604 3273 3659 ad
3306 3601 3656 3673 discerpenda
3675 3613 3760 3654 sa-

2181 3694 2502 3763 crilegorum
2527 3710 2751 3766 corpora
2777 3698 2955 3750 omnis
2982 3696 3215 3765 populus
3242 3703 3504 3767 armatur.
3536 3689 3759 3760 Integris

2181 3785 2340 3837 etiam
2372 3786 2699 3849 civitatibus,
2732 3787 2775 3838 si
2820 3787 2871 3839 in
2919 3787 3024 3839 isto
3049 3785 3251 3839 fuerint
3293 3783 3537 3837 facinore
3567 3780 3757 3847 depre-

2185 3870 2386 3939 hensae,
2430 3872 2791 3928 decernuntur
2825 3874 3032 3929 excidia
3063 3892 3078 3928 :
3103 3884 3177 3941 et,
3205 3881 3261 3929 ut
3291 3873 3394 3929 hoc
3420 3870 3753 3942 providentia

2182 3972 2360 4017 veSIra
2413 3964 2752 4019 manifestius
2798 3965 2993 4033 discat,
3033 3966 3338 4021 constitutae
3381 3963 3513 4035 legis
3540 3970 3758 4018 senten-

2182 4056 2310 4110 tiam
2336 4059 2625 4126 proferam.
2660 4056 2715 4111 In
2749 4058 2939 4113 eodem
2964 4058 3100 4114 libro
3130 4059 3182 4112 in
3214 4056 3436 4126 integris
3456 4053 3760 4109 civitatibus

2181 4164 2394 4218 pmnam
2422 4149 2685 4205 Dominus
2728 4152 2829 4206 hac
2857 4164 2987 4205 voce
3010 4148 3319 4211 constituit;
3350 4147 3423 4200 ait
3449 4145 3589 4199 enim
3617 4160 3633 4195 :
3657 4143 3758 4196 Aut

2180 4241 2226 4294 si
2271 4240 2496 4314 audieris
2540 4241 2593 4294 in
2630 4257 2733 4294 una
2757 4256 2820 4295 ea:
2859 4222 3171 4304 civitatibus,
3200 4253 3327 4304 quas
3353 4233 3599 4287 Dominus
3620 4230 3760 4283 Deus

2182 4340 2297 4385 tuus
2344 4333 2433 4386 dat
2460 4333 2573 4399 tibi,
2607 4333 2893 4387 inhabitare
2916 4333 3045 4396 illic,
3075 4331 3300 4385 dicentes
3319 4343 3339 4382 :
3361 4326 3556 4380 Eamus
3581 4333 3628 4379 et
3647 4339 3755 4376 ser-
3798 4322 3801 4323 ⁷

2179 4424 2374 4477 viamus
2398 4424 2498 4477 diis
2523 4425 2662 4490 aliis,
2703 4440 2831 4493 quos
2860 4440 2963 4477 non
2982 4422 3146 4477 nostis
3175 4436 3193 4475 :
3223 4418 3534 4488 interﬁciens
3557 4414 3757 4470 necabis

2182 4529 2372 4580 omnes,
2401 4516 2487 4583 qui
2512 4526 2632 4568 sunt
2658 4515 2711 4568 in
2745 4516 2949 4569 civitate
2973 4516 3111 4569 cazdc
3138 4512 3326 4585 gladii,
3348 4520 3397 4566 et
3420 4508 3657 4564 incendes
3680 4508 3754 4561 ci-

492 4596 587 4652 hic
611 4596 678 4652 ad
716 4596 1059 4666 sacrilegium
1092 4612 1295 4666 pronus
1323 4612 1479 4651 aures
1508 4606 1626 4651 tuas
1655 4599 1927 4652 obstruis?
1951 4601 2075 4669 quid
2105 4593 2158 4652 D
2180 4602 2385 4656 vitalem
2414 4604 2520 4671 igni
2536 4644 2551 4666 ,
2580 4612 2630 4656 et
2659 4604 2753 4656 erit
2789 4605 2898 4657 sine
2921 4603 3229 4657 habitatore.
3260 4601 3380 4655 Non
3419 4598 3757 4667 wdiﬁcabitur

493 4688 586 4743 hic
615 4687 871 4744 obstinati
918 4687 1116 4743 furoris
1151 4686 1346 4742 ardore
1388 4687 1441 4742 in
1481 4688 1704 4742 exitium
1744 4697 2075 4757 mortemque

490 4779 761 4836 festinas?
798 4772 1052 4835 Liberum
1094 4790 1145 4835 te
1176 4779 1316 4835 Dens
1342 4779 1470 4835 fecit
1492 4820 1507 4847 ,
1537 4780 1589 4835 in
1638 4790 1727 4834 tua
1760 4794 1920 4833 manu
1949 4792 2031 4835 eSt
2056 4822 2071 4845 ,

497 4882 559 4927 ut
587 4885 677 4927 aut
706 4874 853 4927 vivas
879 4882 975 4927 aut
1011 4888 1217 4943 pereas.
1246 4873 1385 4942 Quid
1428 4883 1479 4930 te
1506 4890 1601 4945 per
1634 4873 1860 4944 abrupta
1891 4876 2075 4941 praeci-

494 4962 671 5031 pitas?
696 4964 747 5018 in
776 4963 982 5018 lubrico
1010 4963 1205 5021 itinere
1228 4960 1589 5034 constit'utus,
1620 4972 1675 5020 et
1698 4965 1751 5019 in
1779 4965 1896 5036 ipso
1922 4965 2070 5034 lapsu

492 5054 741 5123 positus,
799 5053 1081 5108 titubantia
1137 5056 1424 5123 aliquando
1475 5057 1750 5125 suspende
1801 5057 2072 5127 vestigia?

494 5144 637 5200 Ecce
676 5146 945 5201 sententia
973 5145 1340 5215 depromitur,
1369 5162 1495 5202 ecce
1540 5164 1693 5218 poena
1726 5127 2069 5204 decernitur:

490 5238 585 5293 diu
611 5236 930 5293 criminibus
958 5239 1061 5291 tuis
1108 5239 1349 5306 pepercit
1385 5239 1567 5295 divina
1611 5240 1947 5296 moderatio:
1982 5242 2071 5295 diu

489 5326 701 5384 facinus
731 5339 880 5384 tuum
907 5342 1029 5383 cum
1058 5328 1486 5385 dissimulatione
1517 5334 1790 5402 respexit:
1824 5334 2071 5404 pervenis

563 5487 589 5549 ξι
618 5476 700 5549 Cf.
726 5493 886 5549 supra
907 5480 974 5534 ad
995 5494 1045 5535 c.
1077 5479 1174 5544 M,
1202 5493 1325 5549 pag.
1351 5478 1416 5533 57
1435 5521 1451 5546 ,
1475 5490 1589 5536 not.
1619 5502 1671 5537 a.

556 5546 586 5586 δ
614 5546 973 5619 ῌειιοὶιοοθω
1004 5546 1433 5619 θιείβίιίιῴιιιιει.

559 5618 855 5695 °__Firmico
902 5617 1240 5695 suifragatur
1259 5617 1561 5692 Cyprianus
1590 5638 1678 5695 ep.
1714 5624 1801 5682 64,
1833 5627 2049 5685 exuo",

486 5686 799 5760 adsim)".
832 5697 887 5744 et
907 5689 975 5744 de
1002 5686 1189 5760 lapsis.

547 5754 573 5791 ἀ
598 5753 663 5811 Ut
684 5753 1083 5853 Cy’prsexhort'.
1115 5761 1182 5817 ad
1210 5759 1431 5834 Martyr.

2182 4692 2233 4745 in
2257 4702 2496 4746 wternum
2523 4692 2549 4728 ιι
2582 4690 2774 4761 (Ibid.,
2800 4693 2889 4754 12,
2928 4694 3016 4758 15,
3050 4693 3161 4763 15).
3193 4691 3260 4745 Et
3295 4698 3547 4743 evertetur
3574 4685 3754 4741 Domi-

2180 4799 2276 4837 nus
2321 4785 2385 4837 ab
2430 4784 2779 4859 indignatione
2812 4785 2906 4836 irte
2945 4797 3077 4846 suae,
3104 4791 3151 4835 et
3190 4782 3329 4834 dabit
3352 4780 3443 4833 tibi
3466 4779 3751 4832 misericor-

2183 4878 2341 4941 diam,
2359 4886 2407 4930 et
2435 4876 2749 4931 miserebitur
2773 4874 2869 4941 tui,
2899 4883 2945 4928 et
2967 4872 3323 4944 multiplicabit
3350 4882 3418 4935 te,
3448 4873 3492 4925 si
3515 4870 3753 4925 exaudie-

2179 4967 2250 5021 ris
2271 4982 2442 5021 vocem
2468 4965 2677 5021 Domini
2696 4962 2792 5017 Dei
2819 4967 2974 5029 tui,et
3002 4966 3343 5020 observaveris
3369 4972 3619 5033 pra'cepta
3643 4964 3755 5033 ejus

2181 5059 2367 5132 (Ibid.,
2403 5061 2490 5125 17,
2516 5058 2626 5129 18).
2652 5056 3037 5111 Misericordiae
3064 5072 3174 5110 suze
3196 5056 3371 5121 vobis,
3394 5051 3748 5110 sacratissimi

2180 5151 2569 5222 imperatores,
2621 5149 2765 5205 Deus
2807 5163 3047 5206 summus
3093 5151 3313 5221 praemia
3343 5147 3661 5219 pollicetur,
3696 5155 3750 5200 et

2180 5244 2615 5321 amplificationis
2654 5243 2901 5297 maximae
2942 5252 3224 5314 augmenta
3255 5241 3525 5297 decernit.
3569 5237 3750 5292 Facite

2176 5338 2353 5408 itaque
2386 5330 2530 5407 quot]
2562 5336 2738 5407 jubet,
2779 5341 3050 5407 complete
3088 5336 3229 5407 quod
3260 5334 3524 5406 praecipit.
3558 5329 3752 5399 Auspi-

2238 5497 2260 5524 °
2294 5488 2364 5545 Ut
2389 5490 2558 5547 idem.
3728 5524 3740 5549 κ

2234 5556 2255 5631 Τ
2290 5559 2547 5631 Concinit
2590 5560 2908 5629 plerumque
2933 5575 3053 5616 cum
3084 5561 3242 5631 (Iypr.
3266 5558 3491 5615 Tcstint.
3519 5557 3556 5612 l.
3581 5571 3658 5622 ιιι,
3688 5564 3746 5612 et

2155 5628 2369 5702 exhort.
2399 5633 2463 5686 ad
2493 5620 2717 5702 hiortyr.
2759 5700 2769 5702 4
2822 5620 2832 5629 ’
3032 5700 3049 5702 _
3126 5620 3176 5631 ”
3480 5697 3493 5702 _
3521 5697 3564 5702 __
3643 5620 3649 5622 V
3724 5684 3727 5687 ι

2225 5708 2249 5775 ξς
2270 5700 2326 5775 θξί
2341 5697 2657 5775 plerumque
2680 5700 3001 5775 suifragatur
3018 5700 3414 5775 Cyprsexhort.
3431 5697 3495 5756 ad
3517 5697 3735 5766 Martyr.

2225 5719 2248 5745 θ
2270 5719 2326 5754 ιιι
2341 5719 2657 5775 plerumque
2680 5719 3001 5771 ιιιιιιῑιιεςιιυῐ
3018 5719 3093 5774 δι’
3135 5719 3180 5760 I'.
3200 5719 3231 5758 ε

2222 5765 2249 5803 λ
2275 5770 2517 5828 Concinit
2552 5769 2873 5843 plerumque
2898 5770 3058 5845 Cypr.
3178 5769 3231 5825 1.
