3922 6410
109 375 247 436 1049

741 374 1053 435 seuerus
1090 372 1561 434 PHILASTRIUS.
1601 374 1935 433 EPISTOLA
1976 356 2435 433 pantaucum
2478 374 2709 433 pruna.

3215 379 3236 432 l
3249 377 3355 435 050

134 492 194 570 ia
229 500 406 549 vestra
449 491 744 563 majoribus
789 492 1058 548 cumulata
1104 500 1231 545 sunt
1275 490 1473 557 donis,
1527 490 1680 545 initio
1707 502 1758 565 Α
1782 492 1932 548 vobis
1967 491 2109 548 Deus
2149 506 2424 555 summus,
2451 492 2803 547 sacratissimi
2852 493 3229 564 imperatores,
3258 508 3357 563 pro

107 583 229 642 ﬁdei
255 586 447 657 positae
471 586 637 641 divini
662 585 859 641 favoris
879 586 1208 639 incrementa
1231 583 1678 639 sensistis.Num-

104 690 263 747 quam
300 691 396 732 vos
419 691 611 732 manus
640 678 731 733 Dei
762 675 1064 732 veneranda
1094 676 1354 741 deseruit,
1386 691 1678 746 numquam

106 768 257 826 vobis
292 768 666 826 laborantibus
706 769 993 838 denegavit
1040 770 1321 839 auxilium.
1363 768 1526 823 Strati
1555 779 1683 824 sunt

105 861 501 917 adversantium
526 863 706 927 cunei,
740 871 793 917 et
821 862 1139 919 rebellantis
1168 871 1294 918 ante
1325 872 1676 928 conspectum

104 962 340 1012 vestrum
370 968 585 1025 semper
611 970 759 1011 arma
782 954 1114 1011 ceciderunt.
1142 954 1287 1009 Missi
1312 961 1437 1007 sunt
1460 954 1678 1019 superbi

103 1046 205 1103 sub
224 1046 407 1119 iugum
438 1047 661 1118 populi,
706 1057 758 1104 et
787 1042 1001 1103 Persica
1032 1054 1161 1101 vota
1195 1060 1241 1101 Ct
1317 1061 1431 1116 ipsa
1477 1056 1602 1101 sunt
1625 1056 1674 1100 α.

102 1138 213 1198 Nec
259 1149 405 1197 stare
447 1142 538 1197 diu
578 1151 764 1197 contra
802 1154 899 1195 vos
939 1139 1137 1210 poterit
1162 1154 1264 1193 ma.
1292 1139 1448 1193 ssuis
1473 1148 1678 1193 armata

100 1230 412 1289 crudelitas.
468 1232 561 1288 Dci
604 1233 853 1287 virtutem
909 1230 1121 1300 utrique
1160 1228 1391 1299 diverso
1431 1230 1679 1284 sensistis

101 1330 320 1378 eventu.
370 1321 536 1378 Vobis
570 1322 805 1379 caelestis
845 1320 1082 1377 victoria:
1125 1333 1328 1375 corona
1378 1320 1595 1383 collata,
1624 1328 1680 1373 et

101 1412 357 1472 felicitate
398 1424 573 1479 vestra
614 1424 794 1470 nostra
825 1414 1130 1468 relevantnr
1159 1412 1520 1468 incommoda.
1554 1411 1676 1467 Ilmc

167 1582 196 1610 ⁸
221 1572 378 1628 Anno
417 1572 544 1639 544,
573 1573 918 1630 Constantius
948 1588 1035 1628 res
1061 1587 1185 1627 cum
1219 1571 1396 1627 Persis
1426 1570 1566 1625 haud
1594 1572 1675 1624 iu-

99 1642 326 1699 lcliciter
347 1645 549 1710 gessise
576 1644 806 1701 videtur.
831 1643 971 1699 unde
1006 1643 1223 1706 factum,
1257 1650 1315 1697 ut
1344 1641 1674 1710 Theophane

98 1722 236 1769 teste
279 1713 610 1839 §Chronogn
668 1733 721 1783 p.
774 1716 861 1771 5t).
915 1713 1089 1783 Scrip.
1140 1712 1340 1767 Rerum
1389 1711 1673 1781 Byzantia.

100 1793 232 1838 tom.
332 1783 372 1839 δ.
421 1785 749 1839 triumphum
779 1784 846 1839 de
884 1784 1063 1839 Persis
1091 1784 1293 1839 caerit:
1334 1784 1423 1839 aui
1455 1782 1671 1839 quidem

100 1793 232 1855 tom.
279 1782 372 1855 X),
421 1782 749 1854 triumphum
779 1784 846 1840 de
884 1782 1063 1839 Persis
1091 1784 1293 1855 egerit;
1334 1782 1671 1855 quiquidem

95 1850 339 1910 Firtnico'
366 1850 704 1913 occasionem
745 1856 983 1922 praebere
1023 1853 1194 1921 potuit
1242 1853 1312 1922 de
1350 1852 1477 1905 votis
1544 1850 1671 1922 Per-

95 1940 271 1978 sarum
319 1926 563 1995 collapsis
592 1920 883 1995 scribendi.
919 1920 1187 1995 Caeterum
1227 1920 1575 1995 Constantius
1617 1921 1669 1995 in

93 2004 321 2049 cruento
354 1991 466 2050 hoc'
492 1994 636 2051 bello
659 2010 690 2049 a
719 1994 925 2064 Sapore
952 1994 1139 2049 novies
1166 1992 1265 2064 luit
1288 1991 1465 2064 fusas.
1487 1992 1672 2061 impri-

95 2064 195 2118 mis
238 2065 305 2118 ad
346 2066 621 2133 Singaram
652 2063 800 2118 anno
827 2063 960 2127 διες
990 2079 1092 2120 nec
1124 2064 1227 2117 nisi
1256 2063 1667 2133 Massagetarum

93 2132 302 2188 invasio
324 2130 577 2188 victurem
605 2135 673 2190 ab
697 2135 976 2190 obsidione
1015 2134 1216 2188 Nisibis
1259 2132 1523 2187 avocavit.
1570 2131 1670 2184 Zu-

95 2217 285 2267 uaras,
310 2204 404 2257 lib.
447 2219 543 2259 xm
582 2218 631 2259 c.
664 2204 737 2259 5:
776 2206 1017 2266 Βασιλεὺς
1064 2206 1441 2265 ιωνστάντιος,
1484 2202 1669 2257 πολλὰ·

94 2295 164 2334 κις
182 2264 294 2337 rei;
318 2277 533 2351 Πέρσαις
564 2276 865 2349 συμβαλὼν,
885 2280 977 2335 τήν
994 2264 1185 2334 ἥττονα
1211 2282 1392 2350 μοῖραν
1423 2264 1535 2342 six:
1554 2315 1567 2337 ,
1588 2276 1672 2326 καὶ
1703 2264 1748 2322 Β

476 2426 653 2435 -ο--σ--ν

669 2426 741 2434 ο..-

1785 581 1890 639 ﬁde
1935 592 2111 639 vestra
2152 582 2179 622 δ
2212 584 2443 639 reddidit
2483 583 2721 653 praemia.
2755 583 2850 638 llis
2888 598 2985 639 vos
3015 586 3230 641 interim
3272 600 3358 639 rc-

1785 682 2094 731 muneratos
2122 674 2421 745 insignibus
2443 674 2509 730 ad
2523 690 2719 730 arcana
2735 676 3055 731 veneranda:
3074 678 3208 747 legis
3223 677 3359 731 iuvi-

1785 775 1877 821 tat.
1896 765 2033 821 Pura
2056 776 2257 834 mente,
2277 766 2467 822 devota
2483 764 2829 845 conscientia,
2846 767 3160 837 incorrupto
3176 767 3359 822 animo

1784 858 2068 913 clementia
2096 864 2273 913 vestra
2304 860 2497 927 caelum
2520 874 2732 929 semper
2757 859 3047 928 aspiciat,a
3079 858 3192 913 Deo
3217 873 3360 913 scm-

1786 964 1879 1019 per
1899 959 2176 1019 exspectet
2213 950 2471 1005 auxilium
2493 950 2740 1014 ,~Christi
2764 950 3127 1006 venerandum
3159 965 3357 1003 numen

1783 1043 2049 1112 imploret,
2080 1052 2133 1097 ct
2161 1057 2255 1112 pro
2285 1042 2458 1097 salute
2484 1043 2631 1097 orbis
2664 1052 2926 1098 terrarum
2963 1054 3027 1095 ac
3066 1050 3245 1096 vestra
3274 1055 3356 1093 sa-

1781 1134 1938 1190 lutari
1962 1135 2074 1189 Deo
2097 1124 2407 1204 spirituales
2433 1131 2924 1204 oli‘eratuvictimas.
2948 1132 3041 1205 Sic
3061 1131 3213 1187 vobis
3240 1130 3359 1187 feli-

1766 1229 1913 1290 .citer
1957 1238 2146 1282 cuncta
2190 1227 2541 1297 provenient,
2586 1226 2846 1289 victoriae,
2898 1224 3197 1294 opulentia,
3237 1237 3360 1294 pax,

1777 1319 1963 1395 copia,
1989 1319 2192 1373 sanitas
2225 1329 2277 1374 et
2302 1314 2591 1388 triumphi,
2622 1328 2679 1370 nt
2704 1318 2885 1372 divina
2922 1319 3202 1384 majestate
3232 1332 3357 1387 prn-

1780 1411 1929 1475 tecti,
1961 1410 2156 1466 orbenr
2175 1418 2330 1464 terra:
2360 1409 2497 1464 felici
2521 1408 2833 1479 gubernetis
2859 1408 3107 1478 imperio.

1778 1572 1990 1633 πολλοὺς
2009 1576 2109 1627 τῶν
2134 1570 2326 1625 οἱχεῖων
2346 1570 2588 1641 ἀπέβαλε.
2616 1567 2996 1637 Eutropius,x,
3022 1566 3077 1622 6.
3097 1565 3359 1641 Constan-

1781 1641 1885 1695 tius
1916 1657 1945 1695 a
1973 1642 2153 1695 Persis
2181 1642 2343 1694 multa
2374 1650 2429 1694 et
2448 1636 2649 1711 gravia
2681 1636 2991 1711 perpessus,
3016 1652 3159 1705 smpc
3186 1636 3358 1711 captis

1778 1711 2008 1780 oppidis,
2033 1711 2271 1767 obsessis
2294 1707 2536 1773 urbibus,
2565 1707 2721 1765 caesis
2741 1707 3356 1780 citercitibnsgnullum-

1776 1778 1880 1849 quc
1906 1782 1953 1835 ei
1983 1793 2170 1835 contra
2198 1783 2453 1847 Saporem
2488 1796 2803 1848 pro-perum
2830 1778 3076 1849 praelium
3106 1778 3228 1849 fuit,
3253 1778 3356 1849 nisi

1775 1847 1916 1920 quod
1946 1851 2085 1919 apud
2121 1851 2399 1921 Singaram
2429 1847 2565 1904 haud
2593 1847 2810 1921 dubiam
2834 1847 3127 1921 victoriam
3156 1847 3354 1921 ferocia

1775 1918 2003 1975 militum
2040 1918 2239 1983 amisit,
2267 1921 2355 1987 qui
2390 1934 2617 1989 pugnam
2647 1919 2907 1973 seditiose
2935 1928 2984 1972 et
3009 1918 3203 1985 stolide
3226 1931 3358 1971 con-

1776 2002 1856 2046 tra
1880 1991 2140 2045 rationem
2173 1991 2298 2043 belli
2327 1991 2412 2043 die
2426 1990 2535 2058 jam
2570 1989 2847 2056 prmcipite
2869 1996 3247 2058 poposcerunt.

1846 2060 1873 2099 ι)
1924 2062 1996 2115 De
2041 2060 2332 2115 Constante
2382 2054 2748 2114 tantummodo
2792 2054 2973 2113 dic—ere
3023 2054 3355 2127 potnitFir-

1777 2132 1969 2199 micus,
2002 2134 2090 2203 qui
2113 2132 2379 2186 Nicscnatn
2403 2129 2561 2184 fidem
2584 2126 3035 2203 :nnplcxlus,_eam’
3058 2128 3110 2180 in
3137 2126 3356 2203 Oriente

1779 2197 2429 2275 protcx'itI‘VConstantius
2484 2197 2688 2256 contra
2718 2199 2935 2254 Arianis
2971 2206 3157 2267 aperte
3203 2197 3351 2269 lavit,

94 2406 3346 2479 Ἥ

648 2464 1008 2473 _..___.......
3226 2464 3231 2469 .

696 2464 1008 2473 -σ--σν--σι

648 2466 693 2473 ν...

278 2466 1337 2798 sANCTUS
1467 2464 3231 2778 PHILASTRIUS,

1120 2834 1559 2961 BRIXIE
1614 2875 2275 2961 EPISCOPUS.

735 3072 1267 3146 EPISTO’LA
1345 3073 2109 3148 DEDICATORIA
2180 3072 2545 3145 PRIMA
2584 3055 2701 3146 (α).

1428 3220 1931 3253 ε--ι-Θ-ν

86 3377 417 3456 δικιᾟηίωο
466 3380 692 3433 domino
764 3390 935 3433 nostro
996 3380 1241 3434 Clementi
1309 3395 1459 3449 papte
1511 3378 1605 3433 XII
1645 3420 1659 3444 ,
1690 3385 1735 3447 (ι
1766 3380 1951 3448 priscis
1980 3379 2328 3435 Ecclesiarum
2353 3379 2695 3433 monumentis
2717 3380 2809 3433 lure
2835 3381 3004 3451 major
3029 3376 3257 3441 accedat,
3288 3392 3348 3429 ac

150 3474 401 3527 Armatus
440 3468 615 3524 Manu
653 3472 788 3523 tituli
821 3473 984 3524 sancti
1012 3471 1181 3525 Marci
1208 3471 1469 3542 presbyter
1493 3472 1668 3525 cardi-

151 3555 288 3615 nem
308 3558 573 3627 Qumuus
610 3559 921 3628 Apostolij
962 3559 1113 3615 Sedis
1145 3561 1585 3626 bibliothecarius,
1621 3572 1668 3615 et

150 3661 424 3731 eptgopus
446 3648 747 3707 Brixiensis.

150 3814 297 3894 Qud!
323 3842 404 3881 me
454 3828 660 3898 impulit
714 3846 901 3893 causa,
953 3830 1254 3886 Beatissime
1300 3832 1480 3899 Pater,
1534 3843 1591 3888 ut
1637 3846 1670 3888 a

82 3913 372 3971 Sanctilhte
409 3915 592 3972 Vestra
638 3918 901 3974 Vaticana!
949 3921 1266 3977 bibliotheca:
1322 3925 1667 3994 praepositus,

78 4008 147 4063 ad
173 4008 546 4079 proferendam
575 4026 638 4064 ea:
686 4012 936 4066 litterario
978 4014 1068 4066 illo
1098 4015 1504 4076 locupletissimo
1533 4032 1671 4084 penu

78 4114 262 4162 nouant
292 4099 358 4157 S.
389 4100 632 4173 Ephrtem
664 4102 784 4173 Syri
805 4104 1074 4158 editionem
1098 4106 1326 4157 animum
1353 4106 1667 4173 appulerim,

78 4190 194 4260 ipsa
219 4192 381 4246 modo
407 4192 578 4262 efﬁcit,
609 4202 664 4246 ut
689 4194 756 4246 ad
782 4192 1044 4247 Brixiana:
1066 4191 1332 4262 Ecclesiae,
1367 4196 1450 4247 cui
1475 4197 1670 4263 pariter

80 4298 330 4350 prmum,
360 4294 410 4338 et
435 4300 617 4338 nomen
640 4294 688 4339 et
711 4286 863 4338 decus
886 4286 1197 4354 augendum,
1222 4297 1412 4339 veteres
1441 4298 1669 4357 quatuor

78 4372 314 4441 ejusdem
340 4374 600 4428 antistites
621 4375 774 4427 simul
803 4383 949 4441 atque
977 4375 1251 4443 scriptores
1280 4393 1413 4430 nunc
1446 4380 1668 4446 primum

77 4464 131 4515 in
151 4481 317 4519 unum
360 4465 594 4517 volumen
626 4464 861 4517 redactos
888 4475 1268 4534 repraesentem.
1301 4466 1379 4520 Ea
1427 4470 1668 4525 nimirum

78 4562 151 4607 est
165 4568 453 4608 sacrarum
470 4553 753 4609 litterarum
770 4570 932 4613 amor.
947 4556 1036 4625 qui
1046 4574 1239 4611 suntme
1258 4557 1669 4617 Deiimmortalis

77 4645 329 4714 beneﬁcio
358 4661 393 4699 a
423 4645 607 4700 teneris
660 4646 785 4700 mihi
812 4648 1005 4701 inditus
1046 4650 1197 4703 annis
1219 4691 1234 4716 ,
1264 4668 1459 4705 mecum
1490 4663 1668 4722 postea

1766 3471 2041 3526 veneratio.

1836 3561 2112 3632 Equidem,
2139 3560 2441 3618 Beatissime
2474 3564 2665 3626 Pater,
2691 3577 2807 3616 cum
2850 3564 3000 3629 plura
3041 3563 3349 3632 ejuscemodi

1766 3660 2091 3707 monumenta
2120 3668 2222 3707 non
2248 3652 2434 3714 desint,
2466 3653 2649 3721 quibus
2686 3649 2939 3703 Brixiana
2983 3649 3213 3703 Ecclesia
3251 3650 3325 3701 mi
3337 3680 3348 3688 -

1767 3759 1881 3797 rum
1922 3744 1974 3795 in
2015 3743 2223 3795 modum
2250 3741 2537 3803 decoratur,
2572 3738 3019 3806 prarclarissimnm
3066 3735 3200 3790 illud
3250 3747 3345 3797 est,

1768 3832 1905 3901 quod
1945 3833 1998 3887 in
2038 3836 2149 3905 ejus
2200 3832 2443 3888 cathedra
2494 3831 2739 3900 pnesules
2799 3839 3019 3901 quatuor
3074 3827 3343 3894 sederunt,

1770 3930 2040 3982 sanctitate
2056 3943 2195 3994 teque
2220 3928 2369 3980 editis
2401 3925 2621 3993 Scriptis
2664 3924 2910 3989 illustres,
2957 3928 3176 3993 quorum
3220 3922 3347 3987 duo,

1772 4020 1955 4073 Sancti
1978 4020 2195 4082 scilicet,
2226 4016 2559 4080 Philastrius,
2585 4027 2631 4067 et
2658 4014 2995 4076 Gaudentius,
3021 4013 3125 4066 divi
3144 4013 3347 4081 Augus-

1770 4111 1866 4163 tini
1894 4108 2244 4178 Hipponensis
2297 4106 2765 4177 episcOpi-tetatem
2804 4105 3105 4171 attigerunt,
3162 4101 3348 4156 Beatus

1770 4216 1883 4253 vero
1933 4199 2240 4269 Rampertus
2292 4215 2323 4249 a
2376 4198 2696 4266 nonagentis,
2730 4213 2789 4249 ac
2819 4194 3120 4248 venerabilis
3186 4194 3343 4247 Adel-

1771 4306 1986 4343 mannus
2015 4306 2045 4341 a
2081 4289 2409 4358 septingentis
2434 4291 2632 4340 circiter
2653 4289 2801 4339 antiis
2829 4287 3141 4355 ﬂoruerunt.
3175 4284 3344 4339 Porro

1771 4378 2083 4433 Philastrius
2103 4395 2293 4450 supper
2318 4379 2443 4432 adeo
2466 4380 2561 4449 fuit
2586 4376 2890 4448 Augustino,
2917 4386 2971 4429 ut
3003 4375 3086 4428 hic
3106 4392 3139 4429 α
3187 4374 3347 4441 Quot-

1769 4474 1971 4528 tmltdeo
1989 4473 2205 4527 diacono
2228 4489 2315 4541 per
2327 4473 2590 4544 epistolam
2609 4482 2821 4539 rogatus
2848 4478 3119 4523 tractatum
3135 4468 3198 4521 de
3223 4466 3348 4520 Her-

1772 4563 2329 4628 resibusconscribere,
2369 4563 2714 4617 Pliilastrium
2738 4562 2832 4615 sibi
2863 4570 3037 4641 notum
3066 4558 3351 4613 Mediolani

1771 4660 1913 4728 apud
1941 4657 2280 4722 Ambrosium,
2314 4658 2368 4709 id
2395 4657 2558 4730 ipsum
2581 4655 2785 4708 abunde
2807 4652 3106 4723 praestitisse
3136 4664 3346 4737 respon-

72 4732 318 4800 adoletn't,
347 4735 574 4799 nsi/tique
594 4752 683 4804 per
697 4752 895 4789 omnem
910 4747 1106 4793 (etatem
1126 4739 1308 4808 ubique;
1338 4742 1567 4796 locorum
1589 4744 1662 4798 ita

1775 4747 1917 4802 tlerit.
1953 4748 2267 4803 Gaudentius
2290 4756 2456 4799 autent
2484 4762 2539 4797 eo
2561 4746 2672 4813 ipso
2700 4739 3163 4795 Mediolanensium
3188 4732 3335 4788 san}:-

74 4824 210 4891 ﬁdus
236 4841 419 4880 comes
442 4826 688 4892 adltwsit,
720 4837 776 4881 ut
802 4844 903 4881 non
934 4838 1132 4884 tantum
1156 4833 1509 4903 peregrinari,
1542 4850 1663 4904 pcr-

74 4925 298 4969 noctare
330 4923 395 4970 et
421 4916 702 4983 rusticari,
730 4933 848 4987 qua
884 4920 1055 4974 omnia
1093 4922 1355 4976 nobiscum
1391 4927 1557 4994 facere
1605 4943 1668 4981 ea:

76 5002 325 5059 Tulliano
351 5004 497 5058 dicto
528 5005 711 5061 litteras
740 5009 985 5076 assolent,
1017 5010 1107 5064 sed
1159 5021 1205 5065 et
1240 5028 1458 5080 mecum,
1500 5016 1544 5067 si
1595 5017 1666 5069 ita

72 5095 171 5163 [ari
193 5095 376 5159 liceat,
402 5093 686 5166 episwpari
725 5100 1090 5165 comperiatur.
1111 5101 1232 5167 Quo
1264 5114 1519 5171 postremo
1548 5123 1662 5159 mu-

72 5200 185 5239 nere
210 5183 365 5238 haud
390 5186 622 5252 profecto
661 5184 969 5241 laudabilius
1004 5189 1219 5263 defungi
1248 5208 1399 5261 posse
1438 5195 1657 5261 videtur,

72 5292 217 5344 quam
265 5277 315 5330 si
366 5284 588 5330 conatus
620 5278 700 5332 sui
743 5285 892 5348 atque
928 5280 1128 5337 labores
1163 5300 1223 5338 eo
1274 5287 1556 5355 colliment,
1602 5300 1659 5344 ut

135 5458 210 5533 (a)
241 5457 321 5533 In,
338 5456 534 5533 bacet
559 5454 807 5533 sequenti
833 5456 1060 5533 epistola
1089 5458 1661 5533 facile‘animadvertet

72 5524 252 5596 lector,
286 5528 363 5585 de
412 5524 739 5597 Philastrio,
788 5527 1033 5597 quamvis
1060 5531 1391 5597 specialiter,
1419 5548 1526 5589 non
1580 5546 1657 5590 ta-

73 5616 191 5657 men
204 5599 372 5657 unice
397 5596 929 5669 sermonemltaberi.
953 5597 1107 5662 Quod
1130 5616 1197 5655 ne
1218 5602 1442 5656 miretur
1465 5604 1654 5669 lector,

76 5670 204 5730 sciat
229 5679 472 5727 necesse
500 5674 604 5739 est,
636 5666 1008 5739 collectionem
1032 5683 1097 5739 ex
1139 5685 1241 5739 qua
1273 5670 1456 5727 Sancti
1486 5666 1655 5730 nostri

75 5735 684 5812 spernentis-mimus,
719 5735 793 5812 ita
817 5738 1071 5812 componi
1106 5735 1177 5795 ut
1215 5740 1308 5812 tali
1352 5741 1511 5812 titqu
1538 5760 1655 5812 res.-

76 5775 1207 5883 ῥᾝίἆὶὴῖ⁸ἴῖὥᾜε⁷ὸτὲιὲι²ῶῖἱέἅὶ¹ῥὶνῖῖη
1217 5775 1331 5879 ζ’ἒ.
1354 5775 1655 5872 Ἕλὲἳαὶῗνῖἰ

1770 4841 1966 4911 tissime
1996 4826 2223 4893 Prcesule
2254 4846 2534 4908 satagente,
2584 4835 2703 4886 dum
2748 4834 2799 4885 in
2845 4830 3051 4884 Oriente
3084 4830 3153 4881 ad
3196 4844 3343 4881 sacra

1767 4929 1906 4985 Loca
1956 4930 2366 5002 peregrinaretur
2390 4970 2401 4988 ,
2461 4924 2762 4978 Brixianam
2814 4921 3102 4977 [Ecclesium
3143 4920 3345 4989 ﬂorenti

1763 5020 1931 5075 adhuc
1989 5029 2137 5073 (etate
2197 5019 2293 5071 sibi
2348 5017 2572 5070 delatum
2622 5015 2833 5085 accepit.
2895 5011 3227 5080 Rampertnm
3274 5012 3345 5063 ad

1762 5109 1991 5164 eamdem
2012 5109 2177 5163 sedem
2209 5110 2499 5162 subvectum
2531 5117 2577 5160 et
2605 5106 2874 5160 translatio
2897 5103 2957 5158 S.
2989 5100 3258 5154 Pliilastrii
3285 5101 3336 5151 in

1762 5204 2006 5272 majorem
2053 5198 2356 5264 Ecclesium,
2381 5209 2426 5253 et
2454 5198 2691 5263 caenobii,
2723 5198 2806 5249 ubi
2828 5206 3122 5250 sanctorum
3167 5189 3338 5243 Faus-

1758 5292 1875 5358 lini,
1912 5299 1959 5345 et
1998 5288 2183 5344 Jovitw
2228 5306 2447 5360 corpora
2505 5291 2848 5360 requiescunt,
2906 5283 3235 5344 constructio,
3278 5296 3337 5333 ac

1760 5480 1807 5523 et
1838 5466 2110 5522 Gaudentii
2136 5484 2315 5533 Opera,
2344 5487 2540 5526 necnon
2567 5469 2628 5522 Β.
2660 5466 2926 5534 Ramperti
2947 5474 2995 5517 et
3016 5461 3147 5516 Ven.
3182 5458 3337 5517 Adel-_

1758 5539 1932 5591 manni
1961 5540 2234 5607 opuscula.
2283 5542 2390 5596 Illis
2423 5553 2598 5594 autem
2630 5538 2909 5606 epistolis,
2938 5543 2994 5607 ut
3036 5546 3155 5607 qum
3197 5546 3331 5583 non-

1759 5610 1890 5663 nihil
1919 5603 2132 5663 luminis
2164 5622 2267 5665 tam
2297 5612 2348 5666 in
2376 5603 2716 5666 Philastriniu
2750 5622 2907 5675 quam
2955 5604 3017 5656 in
3040 5603 3331 5675 ejus,ope7

1756 5660 2739 5752 ruinjeditiunem—iiijiciat,"lectortin
2769 5660 3031 5731 'lraudure
3068 5660 3328 5743 religioni

1753 5748 2022 5806 duximus.
