3922 6480
470 385 612 447 1055

1671 386 1979 447 sanares
2016 355 2487 451 ratusratus.

3571 392 3712 452 £056

470 503 525 559 in
559 502 708 572 Fide,
735 518 892 574 quam
922 502 1245 570 institutum,
1274 512 1366 559 aut
1390 513 1592 560 sectam
1619 505 1853 575 aliquam
1896 504 2041 559 desi-
2064 505 2120 564 A
2143 518 2260 559 sum
2292 505 2358 562 de
2387 507 2750 577 Scriptoribus
2795 505 3194 564 Ecclesiasticis
3238 521 3289 563 e.
3339 508 3397 575 3,
3446 506 3711 563 Joannem

472 612 676 668 gnare;
708 612 810 668 qua
861 598 1082 653 notione
1130 600 1297 653 utitur
1321 596 1654 667 Augustinus
1704 598 1930 667 loquens
1975 596 2044 651 de
2144 594 2498 652 Trithemium
2525 613 2574 651 c.
2607 598 2697 665 84,
2730 598 2970 667 aliosque
2996 598 3324 667 complures,
3351 598 3546 667 quibus
3582 594 3703 649 Phi.

474 692 643 748 sectis
669 690 835 745 variis
882 689 1327 758 PhilosOphorum
1362 688 1468 760 (a);
1498 690 1663 744 immo
1693 687 1925 744 occurrit
1947 704 2047 742 sa:-

480 784 597 853 pius
623 781 813 837 eodem
845 796 1007 837 sensu
1037 782 1201 837 etiam
1234 783 1286 835 in
1314 778 1463 836 Actis
1490 780 1869 848 Apostolorum
1902 793 2044 843 xxxv,

378 914 381 917 -
480 873 535 943 5,
563 874 918 947 προτοστὰτην
934 882 1025 934 τῆς
1043 881 1142 928 τῶν
1165 876 1461 949 Ναζαραίων
1484 872 2046 947 αἶρεσεωςβαειονεή,

478 972 527 1019 et
556 963 827 1033 prtesidem
850 972 997 1017 sectr:
1026 963 1297 1034 (haeresis)
1330 960 1709 1015 Nazarazorum
1734 977 1747 1023 ;
1774 959 1924 1025 ibid.,
1960 960 2047 1027 M,

483 1059 613 1109 κατὰ
624 1059 712 1113 τὴν
724 1053 837 1109 ὁδὸν
856 1055 913 1112 ἦν
932 1055 1165 1126 λέγουσιν
1186 1056 1384 1129 αἵρεσιν
1404 1052 1682 1107 secundum
1699 1061 1886 1105 sectam
1899 1066 2053 1120 quam

483 1145 657 1198 dicunt
685 1146 946 1210 haresim;
972 1155 1021 1200 et
1039 1160 1187 1211 xxvr,
1215 1142 1270 1209 5,
1312 1142 1389 1200 ὅτι
1414 1144 1540 1199 κατὰ
1564 1165 1653 1200 την
1680 1143 2052 1219 ἀκριϐεστάτην

478 1238 673 1313 αἰρεσιν
700 1259 793 1299 της
816 1238 1067 1314 ἡμετέρας
1111 1237 1375 1308 θρησκείας
1403 1233 1563 1299 ἔζησα
1590 1243 1881 1310 perpetratae,
1915 1232 2053 1304 quod

480 1328 757 1405 secundum
774 1328 1214 1397 exquisitissimam
1229 1334 1417 1380 sectam
1440 1323 1740 1395 (haeresim)
1761 1333 1950 1378 nostra:
1971 1339 2055 1376 re-

482 1418 685 1489 ligionis
701 1420 908 1472 vixerint
937 1417 1253 1471 Pharisreus.
1283 1416 1449 1470 Recte
1480 1414 1642 1484 igitur
1673 1413 1932 1469 Melchior
1956 1413 2051 1467 Ca-

480 1525 583 1565 nus
612 1508 682 1564 de
710 1509 839 1565 locis
861 1508 1199 1579 Theologieis
1232 1508 1323 1563 lib.
1372 1507 1461 1573 i2,
1490 1521 1539 1561 c.
1573 1506 1626 1571 8,
1653 1504 2055 1571 animadvertit,

484 1615 681 1655 nomen
715 1600 983 1654 haereseos
1008 1598 1150 1668 apud
1193 1598 1415 1653 Griecos
1467 1604 1700 1660 veteres,
1732 1606 1787 1651 et
1837 1595 2058 1650 Latinos

484 1700 739 1746 auctores
764 1690 1018 1760 generale
1063 1703 1216 1753 esse,
1248 1698 1303 1743 et
1355 1687 1809 1757 nnamquamlibet
1860 1698 2058 1740 sectam

485 1782 795 1852 designare,
826 1791 884 1837 ut
910 1783 1259 1847 Platonicam,
1316 1782 1571 1846 Stoicam,
1623 1781 2057 1850 Peripateticam;

2147 687 2383 741 lastrium
2413 690 2589 758 potius
2626 705 2784 759 quam
2815 688 3128 743 Philastrnm‘
3159 690 3439 744 nominare
3492 687 3712 758 placuit.

2148 777 2425 834 Filastrius
2445 796 2679 850 quoque,
2710 782 2954 849 quamvis
2982 781 3134 835 initio
3182 781 3415 836 nominis
3436 789 3584 836 sexta
3626 780 3721 834 lit-

2151 883 2265 927 tera
2296 874 2413 927 loco
2436 896 2467 945 φ
2498 872 2757 938 adhibita,
2789 874 3020 927 occurrit
3046 874 3095 926 in
3127 872 3325 943 duplici
3347 873 3722 943 inscriptione,

2150 979 2269 1035 qua:
2293 964 2602 1017 earumdem
2632 962 3003 1017 Brixianorum
3034 977 3161 1017 mss.
3187 980 3289 1032 ope
3319 970 3551 1027 servata,
3574 978 3603 1021 a
3626 975 3727 1016 no-

2154 1056 2233 1110 his
2263 1055 2533 1123 profertur
2561 1055 2612 1108 in
2644 1053 2794 1109 Notis
2841 1055 2905 1108 ad
2935 1053 3253 1109 Sermonem
3283 1053 3560 1122 Rampcrti
3591 1051 3677 1120 (lc)
3708 1066 3722 1103 :

2156 1146 2536 1203 ASSUMPTIO
2578 1143 2951 1200 BEATISSIMI
2988 1142 3091 1198 PP.
3135 1142 3508 1207 FlLAS'l‘RlI;
3540 1150 3594 1196 et
3632 1139 3728 1195 Fl-

2156 1238 2490 1295 LASTRIUS
2550 1234 2975 1292 BEATISSIMAE
3034 1232 3367 1290 MEMORIAE
3425 1232 3534 1289 [llC
3584 1232 3730 1287 RE—

2157 1331 2471 1398 QUIESCIT
2510 1330 2575 1384 IN
2618 1327 2786 1383 ΡΜ]ῐὶ
2812 1346 2827 1394 ;
2855 1342 2959 1399 quo
2982 1326 3182 1397 pariter
3212 1325 3373 1380 modo
3405 1325 3598 1394 legitur
3624 1324 3729 1378 hoc

2162 1441 2352 1480 nomen
2400 1426 2451 1479 in
2484 1424 2716 1493 rhylmo,
2760 1437 2855 1477 seu
2885 1418 3124 1475 carmine
3161 1416 3470 1473 aerosticho
3500 1416 3566 1469 de
3603 1414 3733 1469 Plri-

2162 1516 2351 1572 laSIrio
2381 1514 2446 1569 ad
2480 1516 2681 1570 calcem
2728 1513 3049 1568 Sermonnm
3080 1508 3364 1565 Gandentii
3392 1508 3479 1578 (l),
3512 1506 3595 1561 ubi
3625 1520 3732 1560 no-

2162 1622 2283 1661 men
2314 1606 2415 1661 hoc
2468 1605 2535 1659 ita
2585 1603 2804 1659 ellerlur
2829 1620 2841 1655 :
2870 1598 3276 1657 FILASTRIUS
3315 1595 3727 1653 BRICSIENSIS

2166 1696 2281 1769 (sic)
2308 1694 2617 1760 PRAESUL;
2651 1694 2784 1749 sicut
2810 1704 2861 1748 et
2888 1692 2941 1747 in
2973 1692 3093 1747 cod.
3114 1704 3215 1745 ms.
3242 1688 3588 1745 bibliothecae
3608 1685 3730 1740 Sai-

2165 1788 2341 1843 bantis
2370 1787 2593 1841 Veronae
2622 1802 2677 1839 n.
2706 1784 2834 1851 211,
2865 1784 2956 1853 qni
2987 1797 3015 1835 a
3042 1781 3198 1835 nobis
3217 1780 3466 1835 laudatur
3492 1780 3546 1833 in
3578 1777 3732 1832 Notis

486 1872 615 1929 licet
638 1872 933 1929 Christiani
963 1872 1159 1928 deinde
1185 1872 1478 1943 scriptores
1497 1881 1771 1927 contracto
1802 1870 2059 1926 vocabulo
2088 1870 2137 1929 B
2165 1877 2229 1932 ad
2260 1876 2617 1932 Gaudentium
2646 1874 2775 1947 (m);
2810 1876 2863 1927 in
2894 1888 2959 1926 eo
2987 1871 3129 1927 enim
3181 1870 3296 1923 lm‘c
3324 1869 3587 1940 habentur
3619 1886 3632 1921 :
3668 1865 3735 1921 In

487 1958 951 2019 hmresimvocem
1001 1974 1226 2030 sectam,
1258 1974 1312 2019 et
1338 1964 1680 2027 divisionem,
1731 1978 1837 2033 qua
1882 1963 2002 2032 quis
2031 1977 2059 2016 a

486 2055 757 2110 communi
784 2070 841 2110 se
867 2053 1123 2110 Ecclesia:
1161 2054 1292 2109 Fide
1335 2054 1588 2124 sejungit.
1620 2054 1777 2122 Apud
1809 2052 2061 2121 Augusti~

487 2163 613 2202 num
632 2162 681 2210 ιιι
708 2156 895 2202 contra
925 2144 1280 2201 Cresconium
1302 2162 1421 2214 cap.
1454 2147 1509 2209 4,
1540 2145 1747 2199 liter-esis
1771 2154 1843 2197 est
1866 2145 2063 2197 diversa

487 2239 798 2307 sequentium
818 2236 987 2302 secta;
1017 2248 1070 2293 et
1100 2239 1151 2291 in
1183 2238 1322 2291 libro
1348 2236 1417 2291 de
1441 2235 1824 2305 Singularitate
1840 2234 2063 2289 clerico-

489 2347 631 2397 rum,
681 2341 871 2386 auctor
900 2332 1019 2399 ejus
1065 2330 1282 2401 Operis,
1314 2328 1555 2399 quisquis
1589 2327 1802 2383 tandem
1850 2326 1941 2382 ille
1969 2326 2061 2391 sit,

487 2424 741 2493 antiquus
759 2432 924 2487 certe,
945 2430 998 2476 et
1014 2422 1201 2476 saltem
1217 2420 1456 2491 Origeni,
1481 2430 1575 2474 aut
1600 2421 1868 2491 Cypriano
1886 2432 2064 2489 aequa-

488 2515 576 2580 lis,
607 2516 854 2570 haeresim
881 2522 1035 2569 vocat
1054 2528 1173 2569 eam
1200 2513 1295 2585 (b),
1324 2528 1445 2583 quae
1474 2522 1586 2567 tum
1618 2513 1851 2571 maxime
1881 2512 2064 2565 Eccle-

487 2609 583 2661 siae
610 2620 792 2660 mores
822 2607 1088 2661 invaserat
1114 2606 1478 2675 Agapetarum
1508 2605 1835 2673 corruptela.

559 2697 613 2749 ‘2.
655 2698 771 2763 Quo
804 2707 957 2767 pacto
988 2696 1261 2753 Philastrii
1289 2712 1485 2751 nomen
1532 2697 1692 2750 scribi
1720 2737 1734 2761 ,
1792 2703 1954 2763 atque
1980 2694 2061 2748 cl-

490 2790 617 2845 l‘erri
646 2790 866 2856 debeat,
891 2804 998 2844 non
1032 2788 1164 2843 satis
1207 2798 1458 2842 constare
1498 2787 1754 2852 videtur;
1807 2785 2066 2838 Philaster

489 2882 654 2949 enim,
682 2898 744 2938 ac
775 2882 1091 2937 Philastrius
1142 2880 1449 2951 promiscue
1492 2881 1632 2949 apud
1662 2880 1910 2948 antiquos
1970 2892 2064 2932 no-

492 2989 615 3028 men
665 2974 767 3029 lmc
820 2974 1065 3043 nsurpari
1091 2972 1269 3028 video.
1300 2973 1635 3042 Augustinus
1663 2972 1715 3025 in
1747 2971 1971 3038 epistola
1999 2968 2063 3022 ad

490 3062 959 3129 Quodvultdeum,
1015 3073 1298 3132 postquam
1352 3076 1458 3116 non
1503 3061 1671 3116 semel
1726 3060 2064 3113 Philastrium

493 3154 723 3221 dixerat,
755 3153 826 3226 (c)
859 3170 1071 3210 rursum
1105 3156 1156 3208 in
1208 3153 1463 3224 Catalogo
1503 3164 1571 3221 'c.
1610 3155 1673 3208 41
1723 3155 1801 3208 sic
1855 3153 2062 3207 habet:

496 3242 759 3299 Pliilaster
796 3244 1074 3299 Brixianus
1099 3246 1408 3315 episwpus;
1449 3244 1653 3299 deinc.
1684 3245 1776 3305 15,
1807 3242 2067 3297 Philaster
2093 3227 2139 3291 C

495 3336 639 3404 ponit
664 3336 840 3390 ambos
881 3336 972 3390 sub
1003 3337 1239 3407 singulis,
1287 3346 1333 3389 et
1363 3336 1585 3407 prapriis
1611 3337 1866 3403 numeris;
1895 3350 1944 3390 c.
1977 3337 2065 3401 55,

498 3425 760 3481 Philaster
788 3443 902 3481 vero
929 3437 976 3481 et
1016 3427 1148 3479 hanc
1175 3429 1246 3480 eis
1272 3427 1449 3481 tribuit
1486 3426 1867 3493 abstinentiam;
1918 3436 1972 3482 et
1992 3428 2070 3482 sic

496 3532 713 3585 semper
740 3517 1062 3588 ubicumque
1091 3520 1142 3571 in
1170 3532 1234 3574 eo
1254 3518 1508 3588 Catalogo
1530 3518 1873 3574 Philastrinm
1901 3520 2071 3573 nomi—

497 3614 611 3661 nat.
668 3605 930 3661 Philaster
957 3607 1087 3663 item
1119 3607 1314 3677 legitur
1341 3607 1394 3661 in
1423 3606 1575 3661 Actis
1631 3606 1846 3661 concilii
1901 3606 2067 3676 Aqlti-

497 3695 720 3753 leiensis
749 3698 902 3752 initio
932 3698 1035 3766 (ά),
1066 3699 1291 3767 etpaulo
1315 3707 1435 3767 post
1463 3716 1476 3750 :
1502 3713 1616 3752 cum
1638 3697 1885 3767 episcOpis
1910 3697 2068 3765 Aqui-

496 3790 608 3843 leitv
636 3790 689 3842 in
712 3788 947 3843 Ecclesia
976 3790 1355 3843 considentibus
1387 3791 1533 3857 (post
1555 3790 1770 3843 Justum
1795 3789 2071 3843 Gallorum

498 3876 754 3946 legatum)
790 3877 1053 3930 Philastro
1082 3881 1318 3947 episwpo
1346 3876 1594 3930 Brixiano
1624 3876 1730 3946 (e);
1767 3877 1965 3931 deinde
1995 3880 2075 3930 in-

502 3968 579 4022 fra
605 3986 619 4022 :
654 3967 913 4024 Philaster
942 3970 1209 4040 episwpus
1232 3968 1513 4025 Brixianus
1544 3970 1675 4024 dixit
1698 3969 1797 4043 (f
1816 3969 2074 4025 Philastcr

460 4128 463 4131 Α
500 4073 718 4130 quoque
738 4059 939 4115 dicitur
964 4059 1222 4131 Gregorio
1248 4060 1553 4130 Magnolih.
1583 4076 1656 4129 vr,
1687 4076 1777 4131 ep.
1812 4060 1878 4115 15
1907 4079 1919 4115 :
1946 4060 2076 4114 Plri-

502 4154 660 4207 laster
682 4154 736 4207 in
764 4154 891 4208 libro
922 4170 1069 4223 quem
1111 4154 1173 4207 de
1198 4153 1489 4209 Htcresibus
1519 4155 1723 4223 scripsit
1748 4172 1765 4220 ;
1788 4165 1841 4210 et
1868 4157 2072 4210 anetori

502 4242 876 4299 Praedestinati
919 4260 967 4300 c.
1004 4244 1113 4300 5‘2:
1148 4244 1409 4299 Philaster
1462 4244 1661 4311 scribit,
1714 4244 2076 4299 Macedoniam

505 4335 763 4405 Spiritum
816 4347 1053 4390 sanctum
1104 4337 1342 4391 deitatem
1386 4335 1582 4403 Patris,
1628 4346 1676 4390 et
1723 4334 1853 4391 Filii
1890 4338 2072 4392 dicere.

504 4428 706 4482 Contra
728 4442 857 4481 vero
882 4426 1195 4481 Philastrius
1221 4438 1533 4482 constanter
1556 4429 1854 4497 appellatur
1881 4444 1909 4481 a
1940 4428 2081 4483 Gau-

2165 1965 2341 2020 Brixia
2371 1966 2569 2019 civitate
2598 1963 2845 2032 depositio
2874 1960 3103 2014 Filastrii
3118 1959 3279 2025 ipsius
3302 1959 3516 2011 civitatis
3542 1956 3739 2027 episco-

2166 2059 2237 2125 pi.
2274 2058 2349 2111 De
2380 2054 2609 2109 nominis
2634 2054 2839 2125 origine
2870 2068 2973 2107 non
3004 2050 3163 2107 valde
3195 2050 3352 2106 nobis
3380 2048 3730 2103 laborandum

2166 2159 2312 2219 puto.
2340 2148 2513 2202 Pauca
2536 2149 2777 2217 quaedam
2808 2146 3008 2201 notavit
3028 2145 3100 2200 cl.
3124 2145 3207 2198 vir
3235 2143 3469 2198 Joannes
3486 2140 3737 2199 Albertus

2167 2239 2525 2295 Fabriciusin
2557 2237 2708 2307 praef.
2758 2237 3009 2292 editionis
3058 2234 3348 2303 llambnrg.
3397 2234 3521 2287 anni
3573 2232 3732 2296 1721,

2164 2332 2257 2389 sed
2291 2348 2351 2386 ea
2386 2332 2517 2386 tanti
2551 2345 2656 2385 non
2685 2338 2831 2394 sunt,
2865 2337 2921 2383 ut
2941 2338 3150 2383 certum
3181 2325 3317 2379 inde
3355 2323 3586 2379 nominis
3617 2322 3733 2377 ἔτυ-

2164 2447 2256 2497 μον
2299 2436 2483 2495 petere
2526 2424 2836 2479 debeamus.
2869 2424 3005 2478 Sunt
3030 2422 3118 2491 qui
3165 2419 3354 2487 velint,
3386 2428 3445 2473 ut
3474 2418 3587 2488 ipse
3630 2416 3729 2480 ait,

2166 2514 2472 2571 Filastrium
2490 2515 2677 2571 Latine
2702 2531 2730 2569 a
2760 2515 2973 2584 ﬁliastro
2994 2514 3316 2576 derivatum,
3341 2508 3483 2582 quod
3503 2507 3729 2564 verbum

2166 2623 2263 2677 pro
2307 2609 2539 2677 privigno
2569 2607 2956 2677 posterioribus
2985 2602 3202 2666 saeculis
3248 2611 3558 2674 usurpatum
3608 2607 3729 2662 est,

2167 2715 2328 2771 parva
2359 2701 2571 2770 quidem
2602 2700 2992 2764 immutatione,
3021 2713 3207 2754 verum
3226 2696 3474 2753 Fabricio
3504 2694 3605 2766 ipsi
3628 2694 3734 2748 ori—

2164 2808 2230 2864 go
2260 2792 2375 2851 hinc
2398 2810 2503 2847 non
2534 2798 2665 2847 satis
2713 2794 2998 2864 probatur;
3051 2792 3180 2863 quin
3233 2789 3413 2857 potius
3460 2787 3729 2843 veriorem

2165 2898 2281 2938 eam
2315 2894 2485 2953 putat,
2514 2900 2613 2953 qua
2645 2884 2829 2940 Grmce
2859 2883 3176 2938 Philastrius
3204 2889 3459 2936 amantem
3504 2879 3728 2933 siderum

2166 2984 2344 3028 sonat.
2364 2974 2612 3028 Proiecto
2645 2971 2886 3027 Filiaster
2925 2981 3147 3027 vocatur
3189 2970 3279 3025 hic
3307 2978 3491 3024 noster
3516 2968 3673 3022 etiam
3700 2980 3727 3017 τι

2166 3063 2325 3120 Petro
2371 3063 2438 3118 de
2490 3064 2769 3119 Natalihus
2826 3063 3071 3133 Equilino
3122 3060 3446 3131 episcopo].
3479 3075 3529 3113 vt
3559 3057 3726 3112 Calai.

2167 3155 2286 3221 SS.,
2317 3171 2367 3210 c.
2394 3157 2511 3221 115,
2538 3156 2604 3210 de
2634 3156 2871 3210 ﬁnitione
2900 3164 3074 3208 antem
3103 3153 3251 3207 vocis
3282 3152 3397 3205 hinc
3439 3149 3599 3204 habet
3628 3147 3733 3203 Pe-

2171 3253 2344 3300 rmtus
2393 3244 2696 3316 Cornucop.
2728 3260 2779 3314 p.
2809 3260 2895 3300 eis
2931 3262 2945 3299 :
2986 3242 3221 3297 Catullus
3262 3257 3441 3296 nomen
3472 3227 3733 3311 proprium

2170 3345 2263 3403 est,
2295 3355 2325 3390 a
2355 3354 2455 3408 quo
2482 3338 2539 3407 ﬁt
2569 3336 2875 3403 Catulaster,
2904 3336 3033 3391 sicut
3058 3336 3119 3389 ab
3147 3334 3365 3387 Antonio
3394 3332 3731 3390 Antoniaster.

2171 3428 2305 3503 Sunt
2352 3440 2519 3484 autem
2564 3429 2860 3503 hujnsmodi
2907 3428 3114 3482 nomina
3156 3428 3209 3481 in
3246 3434 3406 3491 aster,
3437 3435 3481 3479 et
3507 3431 3669 3488 astra,
3691 3430 3735 3474 et

2170 3502 2367 3575 astrum
2393 3502 2697 3587 desinentia,
2731 3536 2834 3574 non
2864 3520 3190 3582 diminutiva,
3243 3525 3298 3570 ut
3328 3515 3486 3584 aliqui
3510 3520 3691 3585 putant
3724 3550 3737 3573 9

2170 3612 2259 3667 sed
2283 3614 2454 3684 potius
2492 3613 2758 3667 imitation.
2779 3664 2782 3667 λ
2804 3612 2870 3665 Et
2916 3610 3077 3679 paulo
3120 3615 3242 3678 post
3274 3626 3286 3659 :
3315 3605 3604 3669 Filiaster,
3642 3616 3739 3670 quo

2170 3705 2381 3774 quidam
2410 3719 2503 3772 pro
2531 3705 2763 3775 privigno
2810 3712 3017 3755 utuntur
3037 3740 3053 3767 ,
3086 3716 3186 3753 non
3214 3714 3401 3767 parvus
3430 3696 3600 3765 ﬁlius,
3654 3692 3742 3746 sed

2173 3795 2259 3861 qui
2280 3795 2508 3846 imitatur
2530 3792 2735 3860 ﬁlium;
2767 3803 2811 3844 et
2836 3791 3201 3854 Parasitaster,
3224 3805 3325 3841 non
3367 3803 3554 3855 parvus
3593 3800 3743 3855 para-

2173 3883 2319 3945 situs,
2351 3896 2510 3948 neque
2534 3881 2666 3933 enim
2692 3881 2939 3932 diceretur
2964 3895 2996 3931 a
3020 3878 3225 3931 Cantica
3251 3876 3599 3931 Parasitaster
3626 3892 3748 3945 par-

2174 3972 2339 4035 vultis,
2369 3974 2458 4025 sed
2484 3972 2569 4040 qui
2592 3972 2820 4025 imitatur
2851 3971 3151 4038 parasitum.

2245 4067 2298 4124 3.
2341 4066 2613 4120 Philastrii
2663 4079 2830 4135 genus
2856 4079 3007 4133 teque
3046 4078 3109 4115 ac
3156 4061 3381 4129 patriam
3416 4061 3744 4129 ignoramus.

2174 4158 2511 4213 Gaudentius
2540 4172 2662 4210 eum
2694 4155 2999 4211 Abrahamo
3035 4164 3377 4219 comparans,
3424 4150 3647 4217 ejusque
3690 4150 3750 4197 li-

2178 4250 2331 4317 lium,
2356 4250 2507 4306 Fidei
2535 4258 2693 4319 atque
2715 4262 2934 4318 operum
2963 4245 3225 4314 exemplis
3254 4244 3461 4309 dicens,
3516 4241 3630 4294 ha-c
3658 4240 3750 4292 ha-

2178 4341 2267 4397 bet
2288 4321 2365 4414 (ηῇ
2393 4360 2406 4397 ε
2430 4340 2651 4395 Credens
2675 4338 2783 4394 Deo
2811 4336 2945 4391 Fide
2969 4335 3285 4407 plenissima,
3316 4333 3439 4388 exiit
3462 4341 3509 4386 et
3542 4331 3650 4401 ipse
3689 4330 3751 4384 de

2179 4444 2313 4488 terra
2332 4450 2424 4488 sua
2442 4475 2455 4498 ,
2480 4442 2525 4486 et
2551 4433 2615 4486 de
2641 4432 2937 4500 cognatione
2966 4445 3082 4495 sua,
3106 4426 3237 4482 etde
3265 4426 3416 4479 domo
3438 4425 3600 4495 patris
3638 4423 3750 4487 sui,

506 4517 691 4571 (lentio
729 4531 893 4571 serm.
942 4517 1033 4579 21,
1062 4518 1151 4585 qui
1182 4527 1265 4571 est
1308 4519 1371 4572 de
1419 4520 1519 4571 vita
1544 4529 1589 4571 et
1631 4519 1772 4573 obitu
1810 4519 2066 4574 Philastri.

2182 4534 2225 4580 et
2247 4526 2551 4596 sequebatur
2577 4524 2786 4578 verbum
2810 4522 2927 4587 Dei,
2957 4522 3019 4576 ab
3050 4521 3281 4575 erunibus
3328 4518 3503 4575 seculi
3540 4515 3728 4585 impedi
3740 4544 3755 4556 -

505 4606 735 4676 episcopi
781 4607 1166 4676 prwdecessoris
1186 4609 1265 4660 sui
1289 4606 1407 4677 (g);
1439 4607 1513 4660 uti
1542 4606 1705 4661 etiam
1732 4607 1784 4661 in
1817 4608 1980 4677 Praef.
2013 4626 2066 4662 aa

2185 4618 2369 4670 mentis
2392 4624 2590 4669 exutus.
2620 4613 2689 4667 Et
2726 4613 2883 4681 paulo
2925 4623 3047 4682 post
3078 4629 3096 4665 :
3124 4611 3427 4665 circumiens
3466 4611 3757 4662 universum

510 4696 816 4753 Benivolum
841 4698 931 4770 (It)
972 4698 1259 4751 :imbutum
1315 4708 1362 4751 te
1406 4697 1795 4753 admirabilibus
1837 4700 2079 4753 doctrinis

509 4792 789 4862 Apostolici
833 4808 921 4860 per
968 4793 1141 4845 omnia
1167 4792 1264 4845 viri
1297 4792 1456 4863 patris
1488 4792 1649 4846 nostri
1678 4789 1992 4857 Philastrii;
2028 4804 2082 4847 et

510 4882 686 4936 Serm.
734 4881 823 4945 16,
869 4882 931 4935 de
977 4881 1315 4937 Ordinatione
1342 4885 1422 4938 sui
1452 4881 1515 4955 (i)
1544 4900 1563 4938 :
1592 4892 1707 4952 post
1748 4884 1891 4937 illaut
1936 4900 2082 4937 vene-

512 4972 688 5026 randa:
742 4974 994 5028 memoria
1048 4958 1207 5044 patiis
1234 4974 1331 5028 mei
1379 4974 1646 5030 Philastrii
1691 4977 2085 5031 eruditissimum

512 5082 704 5120 vocem.
733 5064 1046 5120 Philostrius
1076 5066 1201 5121 item
1246 5080 1469 5123 vocatur
1495 5084 1525 5123 a
1553 5068 1845 5138 Rampcrto
1875 5070 1925 5124 in
1957 5070 2084 5125 Scr-

510 5171 669 5211 mone
694 5157 762 5211 de
784 5156 1157 5213 Translatione
1188 5160 1327 5215 beati
1356 5161 1631 5217 Philastrii
1657 5162 1759 5233 (j),
1794 5170 1852 5218 ut
1878 5163 2089 5219 Recen-

514 5251 680 5306 tiores
708 5251 1085 5316 transmittam,
1114 5258 1389 5311 auctorem
1418 5257 1744 5327 Appendicis
1767 5260 1832 5313 ad
1855 5259 2089 5314 lldei‘on-

589 5366 672 5508 έαῖ
708 5366 864 5421 Tom.
895 5366 961 5421 Vl
991 5368 1125 5436 Opp.
1150 5368 1253 5422 col.
1287 5372 1371 5425 10.

614 5439 641 5491 b
704 5436 848 5491 Inter
868 5440 1043 5507 Opera
1077 5436 1329 5508 Cypriani
1358 5459 1371 5497 ε

520 5436 848 5563 comdnter
868 5440 1043 5507 Opera
1077 5436 1329 5509 Cypriani
1358 5442 1488 5498 edit.
1523 5445 1819 5505 Amstelod.
1862 5464 1919 5520 p.
1960 5448 2087 5513 148,

617 5579 666 5644 c)
710 5577 837 5631 Loc.
869 5576 961 5632 eit.
992 5579 1096 5633 col.
1130 5580 1183 5635 6.

621 5648 679 5729 ά)
710 5647 874 5729 ῥρξιᾱ
902 5647 1175 5729 Labbedttt
1206 5665 1335 5711 tom.
1367 5654 1432 5726 ll,
1466 5657 1570 5713 col.
1615 5658 1739 5717 978.

624 5717 671 5785 e)
710 5717 867 5785 lbid.,
896 5718 999 5773 col.
1025 5719 1148 5777 979.

604 5783 675 5917 Si)
712 5783 869 5854 lbid.,
890 5788 994 5842 col.
1019 5789 1143 5847 990.

631 5853 685 5917 η)
724 5852 853 5917 Pas.
881 5852 1004 5911 370.

631 5852 685 5921 ά)
724 5852 861 5919 Pas.
881 5852 1004 5911 870-

2189 4721 2316 4777 pene
2363 4704 2607 4757 anubitum
2654 4702 2876 4756 Romani
2915 4701 3072 4765 orbis,
3103 4698 3435 4753 Dominicum
3460 4698 3753 4766 prtedicavit

2186 4798 2410 4863 verbum,
2449 4795 2601 4849 Pauli
2622 4794 2839 4866 apostoli
2867 4794 3077 4848 idoneus
3106 4793 3329 4845 imitator
3345 4790 3613 4844 exsistens.
3652 4789 3755 4842 Ma-

2188 4904 2287 4959 gna
2312 4902 2439 4943 sane
2470 4886 2738 4941 Philastrii
2770 4886 2904 4947 laus,
2935 4900 3036 4952 qua
3060 4898 3179 4938 eum
3225 4881 3755 4956 GandeutiusLAbra-

2194 4978 2373 5043 hamo,
2413 4986 2469 5031 et
2501 4976 2667 5030 Paulo
2695 4974 3089 5046 quodammodo
3121 4988 3333 5043 teqnare
3388 4962 3635 5037 videtur;
3663 4970 3753 5026 sed

2193 5072 2432 5141 quamvis
2463 5070 2628 5128 dicat,
2655 5069 2774 5122 exiit
2801 5068 2862 5121 de
2885 5077 3015 5121 terra
3043 5084 3155 5132 sua,
3176 5078 3222 5120 et
3250 5068 3312 5120 de
3342 5046 3642 5143 cognatione
3666 5080 3756 5118 sua

2194 5174 2241 5217 et
2267 5165 2329 5217 de
2352 5164 2504 5217 domo
2534 5162 2696 5233 patris
2717 5163 2816 5225 sui,
2841 5161 2926 5216 ubi
2975 5176 3085 5214 rem
3119 5161 3288 5230 ipsam
3335 5159 3552 5228 propius
3601 5157 3758 5210 attin-

2194 5268 2321 5324 gere
2349 5254 2611 5319 cernitur,
2644 5250 2777 5307 nihil
2808 5266 2967 5322 porro
2992 5250 3159 5312 addit,
3183 5265 3287 5319 quo
3320 5249 3544 5320 patriam
3590 5247 3757 5307 nobis,

2259 5372 2338 5443 (ἡ)
2365 5370 2505 5443 Pas-
2526 5366 2662 5443 @13-

2262 5436 2329 5517 (ίὶ
2365 5436 2495 5517 Bati-
2525 5436 2649 5517 3’73!-

2316 5513 2333 5579 )
2370 5512 2499 5578 Pag.
2526 5510 2651 5563 587.

2319 5583 2339 5655 )
2378 5582 2506 5649 Pas-
2539 5579 2667 5655 §§§-

2298 5519 2333 5579 ')
2373 5519 2499 5578 Pag.
2526 5519 2651 5563 587.

2319 5583 2339 5655 )
2378 5582 2506 5649 Pag.
2540 5579 2667 5635 388.

2290 5656 2330 5729 ι)
2387 5655 2509 5723 l'ag.
2538 5649 2664 5704 377.
3200 5701 3205 5706 .
3455 5717 3461 5722 ,

2285 5723 2357 5793 δτι)
2392 5722 2521 5795 {’38-
2551 5717 2679 5795 ³74·
2710 5768 2723 5795 λ
2808 5731 2838 5795 ί
2902 5737 2954 5795 -1
3038 5752 3091 5795 .·
3144 5754 3317 5795 ,....;.
3364 5719 3398 5795 ³-
3435 5746 3601 5795 -..;_‘,
3641 5738 3691 5795 ,Α

2267 5720 2812 5795 (ἧι)Ρδζ.574..·
2938 5737 2947 5749 ο
3078 5752 3091 5761 .
3284 5720 3574 5769 ,
3688 5738 3749 5787 ρ

2267 5796 2345 5865 (ετ)
2398 5793 2548 5851 Serm
2580 5786 2649 5849 de
2674 5784 2769 5847 vlt.
2792 5793 2847 5845 et
2868 5781 3015 5846 obitu
3038 5784 3179 5845 beati
3196 5775 3469 5845 Pitllallrll
3497 5786 3619 5854 pag.
3641 5766 3759 5838 87h

3880 568 3886 665 ι
