3922 6476
155 354 283 412 1057

1346 337 1408 393 Ρ.
1446 330 1795 395 GALEARDI
1830 328 2223 391 PBEFATIU.

3252 340 3390 400 1058

151 476 237 523 aut
270 460 542 521 Philastrii
563 472 736 532 genus
763 453 1030 512 ostendat.
1059 448 1204 509 Nihil
1231 448 1298 506 de
1327 449 1431 505 hoc
1457 449 1717 517 Ramper-
1745 450 1797 509 Α
1819 446 2122 519 gnandam;
2155 446 2256 501 hoc
2301 445 2444 500 enim
2486 445 2753 532 temporis
2784 447 3122 504 intervallum
3154 465 3261 507 non
3298 454 3396 508 ob-

153 567 236 613 tus
261 557 337 629 (α)
356 596 373 622 ,
399 554 533 610 nihil
570 553 714 629 alius
740 547 1038 621 quispiam;
1066 543 1192 615 quin
1222 543 1399 613 potius
1419 541 1473 595 in
1494 554 1562 596 eo
1589 539 1720 611 rhy-

149 624 295 707 thmo
320 624 435 703 seu
482 624 722 700 carmine
750 642 820 697 de
852 636 1139 694 Philastrio
1175 633 1318 706 quod
1368 631 1531 703 paulo
1557 645 1718 699 supra

152 740 499 807 laudavimus,
543 734 793 807 quodque
822 730 1092 801 antiquius
1112 743 1233 784 esse
1261 734 1475 783 constat
1521 722 1721 779 saeculo

151 849 317 900 nono,
355 839 544 902 aperte
564 827 781 891 dicitur,
809 824 920 895 jam
943 830 1052 876 tum
1073 819 1221 890 cujas
1236 824 1383 873 esset
1404 813 1723 870 Philastrius

150 922 373 980 omnino
400 918 659 990 ignorari.
694 916 826 985 Ejus
848 910 1049 984 rythmi
1077 908 1194 963 haec
1220 916 1348 963 sunt
1373 905 1537 962 verba
1569 904 1645 977 (ιι)
1670 903 1702 959 :'

397 1012 634 1063 Turribus
649 1020 854 1071 quorum
877 1005 1073 1071 genitus
1093 1002 1173 1050 hic
1192 999 1303 1071 fuit,

398 1072 575 1125 Nullus
596 1064 824 1124 ex'nobis
845 1064 1230 1125 m'eminit,rsapit
1246 1072 1372 1110 nec:

398 1122 589 1187 Scimus
608 1122 700 1183 hoc
716 1129 804 1181 sed
825 1140 931 1186 nos,
954 1122 1197 1174 Abraham
1218 1122 1419 1172 beatum

799 1189 921 1240 Esse
942 1195 1178 1243 secutum.

153 1305 269 1372 Qua
318 1282 480 1371 igitur
526 1296 738 1353 ratione
780 1290 999 1354 ductus,
1046 1286 1363 1356 Hispanum,
1404 1298 1529 1341 eum
1572 1291 1732 1342 meet

155 1393 416 1466 Ugbellus
438 1389 533 1463 (ο),
563 1396 708 1460 gente
734 1390 905 1456 forsan
936 1379 962 1435 Ι
970 1381 1126 1435 talum
1144 1379 1354 1434 Caveas
1380 1376 1485 1448 (ά),
1507 1376 1730 1433 minime

152 1482 467 1556 perspicio;
498 1494 604 1535 non
638 1477 779 1533 enim
822 1469 1139 1528 crediderim
1167 1468 1399 1540 Ugbello
1434 1479 1530 1523 aut
1550 1466 1729 1524 Cavea

151 1571 459 1631 innotuisse
488 1566 631 1639 quod
660 1565 810 1621 siluit
836 1560 1171 1619 Gaudentius
1193 1599 1208 1625 ,
1235 1558 1491 1628 quodque
1511 1565 1726 1623 octavo,

154 1675 252 1721 aut
284 1678 427 1720 nono
449 1660 649 1717 sarculo
670 1657 898 1737 minime
923 1661 1254 1723 compertum
1284 1651 1401 1705 fuit.
1417 1650 1586 1706 Porro
1604 1649 1731 1705 Phi-

152 1737 333 1811 lastrii
360 1768 451 1810 res
471 1761 649 1822 gestas
675 1753 923 1821 recenset
948 1745 1203 1799 Baronius
1228 1741 1291 1797 ad
1317 1741 1383 1796 A.
1411 1739 1474 1796 C.
1498 1740 1635 1806 569,
1666 1756 1725 1795 ιι.

1814 555 1971 594 scurc
1998 539 2286 594 Gaudentii
2314 539 2472 595 verba
2486 519 2738 594 indicant
2766 558 2778 595 :
2804 540 2855 593 in
2877 540 3247 598 Mediolanensi
3275 548 3397 601 urbe

1815 630 2026 684 idoneus
2053 631 2176 693 olim
2200 640 2369 685 custos
2402 630 2659 685 Dominici
2683 633 2848 704 gregis
2875 633 2994 704 fuit,
3027 634 3220 691 Ariano
3243 654 3397 709 repn-

1816 740 1979 793 guaus
2009 724 2264 778 Auxentio
2284 763 2299 787 ,
2329 738 2624 787 PRIUSQUAII
2670 740 2875 779 nurus
2915 741 3251 784 ELIGEBETDR
3282 731 3397 785 Ant-

1818 830 2050 871 nnosws.
2085 815 2142 870 ln
2188 815 2378 871 eodem
2410 815 2664 888 rhythmo
2710 817 2778 873 de
2818 818 3141 886 Philastrio,
3172 837 3233 876 ea
3276 840 3398 895 qua:

1819 905 2109 962 Catholica:
2139 906 2289 964 Fidei
2320 908 2533 963 tuendae
2558 924 2722 979 causa
2747 909 3030 967 Mediolani
3062 928 3247 983 passus
3275 926 3357 972 est
3382 957 3397 984 ,

1822 994 1906 1053 his
1927 997 2175 1053 versibus
2204 997 2555 1069 designantur
2583 998 2655 1070 (k)
2684 1016 2697 1051 :

2065 1088 2228 1153 [legis
2242 1091 2418 1139 aeterni
2438 1090 2659 1146 amabilis
2680 1091 2924 1153 minister,

2069 1150 2277 1217 Perﬁdae
2301 1159 2452 1217 sectae
2476 1154 2681 1217 monita,
2697 1155 2849 1217 magis
2870 1150 2960 1206 sed

2069 1190 2762 1263 Αιιεηόἕυῖιιῖἆὲἰὲἱὲὲίᾜίὲῖἱ

2317 1274 2527 1337 Semper
2548 1276 2730 1337 ubique

2072 1333 2245 1399 [ntimo
2278 1333 2602 1399 sensu'veluti
2625 1333 2920 1399 repugnans.

2073 1394 2269 1457 Sedulis
2291 1396 2457 1457 ﬂagris
2476 1408 2563 1445 sua
2586 1394 2802 1448 membia
2823 1397 3027 1452 tundunt

2069 1455 2206 1510 Casa
2225 1455 2507 1507 currentem
2528 1460 2658 1507 rosei
2681 1458 2855 1510 coloris

2315 1518 2459 1581 Saepe
2480 1532 2720 1570 cruorem.

1900 1601 1960 1655 Et
1995 1601 2152 1670 paulo
2187 1612 2308 1672 post
2339 1620 2356 1659 :

2077 1690 2188 1763 §edg
2202 1693 2289 1763 tibi
2302 1730 2323 1763 ι
2346 1693 2595 1763 Auxenti,
2617 1697 2784 1763 miser,
2812 1699 3057 1761 imperite,

2076 1730 2597 1805 ῖιὲέιῖἰῆἰοῗιῖξὶτῖᾱὲί
2618 1730 2805 1819 ῑίξῖόιῖὲ.

150 1846 250 1911 27,
284 1860 394 1917 quo
442 1846 499 1900 in
529 1844 647 1898 loco
668 1814 955 1898 Gaudentii
987 1834 1290 1891 testimonio
1313 1848 1473 1899 usus,
1496 1833 1552 1887 in
1580 1846 1727 1887 snm—
1754 1808 1803 1869 Β
1896 1830 1951 1885 4.
1981 1832 2173 1888 Fuisse
2208 1834 2553 1891 Philastrium
2594 1808 2705 1907 jam
2755 1850 2864 1894 tum
2910 1844 3201 1914 episcopali
3233 1849 3413 1921 digiti-

152 1952 245 1994 ma
281 1939 401 2004 ejus
430 1935 587 1991 laude
615 1932 782 2005 ponit,
812 1928 953 2001 quod
975 1926 1261 1983 Mediolani
1286 1926 1552 1980 Ausentio
1572 1925 1726 1979 Aria-

152 2046 241 2086 πω
285 2030 560 2084 haereseos
606 2022 988 2096 propugnatori
1010 2062 1024 2087 ,
1056 2019 1257 2075 invicta
1278 2017 1583 2081 constantia
1618 2031 1731 2071 res-

153 2122 374 2184 titerit;
415 2130 575 2188 atque
616 2132 681 2172 ea
724 2116 792 2171 de
838 2127 1000 2168 causa
1057 2112 1238 2180 ﬂagris
1279 2125 1482 2177 caesus,
1512 2118 1731 2164 strenue

150 2230 258 2288 pro
287 2213 421 2269 Fide
456 2210 733 2267 Catholica
777 2195 1311 2262 tuenda'certaverit.
1342 2201 1731 2269 Testimonium

152 2302 456 2362 Gaudentii
483 2310 568 2357 est
587 2298 894 2370 hujusmodi
923 2312 938 2351 :
964 2296 1151 2351 Sancto
1173 2295 1303 2349 enim
1327 2293 1526 2363 Spiritu
1554 2292 1737 2362 plenus

154 2394 274 2466 (de
312 2392 602 2449 Pliilastriu
645 2386 923 2459 loquitur)
976 2402 1077 2439 non
1115 2386 1280 2438 solum
1306 2392 1484 2437 contra
1517 2381 1737 2436 Gentiles

154 2495 205 2543 et
235 2485 479 2550 Judtros,
507 2498 680 2536 verum
709 2481 853 2534 etiam
884 2487 1059 2531 contra
1087 2476 1297 2529 haereses
1324 2488 1518 2540 omnes,
1549 2484 1595 2526 et
1623 2488 1737 2525 nta-

151 2578 303 2633 xime
329 2585 509 2629 contra
534 2573 783 2642 {urentem
809 2585 865 2623 eo
892 2578 1112 2636 tempore
1149 2564 1392 2618 Arianam
1436 2564 1740 2633 perﬁdiam;

155 2678 314 2723 tanta
338 2663 493 2719 Fidei
538 2665 708 2734 uigore
744 2660 1005 2731 pugnavit,
1034 2668 1086 2711 ut
1131 2656 1283 2711 etiam
1302 2655 1585 2711 verberibus
1623 2655 1744 2709 sub-

1828 1930 1940 1979 tate
1967 1935 2252 1994 ornatum,
2283 1943 2406 1983 cum
2456 1943 2555 1997 pro
2588 1930 2831 1985 Ecclesia
2874 1932 3259 1994 Mediolanensi
3303 1949 3413 2007 tot,
3520 1967 3524 1971 ί

1830 2020 2101 2085 tantisque
2134 2031 2194 2071 se
2223 2017 2630 2075 discriminibus
2658 2020 2878 2090 objecit,
2904 2023 2991 2077 vel
3019 2040 3081 2079 ex
3123 2042 3189 2082 eo
3217 2030 3416 2099 conjici

1833 2116 2048 2177 potest,
2094 2109 2239 2179 quod
2279 2125 2467 2179 parum
2517 2113 2740 2168 omnino
2779 2114 3107 2185 profuisset,
3148 2119 3413 2187 privatum

1834 2198 2106 2253 hominem
2146 2200 2200 2254 in
2246 2216 2305 2256 re
2334 2203 2465 2256 tanti
2516 2204 2814 2269 momenti,
2857 2207 3186 2278 primipilnm
3229 2225 3325 2281 se,
3356 2227 3418 2269 ac

1836 2295 2026 2349 ducem
2048 2292 2342 2349 Catholicis
2370 2296 2612 2363 partibus
2642 2297 2929 2364 exhibere;
2959 2291 3267 2371 prmsertim'
3295 2319 3417 2361 cum

1838 2382 2201 2439 obsistendum
2248 2392 2397 2439 esset
2439 2386 2707 2441 Auxentio
2746 2389 2949 2444 Ariano
2984 2391 3275 2462 episeopo,
3328 2394 3420 2462 qui

1840 2475 2096 2546 Dionysio
2141 2490 2172 2529 e
2218 2473 2608 2531 Mediolanensi
2637 2477 2764 2534 sede
2805 2480 3091 2536 exturbato
3117 2480 3200 2555 (Ι),
3227 2483 3425 2540 Valen-

1842 2566 2025 2621 tiniani
2075 2564 2414 2635 imperatoris
2479 2568 2800 2624 auctoritate
2864 2570 3032 2627 l‘retns
3074 2572 3233 2641 (eum
3276 2578 3421 2632 enim

1844 2659 2115 2715 fraudibus
2144 2659 2289 2723 suis,
2317 2659 2635 2730 teclmisqne
2662 2661 2991 2734 deceperat)
3024 2666 3156 2720 nihil
3189 2682 3293 2723 non
3325 2684 3425 2724 au-

154 2759 377 2814 deretur
397 2799 412 2821 ,
453 2764 499 2809 et
522 2755 578 2808 in
602 2767 813 2822 corpore
828 2765 920 2804 suo
941 2749 1174 2819 stigmata
1198 2745 1405 2801 Domini
1429 2748 1589 2800 nostri
1616 2746 1744 2824 Jesu

156 2851 363 2908 Christi
386 2857 627 2919 portaret.
650 2845 786 2899 Nam
807 2852 854 2897 et
880 2843 936 2896 in
967 2839 1339 2894 Mediolanensi
1385 2840 1507 2892 urbe
1533 2839 1746 2893 idoneus

155 2944 297 2998 olim
318 2951 491 2995 custos
512 2937 765 2992 Dominici
783 2934 948 3006 gregis
965 2933 1082 3003 fuit,
1112 2932 1303 2984 Ariano
1330 2945 1620 3001 repugnans
1641 2931 1747 2983 Au-
1844 2937 1997 3006 jusso
2046 2935 2163 3005 (in).
2212 2935 2433 2990 Accedit
2479 2936 2621 3006 quod
2668 2937 2850 2992 ueteri
2882 2952 3096 3008 quoque
3142 2939 3431 2999 Catholica:

154 3034 371 3099 mentio,
397 3031 694 3102 priusquam
714 3027 886 3081 beatus
911 3023 1180 3094 eligeretur
1199 3021 1491 3089 Ambrosius
1511 3020 1602 3091 (ε).
1625 3021 1750 3077 llaec
1851 3041 2027 3083 causa:
2062 3028 2295 3097 patroni,
2323 3026 2645 3097 quibuscum
2687 3026 2959 3084 Auxentio
3003 3031 3238 3088 maxime
3269 3048 3435 3104 nego-

154 3123 513 3183 Gaudentius
556 3121 624 3176 de
652 3116 962 3182 Philastrio,
1002 3113 1403 3184 quatuordecim
1446 3128 1646 3179 annos,
1695 3121 1751 3166 ut
1780 3176 1822 3193 Α
1857 3123 1987 3175 tium
2036 3122 2168 3185 fuit,
2213 3120 2504 3190 episcopali
2546 3129 2702 3176 erant
2748 3136 2970 3177 munere
3015 3122 3279 3193 insignes;
3329 3125 3435 3181 Eu-

156 3216 291 3286 ipse
321 3215 397 3268 ait
420 3255 435 3279 ,
468 3219 588 3282 post
613 3211 731 3279 ejus
757 3208 983 3269 obitum,
1012 3204 1261 3259 Brixiano
1290 3204 1487 3274 populo
1510 3218 1737 3259 comme-

1856 3211 2037 3267 Sebius
2079 3227 2273 3280 nempe
2320 3210 2678 3267 Vercelleusis
2725 3212 2954 3281 praesul,
2986 3212 3216 3270 llilurius
3260 3214 3437 3271 Picta-

154 3304 457 3366 morabat;
480 3315 541 3355 ac
562 3298 788 3370 proinde
817 3298 881 3351 A.
910 3295 969 3351 ϐ.
996 3293 1095 3349 401
1119 3295 1163 3349 si
1199 3294 1469 3349 Pliilastrii
1497 3296 1737 3365 accipiam;

1856 3305 2081 3367 viensis,
2112 3303 2459 3372 etEvagrius
2489 3302 2858 3358 Antineheuus
2881 3344 2895 3369 ,
2923 3319 3079 3372 quem
3125 3306 3251 3362 licet
3290 3307 3439 3377 quis-

154 3401 219 3450 et
295 3388 591 3446 Gaudentii
630 3386 934 3447 successio,
992 3399 1054 3439 ex
1104 3385 1372 3439 communi
1421 3384 1753 3452 Scriptorum
1859 3403 2186 3458 "amasset,
2221 3393 2473 3463 ignorare
2514 3408 2573 3449 se
2620 3393 2852 3449 fatemur
2882 3395 3149 3452 Bal-cuius
3176 3398 3258 3469 (η)
3285 3440 3300 3464 ,
3330 3399 3442 3455 An_

154 3482 396 3539 calculo
424 3478 735 3534 conferatur
755 3476 809 3530 in
840 3489 1037 3528 annum
1060 3473 1183 3539 587,
1210 3482 1265 3527 ut
1290 3474 1551 3542 plerique,
1585 3489 1650 3527 ne
1670 3474 1737 3528 dii

1858 3483 2169 3538 tiochenum
2201 3490 2380 3538 tamen
2404 3485 2716 3553 episcopum
2749 3485 2937 3553 luisse,
2970 3488 3255 3556 perspicue
3281 3487 3443 3544 docet

153 3581 286 3631 eam
314 3572 437 3629 fere
461 3584 668 3634 omnes,
693 3569 922 3633 iaciant;
948 3566 1196 3637 quamvis
1222 3564 1435 3621 Samuel
1465 3565 1759 3635 Basnagius
1862 3572 2053 3643 Pagius
2103 3572 2200 3643 (ο).
2234 3573 2411 3627 Verba
2459 3575 2584 3627 item
2629 3572 2916 3628 Gaudentii
2942 3614 2956 3637 ,
2992 3575 3187 3644 quibus
3233 3576 3444 3633 Philas-

152 3662 720 3725 Flotte-Manuillatus
734 3659 1001 3715 Pbilastrii
1018 3666 1240 3713 mortem
1256 3672 1398 3711 anno
1414 3656 1519 3712 586
1532 3656 1735 3711 colloce

1864 3664 1997 3718 trius
2046 3663 2241 3717 dicitur
2289 3664 2342 3717 in
2390 3661 2764 3717 Mediolanensi
2810 3664 2935 3718 urbe
2981 3680 3200 3722 monens
3240 3684 3443 3727 cus-ros

151 3759 259 3833 (Ι),
281 3772 406 3828 quo
427 3758 480 3810 in
512 3756 632 3810 loco
653 3753 967 3824 praeclarum
990 3751 1148 3806 etiam
1176 3750 1456 3805 Gaudentii
1477 3748 1540 3803 de
1559 3748 1763 3804 Philas—
1866 3770 2099 3810 nostratui
2127 3770 2312 3811 GREGIS
2334 3798 2349 3821 ,
2387 3755 2698 3824 episcopum
2740 3766 2929 3824 aperte
2964 3759 3290 3827 ostendunt,
3320 3777 3442 3818 cum

152 3853 277 3909 trio
301 3849 548 3921 elogium
570 3848 863 3903 Annalibus
884 3845 992 3900 suis
1014 3845 1308 3915 consignat.
1334 3842 1472 3897 Ante
1497 3840 1765 3898 Ambrosii
1869 3846 2082 3903 nonnisi
2121 3845 2398 3916 episcopis
2434 3846 2620 3916 populi
2651 3847 2897 3901 custodia
2943 3850 3260 3918 mandetur,
3305 3854 3448 3923 iique

148 3941 610 4013 assumptionem
635 3940 701 3993 ad
722 3938 1167 3994 Mediolanensem
1213 3934 1557 4001 cathedram,
1591 3934 1770 3989 Phila-
1870 3936 2168 3998 dumtaxat,
2200 3936 2370 3987 idonei
2397 3933 2654 3988 Dominici
2677 3938 2843 4007 gregis
2866 3939 3099 3993 custodes
3127 3942 3307 3996 vocari
3332 3958 3452 4013 pos-

148 4037 291 4094 strii
338 4034 653 4091 certamina
699 4031 1131 4103 statuendaesse
1157 4068 1171 4092 ,
1199 4027 1481 4083 Gaudentii
1530 4027 1772 4080 testimo-
1873 4026 2000 4078 sint.
2032 4022 2219 4091 Neque
2249 4023 2298 4076 id
2340 4038 2560 4078 movere
2602 4038 2699 4079 nos
2742 4024 2939 4091 debet,
2982 4028 3124 4095 quod
3170 4028 3449 4101 indignum

1846 2753 2026 2817 debat,
2064 2751 2200 2806 nihil
2231 2767 2338 2807 non
2378 2752 2697 2818 obtinebat;
2733 2752 2935 2810 llilario
2985 2756 3124 2824 ipso,
3169 2772 3269 2813 ceu
3306 2767 3424 2815 tur-

1848 2845 2068 2909 barum,
2106 2850 2161 2899 et
2186 2843 2580 2899 discordiarum
2628 2854 2877 2913 auctore,
2929 2847 3227 2904 Mediolano
3276 2851 3429 2909 abire

148 4130 323 4187 nium
364 4142 507 4184 sane
551 4124 787 4191 evincit;
820 4138 989 4195 quare
1024 4119 1284 4175 Baronius
1326 4134 1386 4173 ea
1418 4124 1661 4172 recenset
1704 4115 1771 4170 ad
1877 4113 2140 4181 Episc0po
2208 4112 2487 4178 videatur,
2548 4113 2777 4183 ﬂagellis
2815 4130 2877 4169 ac
2922 4117 3210 4173 verberibus
3258 4123 3450 4192 subdi;

146 4225 225 4280 A.
265 4221 341 4277 ϐ.
377 4218 489 4275 569
521 4219 618 4289 (g),
652 4215 865 4287 quando
885 4226 1077 4281 nempe
1100 4208 1351 4265 Ausentii
1382 4208 1541 4275 dolis,
1572 4207 1774 4261 Hilario
1876 4219 1997 4260 nam
2025 4203 2215 4258 eodem
2244 4203 2744 4259 modo-muletatum
2774 4206 3061 4261 Eusebium
3086 4225 3296 4280 quoque
3322 4214 3455 4270 Ver.

149 4307 521 4370 Pictaviensi
568 4308 823 4375 episcopo
852 4302 1148 4357 Mediolano
1191 4298 1471 4354 discedere
1496 4294 1775 4368 compulso
1878 4297 2167 4353 cellenscm
2189 4296 2642 4367 episeopum’sub
2670 4296 2993 4354 Constantio
3021 4299 3349 4371 imperatore
3386 4306 3455 4361 ab

150 4402 350 4479 (quod
383 4415 541 4454 anno
565 4398 670 4453 565
693 4394 982 4463 contigisse
1011 4400 1156 4448 recte
1178 4388 1559 4445 animadvertit
1585 4390 1779 4460 Pagius
1880 4389 2096 4446 Arianis
2123 4390 2347 4459 legimus
2394 4389 2446 4444 in
2478 4404 2641 4444 causa
2683 4389 3001 4457 Athanasii;
3046 4393 3204 4463 idque
3233 4410 3332 4451 nos
3362 4397 3459 4454 do-

149 4491 243 4564 (h)
260 4534 279 4560 ,
325 4495 475 4560 post
500 4488 614 4556 ejus
640 4486 932 4540 discessum
958 4483 1277 4539 remansisse
1302 4482 1649 4538 Philastrium
1674 4482 1781 4537 Me-
1814 4515 1864 4575 D
1888 4494 2010 4537 cent
2043 4482 2168 4535 Acta
2193 4481 2468 4551 passionis,
2496 4497 2585 4536 seu
2618 4479 2748 4537 Viue
2767 4482 2830 4538 S.
2857 4480 3062 4539 Eusebii
3085 4486 3307 4559 episcopi
3334 4488 3464 4544 Ver-

152 4581 399 4638 diolani
428 4619 445 4644 ,
477 4586 537 4632 ιιι
576 4592 792 4649 Quoquo
824 4575 981 4630 modo
1014 4582 1217 4646 posset,
1249 4574 1583 4630 Catholicum
1618 4589 1785 4644 popu-
1816 4573 1842 4575 ⁷
1891 4574 2119 4629 cellensis
2144 4615 2159 4639 ,
2192 4588 2310 4643 quae
2354 4588 2420 4628 ex
2474 4573 2842 4629 vetustissimo
2871 4574 2993 4629 cod.
3026 4590 3129 4630 ms.
3153 4576 3465 4635 Monasterii

148 4680 276 4732 lum
337 4672 580 4729 ﬁdelem
628 4671 681 4725 in
731 4669 911 4725 ol‘licio
955 4669 1289 4735 contineret,
1340 4669 1479 4723 idem
1523 4667 1785 4723 Baronius
1886 4667 2243 4723 Nonautulani
2288 4666 2510 4736 protulit
2538 4666 2796 4735 Ughellus
2834 4667 2888 4721 in
2930 4669 3199 4737 episcopis
3247 4668 3465 4727 Vercel-

145 4765 426 4838 cimjicit
458 4762 546 4833 (i).
576 4762 763 4832 itaque
803 4775 921 4816 cum
960 4752 1227 4815 Ambrosii
1275 4760 1472 4815 electio
1504 4760 1557 4813 in
1589 4775 1787 4815 annum
1887 4760 2121 4816 lensibus
2153 4757 2256 4830 (ιι),
2290 4759 2341 4811 in
2371 4757 2566 4826 quibus
2588 4756 2704 4811 haec
2738 4755 3004 4813 habentur
3045 4756 3120 4830 (ᾳ)
3151 4778 3161 4811 :
3195 4758 3465 4817 Currentes

153 4858 399 4916 incidat
436 4852 549 4908 574
577 4851 669 4925 (j),
699 4853 824 4906 hinc
850 4851 895 4906 si
924 4851 1138 4906 Baronii
1168 4852 1475 4921 conjectura
1506 4852 1786 4921 probetur,
1889 4862 2055 4907 autem
2084 4852 2264 4904 Ariani
2294 4851 2649 4904 abstraxerunt
2677 4865 2807 4913 eunt,
2843 4851 3092 4920 rapiendo
3124 4853 3322 4909 beatum
3354 4855 3467 4911 Eu-

148 4954 339 5023 plane
405 4944 793 5013 consequitur,
822 4942 1079 5000 Ecclesiae
1112 4944 1525 5001 Mediolanensis
1564 4948 1788 5022 tutelam
1890 4948 2083 5003 sebium
2109 4945 2171 4997 de
2205 4943 2461 4997 consortio
2482 4943 2860 5010 episcoporum,
2890 4944 3185 5014 fortiterque
3210 4963 3322 4999 eum
3353 4963 3466 5001 rer-

149 5058 220 5098 ac
255 5035 699 5101 defensionem,
728 5036 867 5090 intra
908 5034 960 5089 id
1003 5035 1340 5100 decennium,
1368 5036 1511 5105 quod
1548 5037 1615 5093 ab
1642 5044 1811 5094 anno
1892 5037 2092 5094 beribus
2135 5032 2481 5104 ﬂagellantes,
2508 5032 2803 5111 semiuiuam
2827 5033 3139 5103 reliquerunt
3161 5053 3180 5100 ;
3219 5046 3271 5091 et
3309 5038 3469 5105 paulo

148 5132 295 5197 565,
337 5127 424 5183 ad
460 5140 667 5179 annum
695 5124 823 5191 574,
850 5125 1157 5210 intercedit,
1185 5125 1470 5183 Philastrio
1496 5142 1620 5183 esse
1648 5132 1783 5187 assi-
1888 5139 2010 5203 post
2042 5148 2055 5180 ;
2088 5126 2221 5179 Item
2268 5124 2556 5179 verberibus
2595 5140 2781 5180 caesum
2825 5126 3237 5199 interrogabant,
3276 5129 3320 5182 si
3362 5129 3469 5197 iam

1975 5247 2042 5387 (ἔξ
2070 5246 2137 5300 Α.
2167 5244 2296 5310 569,
2329 5238 2382 5299 n.
2416 5244 2507 5299 27.

1975 5320 2013 5387 [j
2072 5317 2193 5370 Bar.
2227 5316 2451 5387 A3574,
2482 5332 2507 5371 ι]

1984 5316 2039 5387 'j)
2072 5317 2193 5370 Bar.
2227 5316 2451 5387 A3574,
2482 5332 2537 5371 ιι.
2570 5316 2603 5373 9
2627 5324 2683 5374 et
2706 5318 2793 5375 10.

1990 5388 2043 5527 '3
2055 5385 2356 5511 ἕεῖἔὶῗὲξ

1995 5455 2033 5527 ι)
2054 5458 2177 5527 est.
2209 5456 2276 5511 A.
2307 5455 2434 5521 355,
2464 5474 2519 5512 η.
2552 5460 2639 5521 ιτ,
2670 5458 2876 5527 19,30.

2001 5525 2070 5595 in)
2102 5525 2244 5581 Idem
2266 5527 2333 5582 A.
2358 5527 2484 5583 569.
2514 5544 2573 5584 n.
2606 5529 2697 5585 l9.

2000 5597 2051 5662 η)
2080 5595 2238 5662 lbid.,
2268 5613 2323 5651 n.
2351 5596 2442 5651 28.

2007 5664 2056 5729 0)
2085 5664 2216 5720 Crit.
2249 5668 2313 5720 ad
2348 5669 2412 5722 A.
2441 5669 2567 5729 589,
2603 5686 2653 5723 n.
2684 5669 2716 5723 9
2746 5677 2799 5723 ct
2829 5668 2913 5723 10.

1902 5790 1905 5791 ν
2267 5736 2622 5865 ὲῐιιιξὲθὸειθ.
2652 5742 2756 5796 col.
2787 5742 2907 5807 7i9,
2936 5736 3066 5796 edit.
3096 5736 3230 5797 Ven.

2201 5846 2241 5879 .,
2362 5849 2374 5863 .
2513 5848 2526 5864 .

2004 5806 2056 5879 ιι)
2084 5806 2241 5879 lbid.,
2272 5808 2374 5865 col.
2404 5810 2526 5865 756.

229 5247 322 5319 (α)
358 5244 570 5303 Serm.
598 5244 668 5299 de
694 5243 883 5313 transl.
905 5243 1177 5299 Philastrii
1200 5245 1536 5315 quibabetur
1564 5263 1616 5318 p.
1645 5251 1772 5309 587,
1834 5274 1837 5277 -

242 5317 337 5367 (ὁ)
388 5314 694 5367 Paa.577.

242 5315 337 5390 (6)
388 5315 694 5382 Pag.377.
1566 5315 1581 5318 '

242 5392 331 5506 Κλ
362 5384 674 5506 ἷὲἓι.11ἶὸ
704 5382 818 5438 Ital.
855 5383 975 5439 Sac.
1000 5383 1104 5439 eol.
1134 5384 1237 5440 b23
1265 5384 1395 5440 edit.
1427 5386 1666 5443 Venetae.

234 5453 331 5535 (si)
368 5457 535 5521 Pag.
568 5453 692 5508 176.
1416 5502 1417 5507 η
1716 5474 1719 5475 ν

234 5532 319 5607 (ε)
358 5523 676 5607 ἓενιιι..ᾳ.ε
705 5523 817 5607 vita
844 5531 899 5607 e_t
924 5522 1234 5607 obitunbeati
1266 5524 1797 5607 lfhila_strii,_p._57j2.

155 5683 191 5739 ὴ
236 5591 689 5729 ξήρἰΐὲἶηῆιιὲ),
719 5593 912 5649 Annal.
946 5608 998 5664 p.
1031 5593 1164 5659 106,
1194 5610 1249 5647 n.
1280 5595 1366 5651 10.
1404 5591 1551 5654 Vide
1572 5591 1714 5655 intra
1747 5603 1803 5656 in

198 5693 266 5737 ac
490 5704 507 5717 -
591 5702 681 5739 ι--

198 5693 266 5737 ac
304 5693 475 5729 fraus
490 5704 507 5717 .
550 5693 681 5737 "1:1.

233 5745 332 5899 ἱξό
358 5733 726 5870 Emam.
754 5804 879 5873 569,
902 5823 957 5864 n.
983 5808 1031 5863 2.
