3922 6424
563 282 699 342 1059

1750 275 2064 335 SANCTUS
2102 274 2570 335 PlllLASTRlUS.

3669 282 3808 342 1080

556 396 870 451 consentiens
911 394 1255 463 conﬁteretur.
1298 389 1626 446 Consuetum
1672 387 1883 445 Arianis
1925 387 2134 444 facinus
2163 399 2212 458 Α
2237 387 2461 442 menium
2500 400 2631 443 vero
2672 395 2729 443 et
2774 386 3041 443 Artemium
3086 386 3245 459 longe
3291 396 3414 460 post
3462 403 3659 445 annum
3703 389 3809 446 365

470 548 478 558 _
555 487 792 542 ostendit
817 486 1142 541 Athanasius
1170 486 1220 538 in
1244 484 1403 554 epist.
1437 483 1503 538 ad
1526 482 1799 537 solitarius
1833 498 1847 535 :
1876 478 2016 535 Dant
2039 481 2138 551 igi-

553 589 637 635 tur
667 581 861 633 litteras
910 577 1235 651 (Eusebiani
1266 588 1489 644 nempe,
1537 573 1640 627 hoc
1685 581 1768 628 est
1813 569 2036 639 Ariani)
2066 569 2135 623 ad

557 656 893 742 Philagrium,
940 679 1265 738 auctoresque
1309 675 1427 722 sunt
1462 708 1475 732 ,
1517 677 1573 720 ut
1614 665 1702 719 ille
1764 664 2135 733 quamprimum

553 780 665 817 cum
691 763 938 834 Gregorio
963 762 1018 816 in
1048 760 1335 833 Egi/ptum
1372 759 1555 825 abeat;
1584 775 1644 812 ac
1673 757 1840 811 statim
1862 760 1975 829 jam
2015 756 2136 810 inde

550 858 773 926 episwpi
801 854 1221 926 flagellabantur,
1256 862 1301 907 et
1340 853 1536 906 acerbis
1563 851 1772 904 vinculis
1814 850 2131 921 constringe-

553 949 754 1002 bantur.
788 946 993 1001 Deinde
1017 960 1141 999 mox
1170 944 1240 998 ibi
1275 962 1287 996 z
1322 942 1440 997 Heu
1486 942 1611 996 mihi
1639 951 1759 1011 quot
1806 940 1874 994 ibi
1911 940 2135 1009 episcopi

553 1034 709 1108 virgis
727 1037 915 1092 concisi
937 1046 1051 1091 sunt
1066 1037 1086 1089 .’
1109 1037 1173 1091 Et
1193 1035 1330 1090 infra
1350 1035 1418 1089 de
1437 1034 1628 1089 iisdem
1651 1033 1862 1089 Arianis
1883 1033 2131 1102 loquens:

558 1126 733 1182 Missis
758 1144 792 1182 a
816 1126 1015 1182 Liberio
1044 1125 1228 1198 (papa)
1258 1126 1329 1179 ad
1363 1124 1617 1179 Caesarem
1644 1122 1895 1194 Eutrapio
1926 1122 2133 1192 presby-

552 1231 687 1294 tero,
720 1231 766 1274 et
796 1221 1001 1275 Hilario
1030 1221 1278 1287 diacono,
1312 1222 1526 1274 alterum
1552 1235 1756 1284 eorum,
1789 1234 1966 1290 nempe
1994 1234 2134 1287 pres-

552 1312 806 1383 byterum,
837 1313 889 1366 in
918 1312 1155 1367 exsilium
1182 1312 1367 1365 misere
1392 1327 1410 1366 :
1438 1311 1652 1365 alterius
1679 1324 1795 1364 vero
1828 1318 2004 1379 terga,
2039 1307 2130 1361 de-

551 1408 724 1459 tractis
750 1407 1002 1470 vestibus,
1054 1406 1276 1475 flagellis
1320 1404 1682 1470 conciderunt,
1724 1402 2136 1473 ﬂagellatumque

547 1506 798 1551 extorrem
843 1496 1025 1564 fecere.
1058 1494 1343 1558 Martinum
1389 1494 1793 1555 Turonensem,
1826 1507 1941 1545 cum
1972 1491 2131 1543 Incre-

546 1586 617 1639 sis
645 1585 837 1640 Ariona
864 1602 951 1654 per
979 1593 1137 1638 totum
1161 1586 1354 1647 orbem,
1382 1594 1429 1637 et
1462 1584 1680 1637 maxime
1706 1582 1841 1635 intra
1864 1579 2133 1650 Illyricum

551 1676 889 1745 pullulasset,
941 1675 1151 1745 publice
1196 1675 1356 1743 virgis
1405 1689 1603 1729 cmsum
1642 1682 1824 1751 narrat
1865 1672 2131 1741 Sulpicius

2238 480 2523 549 episcopos
2571 478 2735 536 fuisse
2784 480 2953 537 factos
2979 521 2994 547 ,
3022 480 3152 537 illud
3181 482 3439 549 ostendit,
3468 484 3608 554 quod
3638 482 3809 539 Lime-

2238 571 2351 625 nius
2396 571 2755 627 Vercellensis
2785 572 3044 628 Ecclesiae
3086 582 3208 643 post
3239 574 3455 633 Eusebii
3485 575 3689 631 obitum
3715 591 3810 632 an-

2237 663 2388 718 tistes
2415 676 2628 720 creatus
2659 666 2838 731 luerit,
2872 664 3087 720 Eusebii
3109 674 3283 720 autem
3311 666 3489 722 obitus
3518 682 3549 723 a
3575 668 3810 723 Baronio

2236 756 2587 825 consignetur
2634 769 2778 809 anno
2822 755 2917 810 571
2958 753 3066 827 ([);
3099 755 3364 811 Anemium
3394 773 3524 814 vero
3560 769 3650 815 aut
3693 760 3812 828 ipso

2236 860 2377 901 anno
2405 847 2509 903 380
2535 848 2625 918 qui
2668 848 2912 918 proxime
2950 847 3295 918 Aquileiense
3337 851 3624 906 concilium
3667 864 3811 907 anno

2236 940 2331 995 38!
2382 941 2707 997 celebratum
2758 941 3072 1011 praecessit,
3137 940 3203 996 ad
3256 943 3624 1012 episcopatum
3695 943 3811 999 Sir-

2237 1030 2495 1087 miensem
2541 1042 2850 1102 provectum
2903 1033 3097 1097 fuisse,
3128 1041 3186 1088 ut
3232 1042 3384 1103 putat
3431 1032 3809 1105 Baronius(g),

2238 1124 2321 1178 vel
2348 1134 2495 1180 certe
2522 1134 2641 1194 post
2677 1141 2877 1181 annum
2904 1124 3007 1181 574
3029 1166 3044 1192 ,
3072 1124 3158 1180 cui
3190 1126 3454 1181 Ambrosii
3497 1127 3687 1183 electio
3736 1127 3806 1180 ad

2235 1215 2691 1273 Mediolanensem
2737 1218 3047 1274 cathedram
3077 1218 3417 1288 assignatur,
3464 1218 3807 1274 statuendum

2236 1306 2309 1361 sit
2373 1323 2437 1363 ex
2502 1308 2725 1363 Paulino
2792 1309 2843 1363 in
2900 1308 3024 1364 Vita
3096 1308 3428 1375 Ambrosii;
3494 1308 3811 1364 Ambrosius

2236 1399 2379 1455 enim
2444 1394 2882 1456 Sirmii'Anemii
2941 1401 3269 1456 ordinationi
3306 1400 3587 1466 interfuit,
3632 1400 3812 1471 ibique

2236 1490 2463 1545 Arianos
2484 1492 2836 1561 compescuit,
2860 1493 2946 1562 qui
2971 1491 3197 1547 JuStinaa
3218 1493 3458 1563 potentia
3487 1474 3605 1548 [τεξῚί
3630 1492 3811 1547 turbas

2235 1579 2485 1645 ciebant,
2518 1582 2801 1653 ipsumque
2850 1582 3191 1638 Ambrosium
3230 1582 3298 1638 de
3329 1582 3570 1639 Ecclesia
3615 1582 3811 1653 pellere

2233 1672 2590 1728 conabantur.
2617 1671 2725 1729 Sed
2773 1674 3016 1745 quamvis
3063 1674 3175 1729 iure
3203 1673 3275 1729 ita
3297 1689 3358 1730 se
3388 1673 3655 1741 habeant,
3698 1686 3813 1727 ma-

546 1766 645 1837 (a).
680 1766 829 1822 Felix
856 1768 1050 1833 abbas,
1092 1782 1197 1822 una
1240 1782 1363 1821 cum
1392 1766 1675 1836 Fulgentio
1701 1765 1793 1836 qui
1820 1772 2005 1834 postea
2031 1763 2133 1819 fuit
2160 1773 2208 1833 Β
2229 1762 2350 1832 jora
2383 1764 2731 1821 nihilominus
2777 1766 3044 1821 rationum
3097 1774 3367 1820 momenta
3418 1773 3578 1833 sunt,
3621 1763 3811 1835 quibus

545 1861 839 1929 lluspensis
865 1862 1169 1930 episc0pus,
1206 1860 1430 1931 ﬂagellis
1476 1860 1601 1915 caesi
1625 1900 1637 1922 .
1668 1859 1820 1927 jussu
1847 1858 2127 1928 cujusdam

543 1952 727 2007 Ariani
755 1953 1073 2024 presbyteri,
1099 1960 1466 2007 memorantur
1492 1953 1560 2006 ah
1582 1960 1803 2007 auctore
1827 1948 1963 2004 Vitae
1988 1947 2131 2004 beati

548 2043 814 2114 Fulgentii
838 2058 887 2097 c.
926 2044 991 2098 10
1016 2051 1072 2099 et
1102 2045 1159 2098 11
1199 2043 1294 2113 (ὁ).

616 2136 668 2189 5.
712 2137 786 2191 De
816 2145 1058 2203 tempore
1100 2151 1203 2205 quo
1252 2135 1579 2188 Philastrius
1608 2133 1799 2189 sedere
1844 2134 1895 2187 in
1924 2132 2134 2202 episco-

544 2236 671 2297 patu
722 2228 973 2281 Brixiano
1017 2226 1281 2295 coeperit,
1318 2240 1422 2277 non
1476 2223 1667 2293 liquet.
1712 2222 1846 2277 Eum
1878 2231 2002 2277 ante
2030 2236 2131 2277 an-

545 2334 670 2374 num
701 2318 825 2383 565,
857 2332 961 2388 quo
994 2316 1227 2392 Hilarius
1246 2314 1549 2371 Mediolano
1574 2316 1724 2369 abire
1748 2314 1949 2382 jussus,
1983 2315 2128 2384 epis-

544 2418 767 2478 copatus
794 2408 1017 2478 gradum
1062 2407 1303 2461 tenuisse
1324 2448 1338 2471 ,
1366 2420 1433 2461 ea
1472 2421 1592 2475 quae
1630 2420 1752 2461 mox
1781 2406 1925 2461 dicta
1968 2413 2092 2460 sunt
2114 2446 2129 2473 ,

544 2499 867 2570 persuadere
897 2508 1146 2567 pOSSuut;
1182 2512 1349 2568 quare
1378 2497 1641 2552 Baronius
1660 2498 1775 2567 ipse
1800 2497 1891 2552 ubi
1917 2496 1986 2553 de
2013 2512 2131 2553 cer-

547 2590 833 2644 taminibus
860 2590 928 2645 ab
965 2590 1237 2659 episcopis
1269 2603 1393 2645 cum
1424 2589 1694 2643 Auxentio
1720 2588 2010 2645 Mediolani
2038 2588 2133 2644 ha-

543 2682 669 2737 bilis
698 2681 937 2749 disserit,
967 2680 1315 2735 Pbilastrium
1342 2694 1463 2734 cum
1497 2678 1737 2734 Eusebio
1762 2678 2126 2745 Vereellensi,

540 2784 595 2831 et
644 2775 869 2845 Evagrio
914 2773 1250 2830 Antiocheno
1298 2772 1579 2842 conjungit
1630 2770 1736 2843 (c);
1789 2772 1915 2841 quin
1968 2772 2125 2825 etiam

541 2868 697 2936 paulo
724 2875 840 2936 post
874 2880 1163 2921 recensens
1194 2863 1446 2918 Ausentii
1488 2862 1687 2932 ﬂagitia
1712 2905 1724 2923 .
1756 2862 1948 2933 quibus
1980 2864 2123 2932 epis-

541 2973 707 3026 copos
749 2957 1040 3012 Catholica:
1067 2957 1324 3011 Ecclesiae
1355 2956 1613 3019 vexabat,
1649 2951 1992 3010 Philastrium
2032 2970 2127 3011 ex-

543 3063 729 3117 presse
773 3048 1081 3116 episcopum
1124 3056 1278 3101 vocat
1326 3044 1443 3117 (d).
1476 3044 1628 3112 Quod
1668 3047 1953 3101 sententia:
2002 3046 2127 3101 huic

2232 1852 2297 1908 ad
2339 1854 2667 1916 credendum
2699 1854 3044 1927 adducimur;
3088 1854 3428 1909 Philastrium
3482 1854 3652 1909 multo
3688 1862 3810 1908 ante

2232 1946 2536 2000 Limenium
2567 1987 2581 2013 ,
2611 1955 2666 2002 et
2712 1946 2995 2013 Anemium
3017 1988 3032 2014 ,
3067 1931 3380 2016 episcopum
3429 1960 3549 2001 esse
3590 1943 3806 1999 factum.

2234 2037 2387 2093 Patet
2426 2040 2571 2095 enim
2598 2039 2890 2095 ‘Gaudcntii
2915 2040 3207 2096 auctoritas
3233 2080 3247 2105 ,
3276 2039 3428 2111 cujus
3464 2038 3622 2095 verba
3650 2052 3807 2109 supe.

2234 2128 2347 2183 rius
2389 2130 2554 2185 relata
2586 2131 2797 2185 nonnisi
2825 2130 3079 2200 episcopo
3129 2132 3300 2202 aptari
3331 2141 3568 2201 queunt;
3604 2144 3800 2200 neque,

2232 2230 2289 2276 ut
2310 2222 2418 2291 jam
2443 2221 2694 2290 diximus,
2726 2223 2986 2278 Ecclesiae
3007 2220 3300 2278 Catholica:
3322 2237 3480 2295 causa
3507 2222 3574 2278 ab
3594 2221 3804 2278 homine

2230 2314 2478 2385 privato,
2514 2314 2653 2370 inter
2701 2323 2779 2369 tot
2825 2314 3120 2384 procellas,
3173 2327 3272 2383 pro
3314 2314 3392 2368 rei
3443 2312 3803 2385 magnitudine

2229 2404 2360 2460 satis
2408 2414 2712 2476 opportune
2743 2404 2941 2475 suscipi
2972 2412 3200 2475 poterat,
3220 2419 3395 2475 neque
3422 2404 3490 2459 ab
3516 2403 3624 2459 alio
3646 2418 3800 2474 quam

2227 2497 2297 2553 ab
2326 2498 2576 2568 episcopo
2606 2499 2738 2553 satis
2770 2513 2869 2567 pro
2896 2498 3155 2569 dignitate
3195 2494 3435 2553 defendi.
3466 2495 3596 2551 lllud
3643 2495 3800 2551 etiam

2227 2589 2383 2644 valde
2412 2599 2493 2645 est
2519 2588 2989 2656 considerandum,
3018 2606 3145 2645 num
3182 2596 3260 2644 tot
3285 2586 3524 2659 episcopi
3570 2594 3687 2656 post
3712 2585 3801 2641 Li-

2229 2682 2461 2735 mcnium
2482 2722 2495 2745 .
2520 2691 2573 2737 et
2594 2682 2875 2737 Anemium
2898 2681 3230 2752 Aquileiensi
3258 2680 3490 2737 concilio
3516 2676 3800 2749 subscripti

2229 2773 2373 2845 (sunt
2403 2773 2547 2830 enim
2572 2772 2740 2830 ferme
2764 2784 2885 2830 octo
2910 2780 2965 2830 et
2991 2773 3196 2846 viginti)
3225 2782 3330 2829 tam
3358 2772 3569 2829 modico
3598 2781 3801 2843 tempo-

2226 2867 2301 2921 ris
2320 2867 2492 2935 spatio
2512 2866 2699 2933 creati,
2718 2875 2770 2921 et
2791 2866 3009 2921 sedibus
3030 2865 3392 2936 suisimpositi
3410 2864 3553 2921 credi
3574 2864 3797 2934 possint,

2227 2968 2281 3011 ut
2320 2958 2421 3013 rite
2446 2972 2538 3013 eos
2568 2966 2687 3027 post
2716 2956 3049 3022 Limenium,
3081 2967 3134 3012 et
3160 2957 3467 3022 Anemium,
3499 2957 3587 3025 qui
3619 2964 3799 3011 essent

2225 3050 2540 3119 episcOpatu
2568 3049 2900 3119 antiquiores
2920 3090 2935 3113 ,
2961 3048 3345 3118 subscripsisse
3375 3046 3667 3115 putandum
3695 3047 3797 3112 sit;

544 3138 802 3209 refragari
850 3137 1121 3202 videatur,
1156 3136 1284 3193 illud
1328 3149 1487 3205 porro
1534 3145 1617 3189 est
1644 3136 2119 3204 perpendendum;
2151 3132 2195 3195 C
2227 3140 2525 3207 praesertim
2564 3138 2653 3193 ubi
2702 3138 2959 3194 Anemius
3033 3152 3172 3192 anno
3212 3138 3356 3205 380,
3407 3153 3596 3207 nempe
3643 3136 3799 3191 unico

543 3243 738 3301 nempe
764 3243 886 3285 cum
937 3229 987 3282 in
1017 3228 1246 3284 concilio
1270 3226 1625 3297 Aquileiensi,
1658 3227 1802 3296 quod
1834 3243 1976 3281 anno
2017 3228 2114 3283 ’581

545 3314 875 3379 εεὶοὺναιιῆιι
903 3328 1007 3385 est,
1037 3321 1179 3375 inter
1213 3320 1499 3389 episcopos
1522 3317 1780 3387 descripti
1805 3333 2121 3375 recensean-

542 3424 662 3480 tur,
714 3421 933 3483 quartus
980 3410 1169 3467 ordine
1208 3409 1469 3464 Limenius
1503 3408 1858 3480 Vercellensis,
1905 3414 2121 3482 quintus

544 3522 672 3563 vero
698 3506 938 3562 Anetnius
979 3504 1303 3570 Sirmiensis,
1337 3503 1545 3572 hosque
1573 3510 1783 3558 constet
1810 3502 1967 3575 longe
2004 3514 2122 3574 post

544 3618 741 3659 ammm
787 3599 891 3657 565
930 3597 1101 3654 factos
1152 3613 1274 3653 esse
1314 3597 1627 3667 episcopos;
1684 3596 1903 3650 minime
1950 3598 2121 3666 putari

548 3710 705 3763 posse
750 3692 1095 3747 Philastrium
1124 3690 1355 3743 Limenio
1410 3698 1464 3742 et
1494 3688 1705 3742 Anemio
1746 3703 1869 3743 esse
1916 3690 2123 3758 episco—

548 3796 671 3855 patu
711 3784 1095 3852 antiquiorem,
1128 3795 1193 3835 eo
1229 3780 1369 3848 quod
1395 3779 1449 3831 iu
1490 3778 1680 3832 eodem
1729 3778 1961 3833 concilio
2002 3778 2125 3833 des-

545 3876 783 3932 cribatur
811 3882 1055 3928 octavus.
1084 3869 1317 3925 Ferebat
1366 3870 1509 3923 enim
1538 3867 1822 3939 disciplina
1844 3909 1858 3936 ,
1889 3877 1948 3923 ut
1994 3882 2125 3925 con-

545 3969 679 4024 ciliis
706 3964 965 4036 episcopi,
998 3973 1113 4017 tam
1132 3960 1184 4015 in
1201 3959 1439 4016 sedendo
1468 3975 1628 4031 quam
1656 3960 1708 4014 in
1737 3958 2123 4017 subscribendo

541 4062 786 4117 ordinem
851 4063 1168 4119 servarent,
1215 4070 1319 4123 quo
1366 4053 1580 4108 fuerant
1637 4052 1703 4107 ad
1757 4054 2119 4122 episcopatum

542 4153 749 4217 evecti;
793 4161 848 4205 ut
882 4147 1061 4219 prodit
1111 4156 1295 4216 aperte
1341 4144 1633 4215 Gregorius
1678 4144 1714 4199 l.
1767 4161 1858 4211 ιι,
1900 4160 1986 4214 ep.
2025 4144 2122 4201 108

544 4246 673 4301 edit.
725 4244 857 4299 Ben.
906 4241 1015 4313 (al.
1042 4238 1208 4307 115).
1253 4237 1305 4291 iu
1356 4251 1482 4313 qua
1510 4235 1882 4305 Metropolim,
1926 4236 2036 4289 loco
2076 4245 2123 4290 et

542 4338 731 4390 honore
758 4342 975 4395 servato,
1002 4330 1180 4385 subdit
1213 4347 1225 4383 :
1259 4326 1480 4383 Cteteros
1503 4344 1619 4382 uero
1651 4329 1916 4399 episc0pos
1943 4344 2125 4382 secun-

546 4429 671 4483 dum
701 4412 1035 4481 ordinationis
1063 4438 1169 4477 ante
1199 4433 1417 4488 tempus,
1446 4423 1550 4473 sive
1576 4419 1643 4471 ad
1670 4419 2044 4473 comedendum
2067 4419 2121 4473 in

2223 3239 2428 3285 tantum
2457 3243 2600 3285 anno
2632 3239 2753 3284 ante
2775 3229 3056 3285 concilium
3086 3227 3459 3302 Aquileiensez,
3490 3228 3799 3286 Sirmiensis

2223 3322 2506 3393 episcopus
2538 3321 2707 3376 iactus
2738 3321 2919 3389 fuerit,
2947 3322 3023 3377 uti
3054 3321 3282 3377 Baronio
3329 3320 3798 3392 placuerattAne-

2222 3414 2331 3468 miu
2357 3423 2501 3470 certe
2526 3413 2871 3469 Philastrium
2902 3413 3215 3486 episcopatu
3250 3413 3419 3472 fuisse
3440 3414 3796 3487 antiquiorem

2222 3520 2287 3561 ex
2322 3520 2386 3561 eo
2412 3505 2543 3560 satis
2566 3512 2810 3571 constat,
2834 3505 2972 3576 quod
3017 3506 3273 3562 Anemius
3302 3505 3484 3563 Sirmii
3514 3506 3797 3578 episcopus

2224 3598 2512 3654 Ambrosio
2561 3608 2825 3668 praesente
2891 3599 3172 3655 ordinatus
3233 3599 3427 3666 fuerit,
3482 3599 3797 3657 Philastrius

2224 3705 2350 3744 vero
2421 3692 2713 3761 priusquam
2784 3691 2957 3745 beatus
3020 3692 3291 3762 eligeretur
3368 3692 3690 3761 Ambrosius,
3742 3693 3797 3749 in

2225 3777 2597 3831 Mediolanensi
2643 3779 2764 3833 urbe
2808 3780 2999 3835 Arione
3039 3796 3332 3854 repugnans
3379 3783 3653 3851 Auxentio,
3685 3800 3798 3841 mo-

2222 3883 2356 3923 nens
2380 3882 2572 3923 cusros
2614 3883 2845 3925 DOIINICI
2889 3885 3073 3927 GREGIS
3108 3888 3135 3926 a
3162 3871 3466 3930 Gaudentio
3497 3875 3795 3946 appelletur

2224 3960 2321 4031 (It).
2356 3959 2692 4032 Relinquitur
2737 3962 2915 4032 itaque
2965 3970 3021 4018 ut
3054 3963 3104 4017 in
3131 3963 3249 4033 ejus
3275 3964 3493 4020 concilii
3522 3966 3799 4035 subscrip-

2223 4053 2487 4120 tionibus,
2542 4068 2645 4108 non
2703 4052 2750 4109 is
2792 4053 2956 4109 fuerit
3002 4053 3326 4110 examussim
3353 4054 3486 4109 ordo
3514 4065 3790 4122 servatus,

2222 4146 2311 4215 qui
2337 4144 2404 4201 ab
2452 4143 2817 4201 ecclesiastica
2867 4144 3052 4217 regula
3092 4147 3438 4216 praescriptus
3462 4144 3794 4212 erat;cujus

2219 4236 2434 4307 quidem
2463 4239 2539 4292 rei
2568 4237 2655 4291 vel
2687 4236 2812 4292 illud
2838 4245 3152 4308 argumento
3179 4251 3299 4293 esse
3328 4244 3531 4307 potest,
3557 4236 3698 4307 quod
3738 4234 3792 4290 in

2220 4328 2477 4383 laterculo
2506 4328 2893 4400 Episcoporum
2922 4330 3095 4386 eidem
3126 4328 3361 4385 concilio
3390 4330 3636 4400 praeﬁxo,
3663 4328 3792 4385 Phi-

2221 4422 2435 4477 laslrius
2460 4430 2682 4476 octavus
2713 4432 3042 4491 numeretur,
3074 4423 3225 4479 initio
3253 4438 3383 4479 vero
3406 4425 3663 4479 Actorum
3701 4437 3794 4479 oc-

540 4522 793 4587 concilio,
820 4521 921 4575 sive
962 4518 1028 4572 ad
1066 4514 1509 4577 subscribendum,
1553 4512 1629 4564 vel
1657 4513 1709 4563 in
1753 4512 1973 4581 qualibet
2014 4512 2120 4566 alia
2145 4504 2196 4562 D
2220 4522 2404 4567 currat
2451 4512 2803 4579 undecimus;
2835 4528 2897 4569 ac
2940 4514 3215 4570 Gallorum
3247 4516 3406 4587 legati
3463 4514 3792 4571 Constantius

539 4634 618 4684 re,
648 4633 740 4671 sua
768 4613 1025 4669 attendere
1064 4609 1175 4663 loca
1222 4606 1563 4662 decernimus.
1598 4600 1896 4657 Concilium
1925 4602 2115 4656 Braea-

541 4724 700 4766 rense
730 4723 785 4773 ι,
818 4721 936 4761 can.
965 4701 1035 4759 24
1065 4719 1079 4757 :
1112 4699 1421 4756 Conservato
1466 4693 1853 4765 MetrOpolitani
1899 4696 2118 4764 episcopi

543 4802 787 4871 primatu,
818 4796 987 4851 cceteri
1012 4795 1362 4867 episcoporum
1389 4788 1672 4846 secundum
1700 4801 1807 4841 sua:
1832 4784 2117 4838 ordinatio-

542 4895 620 4949 nis
652 4904 846 4963 tempus
867 4931 881 4956 ,
914 4890 1044 4943 alius
1091 4886 1183 4940 alii
1230 4885 1437 4940 sedendi
1483 4883 1679 4951 deferat
1710 4879 1875 4934 locum
1908 4874 1997 4947 (e).
2032 4875 2117 4930 Li-

642 5083 688 5152 bl
723 5095 858 5149 Bibl.
890 5094 990 5147 PP.
1023 5102 1154 5143 tom.
1187 5083 1283 5144 IX.
1305 5086 1408 5139 col.
1440 5083 1495 5137 2.

891 5145 1187 5239 T‘Eusebius‘
1224 5155 1511 5235 Episcopus
1540 5148 1910 5239 V'Verc'eyllensis‘
1923 5145 2122 5239 ,AE‘va—

541 5220 703 5309 grt‘ué,
733 5248 775 5292 et
805 5231 1115 5309 Philostrius
1145 5220 1436 5309 Bririatttts,
1466 5222 1647 5309 ci'libAt'LOi
1658 5222 1738 5309 illi
1756 5220 1987 5309 inempe
2006 5221 2121 5309 rsu-

546 5291 775 5377 Ξέῆίὼ)
805 5304 1059 5377 negotium
1090 5295 1427 5377 facessissent,
1458 5302 1503 5345 ct
1529 5291 1843 5345 vehementer
1868 5291 2123 5361 exagitas-

546 5392 674 5434 sent.
710 5366 1277 5443 Βξιτ.λοῗ)699¹¹·θ·,
1372 5434 1381 5443 .
1440 5434 1448 5443 .
1553 5430 1589 5443 η
1656 5433 1665 5443 .
1729 5432 1739 5442 .
1850 5428 1883 5443 η
1948 5431 1959 5443 ,
2016 5428 2042 5443 ,.

617 5428 965 5521 (omnem
1011 5429 1387 5521 (Αυκςεημίεξε)
1432 5430 1805 5521 ίτξηεςξιεεξρξ.
1845 5428 2119 5521 Eucti???

548 5500 745 5576 sancio:
794 5500 1060 5587 episcopos
1085 5550 1098 5573 ,
1140 5516 1189 5587 et
1236 5500 1378 5558 inter
1416 5504 1543 5556 alios
1569 5502 1811 5587 fungitat
1848 5500 2117 5579 Eusebium

555 5570 937 5649 ferceliens'ent,
969 5570 1272 5649 Antistiiem,
1308 5590 1394 5649 nec
1414 5589 1515 5627 non
1559 5570 1898 5625 Philostrium
1924 5570 2120 5637 episco-

547 5644 1401 5728 ptthrixinnu'm.lbid._,_u..
1489 5714 1527 5728 η

617 5729 687 5798 (e)
711 5728 862 5781 lluuc
890 5722 1138 5779 eumdem
1162 5715 1460 5786 disciplinae
1489 5712 1883 5769 Ecclesiasticaa
1909 5721 2116 5765 morem

636 5046 667 5081 a
718 5024 825 5079 Vit.
854 5021 992 5077 beati
1023 5019 1173 5073 Mart.
1205 5030 1324 5084 cap.
1355 5014 1407 5070 6.

642 5028 688 5168 b;
723 5095 858 5149 Bibl.
890 5094 990 5147 PP.
1023 5102 1154 5143 tom.
1187 5086 1276 5144 IX.
1305 5086 1407 5139 col.

615 5028 685 5241 ἒς)
734 5166 871 5241 Lic_et_
893 5159 1187 5241 “Eusebius
1224 5155 1407 5235 βρίθει]

2222 4603 2566 4657 Arausicanus
2584 4643 2598 4667 ,
2630 4600 2885 4657 Proculus
2912 4602 3268 4669 Massiliensis,
3296 4614 3343 4658 et
3361 4604 3541 4659 Justus
3580 4604 3792 4676 Lugdu-

2221 4694 2420 4759 nensis,
2455 4693 2561 4747 alio
2586 4693 2775 4750 ordine
2800 4695 2852 4749 in
2884 4695 3177 4761 laterculo,
3206 4696 3313 4751 alio
3354 4697 3506 4752 initio
3533 4696 3787 4754 Actorum

2223 4787 2363 4841 inter
2409 4784 2690 4855 episcopos
2739 4786 3094 4842 collocentur.
3126 4785 3445 4842 Monuerunt
3466 4786 3788 4858 jampridem

2222 4877 2323 4931 viri
2373 4876 2518 4932 docti
2550 4878 2632 4951 (l),
2660 4876 2789 4933 nihil
2816 4892 2935 4935 esse
2966 4878 3325 4949 perturbatius
3352 4879 3708 4946 sessionibus,
3734 4886 3791 4935 et

2218 5008 2463 5083 agnoscit
2491 5007 2753 5083 Bprouius
2776 5010 2848 5083 _A.
2877 5010 3003 5083 £51,
3037 5026 3183 5066 num.
3214 5010 3312 5076 16;
3348 5012 3541 5083 Pagius
3568 5012 3633 5068 A.
3655 5012 3785 5081 402,

2218 5094 2363 5132 num.
2393 5078 2498 5143 25;
2527 5078 2716 5132 Petrus
2759 5079 2827 5135 de
2877 5080 3050 5137 Marca
3089 5082 3306 5137 dissert.
3335 5083 3403 5139 de
3423 5078 3787 5142 'Primatibus

2220 5164 2367 5226 num.
2392 5150 2489 5226 ξι).
2522 5147 2914 5226 Noris_dissert.
2942 5152 2987 5226 5‘
3002 5152 3069 5226 de
3095 5152 3250 5224 Syn.,
3282 5170 3403 5226 cap.
3433 5155 3518 5210 10.

2294 5218 2363 5355 Et)
2392 5218 2515 5271 Bar.
2541 5218 2605 5271 A.
2634 5220 2760 5284 571,
2790 5237 2937 5276 ηυηι.
2970 5224 3094 5279 116.

2318 5290 2371 5355 g)
2396 5287 2538 5342 Idem
2568 5290 2633 5345 A.
2665 5291 2789 5355 380,
2820 5308 2964 5347 num.
2997 5294 3080 5349 18.

2318 5290 2371 5358 g)
2396 5287 2538 5342 Idem
2568 5290 2633 5345 A.
2665 5291 2789 5358 380,
2820 5308 2964 5347 num.
2997 5294 3080 5349 l8.
3115 5294 3345 5350 Baronio
3381 5297 3647 5354 consentit
3678 5296 3787 5352 Til-

2222 5358 2511 5433 lem_outi_us
2536 5368 2666 5415 tom.
2699 5361 2745 5433 Χ
2773 5363 2821 5416 in
2852 5364 2968 5419 Vita
3004 5366 3270 5421 Ambrosii
3304 5368 3503 5433 p.122.
3616 5424 3623 5433 ,

2293 5426 2642 5553 ﬂagrem],
2681 5432 2749 5487 de
2799 5434 2913 5490 Vita
2968 5444 3020 5492 et
3081 5437 3233 5491 obitu
3305 5426 3447 5494 beati
3512 5426 3785 5495 Philastrii

2224 5513 2343 5567 pag.
2377 5513 2498 5554 ate.

2294 5570 2356 5649 (_i)
2390 5571 2466 5649 Ad
2520 5571 2744 5649 Qregor.
2792 5574 2942 5649 edit.
2974 5575 3284 5649 Benntom.
3342 5579 3409 5644 ll,
3445 5593 3565 5649 pag.
3623 5578 3779 5634 1014.

2525 5637 2738 5700 Ρειέυηι
2790 5646 2859 5701 de
2898 5646 3071 5701 Marce
3112 5646 3327 5706 dissert.
3366 5637 3783 5706 de'PFimatibus
