3922 6438
165 375 284 434 1061

1329 369 1390 426 Ρ.
1432 364 1782 428 GALEARDI
1820 368 2197 427 PREFATIO.

3261 373 3395 427 1062

162 484 624 556 subscriptionibus
654 497 761 539 non
789 483 964 540 solum
996 484 1397 553 episcoporum,
1427 483 1523 539 seti
1551 484 1713 538 etiam
1744 484 1790 546 Α
1859 510 1861 512 -
1890 482 2040 537 llunc
2066 489 2400 551 postremum
2452 481 2494 536 si
2545 482 2754 561 demas,
2785 482 2871 552 qui
2922 496 3028 538 non
3075 483 3397 552 episcopus,

163 575 600 646 hletropolitarum
651 575 704 629 in
749 573 1010 644 synodis;
1063 572 1290 642 proinde
1335 587 1405 629 ex
1473 574 1539 628 iis
1587 572 1722 627 nihil

165 669 284 724 certi
328 665 437 720 erui
483 679 642 732 posse
667 705 681 729 ,
710 664 754 718 si
788 679 971 720 earum
1001 663 1136 719 Acta
1182 663 1322 719 edita
1353 663 1718 722 consolantur.

166 759 266 815 Hoc
309 766 480 812 autem
523 755 578 810 iu
627 755 921 812 Tractoriis
966 755 1128 810 etiam
1178 755 1423 823 epistolis
1455 769 1722 808 nonnum-

162 863 308 919 quam
337 845 632 901 obtinuisse
658 886 672 911 ,
703 857 762 901 ut
801 847 1038 915 episcOpi
1067 844 1379 915 perturbato
1422 844 1609 898 ordine
1634 845 1724 897 iis-

164 939 273 996 dem
301 935 746 1002 inscriberentur,
778 936 940 991 docet
985 950 1082 989 nos
1110 937 1430 1005 Augustinus
1463 952 1543 1004 ep.
1574 936 1677 989 ΞΠ
1705 977 1718 999 ,

163 1030 243 1086 ubi
271 1028 350 1083 his
390 1028 570 1083 verbis
597 1043 718 1082 cum
749 1027 1026 1083 Victorino
1065 1030 1319 1095 episcopo
1354 1025 1420 1080 de
1447 1026 1635 1081 eadem
1665 1040 1722 1080 re

165 1120 538 1192 conqueritur:
582 1118 780 1175 Deinde
827 1119 894 1171 ad
930 1118 1067 1188 ipsas
1112 1116 1368 1170 Numidas
1400 1117 1478 1169 ita
1525 1126 1724 1187 pertur-

165 1213 298 1274 bata,
341 1221 386 1265 et
417 1211 643 1281 neglecto
685 1210 860 1264 ordine
901 1210 1179 1278 sctiptum,
1231 1217 1285 1260 ut
1333 1225 1513 1261 nomen
1555 1225 1724 1261 meum

163 1306 296 1359 tertio
325 1304 430 1357 loco
465 1301 762 1367 invenerim,
791 1301 878 1370 qui
904 1301 1017 1354 novi
1045 1315 1197 1369 quam
1225 1307 1340 1369 post
1373 1299 1560 1353 multas
1585 1300 1722 1370 epis-

163 1411 308 1467 capus
334 1395 498 1464 {actus
528 1410 662 1470 sum,
691 1407 804 1460 qua
829 1407 911 1446 res
937 1400 988 1445 et
1017 1391 1136 1445 aliis
1164 1390 1416 1461 injuriosa
1454 1399 1526 1443 est
1567 1390 1722 1457 satis,

164 1496 206 1541 et
232 1485 349 1540 mihi
371 1485 646 1538 invidiosa.

225 1577 274 1631 6.
317 1574 383 1630 Ut
425 1582 606 1628 autem
662 1587 779 1642 qum
835 1573 902 1626 de
957 1572 1295 1642 Aquileiensi
1336 1570 1613 1636 concilio,
1670 1580 1727 1624 et

160 1667 529 1736 episcoporum
584 1663 894 1719 nominibus
943 1662 1018 1717 ibi
1057 1662 1391 1732 descriptis,
1449 1664 1727 1731 hucusque

157 1756 286 1813 dicta
331 1764 475 1822 sunt,
525 1755 757 1812 clariora
788 1753 962 1809 adhuc
1008 1756 1173 1819 fiant;
1205 1753 1377 1808 visum
1421 1761 1504 1808 est
1561 1753 1728 1821 ipsius

1821 574 1914 630 sed
1944 574 2208 644 presbyter
2227 573 2445 638 dicitur,
2479 573 2553 627 uti
2584 581 2638 627 et
2664 570 2939 643 Euagrium
2961 616 2973 639 ,
2995 574 3082 643 qui
3118 573 3402 641 vigesimus

1822 667 2042 736 quintus
2091 680 2316 720 numero
2353 664 2611 736 presbyter
2655 674 2702 718 et
2743 664 2938 734 legatus
2959 664 3277 732 appellatur,
3313 678 3400 716 rc-

1824 765 2044 811 mauent
2071 757 2309 825 episcopi
2342 756 2567 826 trigenta
2601 766 2739 820 tres;
2767 755 3013 822 quamvis
3043 754 3094 806 in
3130 755 3245 823 ipso
3270 767 3399 808 con~

1823 849 1931 904 cilii
1962 850 2144 904 limine
2203 865 2479 919 perperam
2535 848 2863 917 trigintaduo
2901 847 3070 902 fuisse
3112 847 3397 901 dicantur:

1828 939 1891 992 In
1912 955 2009 1008 quo
2038 957 2070 992 a
2099 941 2320 1013 trigenta
2350 940 2556 992 duobus.
2578 938 2752 1004 Italis,
2785 935 2972 1002 Gallis,
3005 945 3052 991 et
3080 934 3406 989 Pannonicis

1825 1029 2101 1097 cpiscOpis,
2134 1029 2470 1098 praesentibus
2498 1027 2768 1082 Gallorum
2788 1069 2801 1094 ,
2825 1037 2872 1081 et
2904 1028 3152 1097 Afrorum
3181 1026 3363 1096 legatis
3385 1066 3399 1090 ,

1831 1118 2104 1174 Palladius
2124 1131 2171 1175 et
2197 1120 2561 1176 Secundiantts
2588 1122 2813 1191 episcopi
2859 1119 3061 1184 Ariani,
3089 1133 3201 1172 cum
3231 1116 3405 1171 Attalo

1825 1212 2050 1280 quodam
2065 1212 2358 1283 presbytero
2371 1210 2832 1266 damnanturleec
2849 1225 3014 1280 porro
3030 1210 3238 1264 numeri
3255 1220 3400 1272 nata,

1826 1302 2122 1370 dcpravate
2182 1302 2336 1357 initio
2393 1303 2606 1358 concilii
2662 1300 2883 1373 praeﬁxa
2916 1342 2929 1366 ,
2999 1300 3189 1356 fefellit
3241 1300 3406 1353 Baro-

1830 1393 1977 1445 nium
2001 1391 2100 1464 (b),
2129 1405 2181 1447 et
2215 1392 2532 1462 Basnagium
2562 1392 2634 1462 (c)
2663 1407 2877 1461 quoque
2897 1433 2912 1458 ,
2955 1393 3152 1459 quibus
3186 1390 3406 1460 triginta

1829 1482 1936 1536 duo
1963 1490 2169 1536 tantum
2198 1484 2437 1552 episcopi
2459 1481 2844 1549 numerantur;
2879 1491 2935 1537 et
2971 1482 3186 1553 quidem
3219 1482 3405 1552 trigin-

1830 1572 1991 1626 taduo
2021 1579 2227 1626 tantum
2255 1581 2519 1643 apparent
2548 1573 2709 1627 etiam
2742 1573 2894 1628 initio
2947 1575 3198 1627 Actorum
3220 1614 3232 1637 ,
3266 1572 3406 1642 quod

1831 1678 1955 1717 mox
1980 1657 2283 1728 subdititus,
2313 1663 2406 1719 sed
2435 1663 2506 1719 ibi
2551 1663 2832 1719 addendus
2879 1674 2960 1719 est
3003 1663 3244 1718 Eventius
3283 1662 3406 1717 Citio

1830 1757 2044 1820 niensis,
2077 1771 2174 1810 seu
2210 1756 2513 1810 Ticiniensis
2554 1758 2652 1827 (d),
2680 1759 2770 1826 qui
2797 1757 3081 1826 laterculo
3122 1757 3406 1824 episcopo-

159 1848 362 1903 concilii
411 1847 624 1902 initium
663 1845 836 1900 oculis
865 1845 1132 1914 subjicere
1160 1886 1172 1907 ,
1205 1859 1271 1900 ex
1309 1858 1416 1913 quo
1444 1843 1727 1911 ttnusquis-
1759 1863 1805 1919 Β
1834 1862 1948 1899 rum
1982 1847 2272 1914 inscriptus
2327 1847 2554 1901 habetur
2606 1863 2833 1900 numero
2874 1847 3118 1901 decimus
3163 1857 3408 1900 octavus.
3446 1846 3449 1849 ⁷

157 1953 278 2009 que,
310 1949 509 2009 quanta
540 1937 702 1993 fuerit
749 1937 1080 2007 perturbatio
1120 1937 1174 1991 in
1223 1937 1598 2006 episcOporum
1635 1951 1726 1988 no-

157 2030 384 2086 minibus
437 2030 569 2088 huic
622 2030 856 2085 concilio
897 2028 1259 2095 ascribendis,
1306 2027 1518 2084 facilius
1566 2043 1594 2082 a
1644 2042 1729 2082 se-

156 2121 384 2191 metipso
404 2131 720 2190 cognoscat.

429 2249 807 2307 CONCILIUM
867 2250 1323 2319 AQUILEIENSE
1352 2253 1447 2322 (a),

364 2357 614 2399 TEIPOBE
669 2358 856 2398 DAHASI
897 2359 1045 2398 PAPE
1094 2359 1110 2397 1
1160 2358 1528 2399 οειειιιυηυυ.

370 2455 622 2527 Episcopi
642 2457 726 2524 qui
757 2455 876 2507 huic
906 2453 1134 2508 Concilio
1160 2454 1518 2521 interfuerunt.

235 2587 540 2640 Valerianus
568 2587 835 2654 episcapus
870 2585 1223 2654 Aquileiensis.

230 2675 534 2731 Ambrosius
563 2677 827 2745 episcopus
850 2674 1269 2729 Mediolanensis.

227 2769 481 2825 Eusebius
501 2769 776 2838 episcopus
803 2766 1165 2822 Bononiensis.

228 2865 496 2918 Limenius
521 2863 790 2930 cpiscapus
827 2859 1180 2914 Vercellensis.

225 2957 496 3009 Armenius
525 2953 666 3025 (lege
682 2949 947 3023 Anemius)
974 2951 1244 3021 episcopus
1270 2947 1572 3006 Sirmiensis
1596 2948 1732 3020 lllg-

157 3048 267 3102 rici.
993 3049 997 3052 ’

228 3140 458 3196 Sabinus
488 3140 761 3208 episcopus
794 3135 1149 3190 Placentinus.

226 3234 591 3288 Abundantius
607 3233 875 3305 episcOpus
901 3229 1250 3285 Tridentinus.

226 3326 535 3381 PHILAS’IER
559 3326 829 3395 episwpus
856 3323 1158 3378 Brixianus.

226 3418 560 3471 Constantius
585 3416 856 3483 episcopus
892 3414 1173 3467 Amusicus
1202 3411 1548 3486 (Arausicen).

223 3506 532 3560 Theodorus
575 3506 843 3576 episcopus
889 3504 1253 3558 Octodorensis
1302 3503 1456 3574 (lege
1506 3502 1735 3556 Octodu-

158 3600 366 3668 rensis).

223 3689 520 3743 Domninus
550 3688 817 3759 cpismpus
842 3685 1371 3756 Gratianopolitanus.

225 3780 505 3834 Amantius
531 3780 802 3847 episcopus
829 3777 1104 3831 Niciensis.

225 3873 497 3928 Maximus
519 3874 788 3945 episcopus
817 3869 1140 3925 Emonensis.

224 3969 530 4023 Basilianus
559 3968 654 4038 (al.
685 3967 991 4037 Bassianus)
1021 3968 1289 4038 episc0pas
1314 3965 1620 4021 Laudensis.

225 4061 493 4115 Proculus
519 4061 790 4130 epist-Opus
814 4059 1174 4130 Massiliensis.

223 4153 556 4208 Heliodorus
586 4153 854 4222 episcOpus
881 4150 1178 4205 Altinensis.

222 4243 384 4300 Felix
419 4246 698 4314 episc0pus
719 4241 1006 4296 Jadrensis.

224 4338 480 4392 Eventius
524 4338 795 4404 episcopus
833 4330 1120 4386 Citiniensis
1151 4329 1265 4401 (al.
1299 4327 1340 4382 Τ
1341 4328 1556 4382 iniensis
1568 4345 1587 4394 ;
1616 4327 1740 4399 lege

155 4425 490 4481 Ticiniensis.

221 4515 622 4583 Exuperantius
645 4514 911 4584 episc0pus
935 4509 1288 4565 Dertanensis.

217 4605 486 4677 Diogenes
512 4609 782 4676 episcopus
807 4603 1108 4676 Genuensis.

219 4697 876 4767 Constantiusepiscapus
921 4693 1300 4771 Sciscianensis
1338 4694 1531 4765 legatus
1562 4689 1743 4744 Gallo-

149 4802 285 4843 rum.
900 4795 904 4824 ῖ

216 4880 410 4939 Justus
438 4883 637 4953 legatus
663 4878 954 4936 Gallorum.

217 4977 384 5033 Felix
418 4977 623 5049 legatus
654 4973 918 5042 Afrorum.

219 5069 524 5124 Numidius
551 5069 743 5134 legatus
769 5065 1030 5132 Afrorum.

219 5162 494 5231 Euagrius
526 5155 806 5228 presbyter,
840 5162 886 5205 et
909 5153 1124 5223 legatus.

217 5253 515 5314 Artemius,
543 5245 859 5306 Almacltius,
890 5240 1201 5306 Ianuarius,
1235 5238 1472 5303 Jauinns,
1508 5237 1746 5290 Macedo-

151 5345 284 5407 nius,
331 5340 647 5402 Cassianus,
707 5332 1011 5396 Marcellus,
1066 5329 1390 5395 Eustathius,
1451 5327 1736 5393 Maximus,

157 5432 501 5486 Chromatius
531 5419 809 5497 presbyter.

219 5549 297 5620 (a)
318 5547 516 5634 :1:qu
527 5540 606 5634 ¹111
645 5537 851 5634 Co‘n‘ci‘ll.
1060 5538 1268 5634 vRegizn
1311 5536 1467 5602 1614,
1498 5552 1551 5607 p.
1596 5536 1699 5591 586
1729 5554 1742 5600 ;

152 5606 292 5674 tom:
318 5617 366 5671 11
399 5611 608 5668 Labbei
639 5626 689 5679 p.
708 5608 875 5672 11ςὶ4,
897 5608 1028 5661 edit.
1060 5606 1250 5662 Venet.

220 5689 296 5753 (b)
323 5687 396 5740 Α.
430 5681 738 5753 58l_,__ttum.
765 5675 852 5732 82.
882 5745 941 5753 ῃ
973 5721 997 5753 ι,
1097 5745 1151 5753 η

243 5690 270 5741 b
323 5689 396 5740 Α.
430 5689 560 5744 581,
591 5695 738 5732 num.
765 5689 852 5732 8‘2.
991 5721 997 5730 .

241 5689 296 5827 ei
327 5755 497 5827 Tpm.
532 5749 600 5805 ιιι
630 5751 766 5827 Ann.
801 5763 852 5827 p.
878 5745 1175 5827 82.,"nth-5‘.

219 5759 310 5900 θ)
327 5759 602 5893 iniiinii;
629 5759 1112 5897 :irnonlecptoauiidiilit1
1121 5759 1413 5872 glabricius
1441 5855 1455 5880 ,
1498 5815 1587 5872 ubi
1628 5831 1751 5886 pro-

1832 1939 2006 1993 Fuere
2035 1949 2210 1993 autem
2240 1954 2310 1994 ex
2356 1940 2456 1993 hoc
2509 1956 2733 1995 numero
2765 1955 2956 1994 omnes
2987 1941 3252 2010 episcopi,
3286 1941 3414 1993 licet

1830 2028 2002 2096 Justa,
2039 2028 2221 2096 Felici,
2255 2030 2537 2097 Numidia,
2569 2031 2798 2099 aliisque
2835 2039 2957 2101 post
2999 2029 3278 2099 Evagrium
3317 2045 3409 2084 sc-

1831 2121 2142 2191 quentibus,
2175 2120 2387 2175 nomina
2430 2121 2637 2176 sediutn
2690 2138 2794 2175 non
2823 2123 2930 2175 sint
2970 2122 3247 2189 apposita;
3286 2136 3408 2174 nam

1833 2212 1984 2265 initio
2032 2212 2310 2274 Actorum,
2370 2211 2460 2266 ubi
2513 2211 2692 2266 denuo
2742 2212 2961 2266 nomina
3021 2219 3407 2274 recensentur,

1834 2303 2048 2357 omissis
2102 2303 2327 2373 Evagrio
2373 2313 2428 2359 et
2473 2302 2780 2358 Chromatia.
2827 2305 3184 2375 presbyteris,
3219 2304 3269 2357 in
3304 2304 3411 2357 line

1833 2392 2045 2446 elenchi
2093 2393 2706 2447 dicitur:Januario....
2760 2395 3013 2458 Maxima,
3065 2393 3408 2458 Macedonio,

1835 2483 2102 2546 Cassiano,
2149 2483 2432 2548 Marcella,
2485 2493 2531 2536 et
2584 2484 2858 2537 Eustatltio
2926 2487 3197 2554 episcOpis.
3250 2484 3415 2538 Recte

1834 2575 1996 2629 etiam
2027 2575 2278 2628 observat
2304 2574 2682 2629 Tillemoutius
2718 2575 2820 2646 (ε),
2856 2579 3070 2631 nomina
3110 2586 3412 2647 postremo-

1835 2683 1952 2722 rutn
1971 2681 2183 2730 novem,
2208 2666 2401 2736 quibus
2419 2682 2589 2734 neque
2613 2667 2866 2736 Episcopi
2893 2668 3084 2723 titulus
3105 2668 3414 2733 ascribitur,

1834 2772 1934 2812 nec
1961 2757 2104 2812 sedis
2122 2772 2316 2811 nomen
2337 2755 2644 2826 assignatur
2668 2775 2772 2811 non
2798 2759 2970 2813 solum
2988 2773 3109 2813 esse
3131 2761 3412 2828 episc0po-

1836 2864 1952 2902 tum
1986 2848 2292 2905 nominibus
2328 2847 2482 2901 initio
2509 2847 2769 2902 Actorum
2799 2849 3059 2918 permixta
3084 2891 3098 2915 ,
3130 2848 3224 2903 sed
3253 2849 3415 2902 etiam

1834 2942 1976 2997 inter
2025 2942 2306 3011 episcopos
2349 2941 2734 3011 comprehendi
2765 2942 3004 3012 generali
3034 2942 3124 2995 illa
3155 2941 3412 3007 clausula,

1835 3043 1997 3102 atque
2037 3047 2199 3087 unum
2229 3048 2294 3087 ex
2337 3032 2402 3086 iis
2426 3031 2762 3098 Ianuarium,
2791 3032 2881 3086 ubi
2907 3034 3230 3088 sententiam
3264 3048 3412 3087 suam

1837 3125 2079 3195 profert,
2131 3126 2370 3195 episcopi
2440 3125 2590 3180 titulo
2646 3123 2933 3195 designari
2973 3123 3062 3196 (ι’).
3111 3125 3419 3195 Sequuntur

1764 3219 1809 3282 C
1841 3218 1970 3272 Acta
1999 3216 2213 3271 concilii
2238 3217 2339 3271 hoc
2370 3215 2531 3270 modo
2566 3233 2579 3268 :

1913 3314 2157 3385 Syagrio,
2204 3322 2254 3366 et
2285 3311 2540 3365 Eucherio
2572 3311 2694 3364 viris
2736 3311 3036 3364 clarissimis
3093 3311 3411 3372 consulibus,

1843 3408 1986 3460 nonis
2014 3404 2413 3475 Septembribus,
2446 3403 2690 3471 Aquileia?
2719 3404 2769 3455 in
2797 3402 3011 3457 ecclesia
3048 3401 3420 3456 considentibus

1841 3513 1957 3550 cum
1981 3496 2256 3562 episcopis,
2285 3495 2689 3562 Aquileiensium
2714 3494 2936 3546 civitatis
2973 3493 3271 3555 Valeriano,
3299 3495 3421 3545 Ant-

1840 3589 2028 3652 brosio,
2055 3586 2296 3648 Eusebio,
2331 3586 2581 3645 Limenio,
2615 3585 2850 3648 Anemio,
2887 3584 3101 3648 Sabina,
3139 3585 3420 3637 Abundan-

1840 3680 1930 3739 tia,
1951 3676 2194 3740 Artemia,
2215 3674 2531 3738 Constantio,
2552 3673 2726 3736 Justo,
2749 3674 3065 3739 PHILASTRO,
3091 3674 3410 3738 Constantia,

1842 3765 2130 3829 Thecdoro,
2178 3763 2468 3826 Almacltio,
2513 3762 2794 3828 Domnino,
2843 3763 3101 3827 Amantio,
3164 3762 3417 3828 Maximo,

1843 3857 2039 3922 Felice,
2071 3856 2358 3922 Basiliano,
2401 3855 2673 3920 Numidia,
2704 3853 2982 3920 Januario,
3028 3853 3277 3921 Proculo,
3318 3855 3420 3911 lle—

1845 3947 2316 4017 liodoro,'Jovino,
2371 3948 2561 4016 Felice,
2595 3947 2971 4017 Exuperantio,
3024 3947 3269 4018 Diogene,
3305 3949 3417 4001 Μαι

1844 4044 2007 4106 mimo,
2041 4040 2370 4104 Macedonia,
2425 4038 2695 4103 Cassiano,
2751 4039 3023 4102 Marcello,
3057 4050 3104 4092 et
3150 4040 3420 4093 Eustatltio

1845 4130 2098 4198 episcopis
2123 4146 2141 4182 :
2163 4129 2461 4182 Ambrosius
2490 4128 2757 4195 episcOpus
2787 4130 2935 4181 dixit.
2966 4129 3250 4197 [lucusque
3280 4131 3422 4198 epis-

1844 4235 2098 4288 coporum
2139 4219 2358 4272 nomina
2396 4218 2550 4272 initio
2595 4221 2850 4271 Actorum
2889 4222 3191 4285 recensita;
3224 4236 3344 4291 quae
3373 4224 3418 4277 si

1788 4339 1790 4342 ν
1843 4312 2187 4366 conferantur
2216 4325 2334 4364 cum
2363 4309 2624 4363 laterculo
2647 4308 2775 4376 ipsis
2793 4308 2941 4362 Actis
2965 4312 3269 4378 prmmisso,
3310 4322 3420 4366 sta-

1845 4403 1937 4456 tim
1969 4401 2254 4471 apparebit
2279 4415 2438 4469 quam
2477 4399 2789 4469 perturbate
2816 4399 2932 4454 haec
2963 4402 3181 4455 nomina
3212 4401 3420 4457 descri-

1847 4504 1932 4565 pta
1962 4494 2089 4561 sint,
2126 4502 2269 4548 tanta
2299 4503 2381 4548 est
2403 4501 2564 4563 atque
2594 4493 2712 4546 talis
2737 4494 3015 4563 utriusque
3038 4494 3421 4564 descriptionis

1768 4591 1819 4650 D
1847 4587 2231 4658 discrepantia,
2263 4594 2317 4642 et
2355 4585 2640 4641 dissensio.
2693 4585 2825 4640 Cum
2876 4589 3017 4641 enim
3062 4587 3113 4641 in
3159 4589 3419 4644 laterculo

1846 4690 2198 4750 postponalur
2227 4679 2520 4734 Pliilastrio
2549 4678 2877 4732 Constantius
2910 4677 3287 4742 Arausicanus,
3320 4678 3416 4732 de-

1844 4786 1952 4826 nuo
1984 4770 2136 4825 initio
2177 4771 2432 4825 Actorum
2465 4767 2793 4821 Constantius
2844 4782 2948 4820 una
2980 4783 3101 4821 ettm
3144 4768 3294 4822 Justa
3325 4772 3412 4838 qui

1844 4861 1943 4917 fuit
1974 4863 2170 4931 legatus
2201 4858 2492 4921 Gallorum,
2525 4855 2817 4909 Philastrio
2842 4857 3209 4927 praeponitur;
3241 4859 3415 4930 iisque

1849 4955 2001 5022 praeit
2028 4952 2284 5006 Artemius
2313 4948 2500 5012 etiam,
2529 4949 2619 5018 qui
2662 4949 2808 5004 sedis
2861 4951 3079 5006 nomine
3108 4962 3277 5018 caret,
3314 4971 3412 5008 nu-

1847 5053 2189 5111 mcraturque
2209 5041 2258 5094 in
2281 5040 2542 5095 laterculo
2567 5049 2686 5108 post
2705 5038 3161 5112 Constantiumhet
3179 5044 3410 5112 Juslttm,

1849 5134 2119 5191 nonnullis
2168 5132 2437 5200 episcopis
2485 5131 2805 5200 interjectis,
2879 5134 3066 5188 ordine
3123 5135 3411 5204 vigesimus

1849 5236 2050 5288 sextus,
2097 5223 2227 5276 licet
2274 5222 2429 5275 initio
2457 5225 2714 5278 Actorum
2755 5224 2963 5295 legatur
2992 5236 3233 5280 octavus.
3279 5228 3416 5282 ltur-

1848 5333 1964 5372 sum
1993 5314 2171 5367 Justus
2203 5314 2292 5368 ille
2315 5315 2511 5384 legatus
2537 5313 2829 5381 Gallorum,
2861 5317 2948 5385 qui
2978 5317 3128 5372 initio
3155 5320 3410 5374 Actorum

1850 5413 2086 5466 decimus
2134 5423 2362 5463 numero
2397 5408 2684 5462 Philactrio
2715 5408 3004 5472 antecedit,
3057 5410 3106 5462 in
3155 5411 3414 5466 laterculo

1849 5535 1961 5614 fer-t-
1991 5531 2150 5611 Gesta
2204 5533 2418 5587 concilii
2462 5533 2822 5604 Aquileiensis
2865 5532 2914 5584 in
2965 5529 3313 5584 Testimoniis
3347 5533 3413 5586 ad

1849 5603 2212 5657 Philastrium.

1921 5671 1992 5742 (ei)
2021 5672 2175 5742 Tum.
2203 5669 2254 5725 Χ
2283 5672 2388 5726 Vit.
2422 5673 2478 5726 S.
2514 5672 2798 5736 Ambrosii,
2821 5684 2880 5741 p.
2913 5669 3035 5724 12‘).

1921 5741 1986 5809 (f)
2018 5741 2170 5798 Tom.
2196 5742 2240 5796 ll
2269 5742 2490 5808 Labbei,
2515 5757 2567 5810 p.
2603 5742 2758 5797 1176.
