3922 6438
551 334 688 390 1065

1750 307 2060 367 εΑΝοτυε
2095 304 2572 387 PHILASTRIUS.

3628 308 3801 378 [1064

545 458 665 520 post
695 441 1069 504 Philastrium,
1102 437 1272 493 tribus
1300 441 1354 489 et
1390 431 1576 487 decem
1626 427 1898 498 episc0pis
1945 427 2115 520 inter.
2142 433 2198 488 Α
2219 435 2328 480 ctus
2358 425 2519 520 (nt),
2545 421 2802 520 negligere
2853 421 3079 520 gratiam
3099 420 3192 475 Dei
3234 419 3439 520 omnino
3470 433 3651 520 passus
3687 437 3803 520 non

545 518 758 612 pOsitis,
793 533 1028 590 occurrit
1056 529 1298 585 decimus
1326 533 1574 596 quartus,
1595 520 1788 576 ordine
1811 533 1938 575 vero
1968 518 2115 572 vice-

543 609 711 687 simus
734 638 789 684 et
817 624 1106 682 secundus.
1133 621 1264 689 Quis
1288 631 1534 688 umquam
1556 629 1618 670 ex
1645 621 1790 667 tanta
1813 611 1911 665 hae
1940 609 2115 663 varie-

548 734 676 788 tate,
724 731 779 776 et
830 715 1192 773 inconstantia
1254 711 1389 766 certi
1451 705 1653 777 aliquid
1713 711 1973 766 statuere,
2021 709 2115 754 aut

543 818 738 872 elicere
773 812 968 882 possit?
994 805 1133 862 Illud
1155 811 1415 875 praeterea
1443 792 1980 854 animadvertendum
2007 802 2109 856 est,

538 926 566 964 a
595 909 834 971 nemine,
867 902 1008 973 quod
1039 899 1258 971 quidem
1283 911 1382 965 ego
1412 894 1602 958 sciam,
1630 889 1905 957 hucusque
1925 883 2112 940 obser-

542 1009 754 1062 vatum;
780 1009 972 1064 nempe
993 991 1135 1063 quod
1161 986 1489 1044 Constantius
1516 978 1882 1054 Sciscianensis
1913 976 2111 1045 episco-

461 1139 464 1142 λ
540 1110 659 1166 pus,
711 1092 763 1146 in
805 1086 1066 1143 laterculo
1106 1083 1397 1138 vicesimus
1427 1078 1654 1148 primus,
1700 1072 1841 1166 male
1889 1083 2112 1140 prorsus

543 1164 736 1239 dicitur
775 1181 970 1252 legatus
1014 1176 1306 1238 Gallorum,
1342 1185 1467 1226 cum
1512 1167 1689 1236 potius
1737 1164 1841 1219 hoc
1886 1176 2112 1217 munere

538 1279 850 1348 fungeretur
877 1267 1210 1327 Constantius
1232 1266 1368 1319 alter
1393 1261 1746 1315 Arausicanus
1770 1267 1998 1310 numero
2017 1267 2110 1348 no-

540 1343 658 1423 nus:
695 1366 894 1422 Sciscia
909 1363 1052 1419 enim
1074 1359 1369 1414 Ptolemaeo
1395 1353 1522 1409 urbs
1549 1349 1842 1406 Pannoniae
1873 1347 1924 1402 in
1949 1343 2108 1402 Savia

535 1459 778 1528 regione,
808 1453 982 1507 Plinio
1011 1449 1181 1505 Siscia
1215 1445 1438 1516 (a)qu:e
1469 1442 1651 1513 Syscia
1679 1439 1957 1502 Straboni,

533 1524 858 1618 episcopalis
878 1542 978 1599 sub
1003 1537 1418 1607 archiepiscopo
1434 1532 1718 1588 Colocensi
1739 1547 1753 1596 ;
1787 1541 1954 1600 quare
1975 1524 2109 1581 nihil

535 1639 756 1695 omnino
794 1643 875 1690 est
905 1631 1218 1686 Pannonico
1244 1625 1500 1697 episcOpo
1525 1638 1646 1679 eum
1680 1620 1868 1685 Gallis,
1898 1627 1956 1672 ut
1984 1631 2110 1687 pro-

533 1729 660 1785 inde
687 1739 878 1784 eorum
910 1723 1124 1793 legatus
1154 1717 1484 1789 Aquileiensi
1521 1713 1749 1769 concilio
1780 1707 2104 1766 interfuerit.

533 1821 667 1876 Tres
709 1820 836 1873 item
880 1817 934 1869 in
969 1814 1072 1867 hoc
1102 1808 1338 1866 concilio
1372 1807 1653 1863 Gallorum
1701 1801 1887 1873 legati,
1918 1799 2022 1855 etsi
2052 1801 2105 1853 in
2139 1822 2184 1881 Β

535 1911 792 1968 laterculo
838 1909 944 1963 duo
976 1916 1182 1960 tantum
1228 1909 1525 1970 appareant
1565 1915 1578 1951 :
1631 1896 1777 1965 iique
1805 1909 1873 1949 ex
1921 1889 2110 1946 Galliis

537 2001 854 2064 Viennensi,
900 1994 1261 2058 Narbonensi,
1290 2001 1345 2047 et
1373 1986 1739 2060 Lngdunensi,
1783 1981 2109 2039 Constantius

538 2097 906 2156 Arausicanus,
945 2087 1203 2144 Proculus
1234 2083 1597 2146 Massiliensis,
1642 2087 1701 2135 et
1728 2076 1910 2131 Justus
1932 2073 2103 2142 eLug‘

537 2185 782 2240 dimensis
803 2200 816 2249 ;
839 2193 898 2236 ut
926 2188 1073 2235 recte
1101 2176 1316 2231 tradunt
1343 2180 1466 2243 post
1494 2170 1787 2226 Baronium
1816 2166 1880 2236 (b
1904 2169 1987 2236 )et
2019 2164 2106 2218 Bi-

536 2278 679 2331 nium
708 2273 823 2347 (c),
868 2269 1192 2328 Sirmondus
1231 2264 1524 2334 etiam(d)
1565 2276 1626 2315 ac
1676 2255 2102 2315 Sammarthani.

535 2371 639 2426 Sed
664 2379 719 2424 et
750 2365 1058 2424 nominibus
1085 2362 1358 2416 civitatum
1403 2354 1617 2425 aliquod
1643 2352 1833 2406 vitium
1863 2347 2099 2404 inhaesit.

533 2461 830 2516 Theodorus
847 2470 1078 2526 namque
1095 2454 1366 2523 episcopus
1391 2445 1752 2502 Octodorensis
1770 2445 1821 2497 in
1843 2438 2101 2496 laterculo

528 2555 791 2616 decimus,
824 2547 1084 2604 dicendus
1113 2553 1197 2600 est
1241 2544 1417 2613 potius
1446 2537 1808 2593 Octodurensis
1848 2535 1914 2589 ab
1947 2531 2100 2587 Octo-

531 2649 659 2702 duro
690 2643 890 2714 oppido
918 2642 971 2696 in
1001 2637 1174 2695 Gallia
1218 2631 1577 2697 Narbonensi,
1613 2628 1774 2698 vulgo
1804 2625 2094 2696 Martigny;

526 2749 580 2795 et
608 2737 856 2792 Eventius
883 2732 1180 2788 Citiniensis
1210 2731 1263 2784 in
1293 2725 1553 2782 laterculo
1580 2721 1826 2778 decimus
1853 2726 2097 2782 octavus,

523 2847 617 2902 pro
661 2842 767 2900 quo
809 2826 1068 2880 Tiniensis
1118 2825 1171 2908 in
1223 2820 1464 2890 margine
1517 2813 1824 2884 reponitur,
1873 2807 2096 2866 omnino

525 2900 844 2977 scribendos
897 2923 981 2971 est
1026 2900 1336 2976 Ticinensis,
1384 2924 1481 2965 seu
1540 2903 1864 2970 Ticiniensis,
1924 2900 2001 2956 uti
2030 2915 2097 2956 ex

535 3029 664 3070 mss.
719 3011 850 3080 legit
901 3006 1210 3062 Harduinus
1254 3003 1382 3074 (e);
1429 2999 1676 3070 quamvis
1743 2995 1892 3051 enim
1944 2991 2095 3047 Tinia

530 3107 689 3176 vulgo
718 3102 868 3177 Tine,
895 3099 1150 3154 Dalmatis
1175 3094 1368 3158 Κωμία,
1397 3092 1524 3146 urbs
1553 3089 1783 3152 Bosniae,
1805 3085 2097 3177 essetAne-

2167 550 2174 557 -
2215 526 2330 582 est;
2363 517 2453 572 sed
2475 515 2779 570 circumiens
2813 513 3109 569 uniuersum
3135 529 3263 584 perte
3305 511 3549 566 ambitum
3569 511 3803 566 Romani

2216 614 2353 667 orbis
2377 653 2392 677 ,
2426 613 2757 668 Dominicum
2801 611 3100 683 medicauit
3127 609 3354 677 uerbum,
3383 607 3541 663 Pauli
3568 596 3804 680 apost°oli

2215 705 2429 759 idoneus
2451 687 2680 759 imitator
2695 705 2940 760 existens.
2970 702 3070 770 Qui
3082 702 3369 757 uniuersum
3400 717 3527 772 pene
3545 700 3802 756 ambitum

2215 797 2440 852 Romani
2456 798 2596 852 orbis
2609 797 2760 864 dicit,
2780 788 3023 867 profecto
3042 795 3348 851 universum
3366 807 3501 865 pene
3528 803 3796 849 terrarum

2215 890 2402 946 urbem
2427 890 2578 956 dicit,
2608 891 2700 960 qui
2732 899 2861 955 tunc
2891 890 3142 944 Romano
3163 888 3488 944 subdehatur
3515 885 3792 958 imperio;

2214 980 2358 1036 unde
2395 979 2617 1035 Ovidius
2646 995 2662 1033 ι
2690 979 2840 1034 Fast.
2875 997 2888 1033 :

2338 1071 2536 1181 Jupiter
2559 1083 2673 1120 arce
2694 1083 2782 1120 sua
2799 1083 2908 1120 cum
2927 1079 3077 1120 totum
3092 1076 3286 1134 spectet
3308 1072 3355 1120 in
3379 1071 3568 1130 orbem,

2338 1131 2395 1181 Ni
2438 1134 2532 1181 nisi
2549 1131 2817 1181 Romanum
2837 1132 2964 1181 unod
2981 1139 3181 1181 tueatur
3203 1131 3379 1181 habet:

2335 1131 2420 1182 Nil
2438 1134 2532 1182 nisi
2549 1131 2817 1182 Romanum
2837 1132 2964 1195 quod
2981 1131 3181 1182 tueatur
3203 1131 3379 1194 habet;

2213 1252 2369 1308 quem
2417 1238 2648 1294 fortasse
2693 1238 2868 1293 Ovidii
2916 1237 3090 1292 locum
3136 1247 3386 1309 spectans
3439 1237 3795 1294 Numatianus

2211 1330 2494 1386 ltinerario
2531 1346 2748 1386 omnem
2790 1337 2882 1391 τὴν
2926 1333 3210 1403 οἰκουμένην
3270 1331 3496 1390 subesse
3543 1329 3793 1387 Romano

2211 1425 2461 1496 imperio,
2492 1441 2588 1500 per
2613 1425 2999 1488 adulationem,
3023 1433 3080 1478 ut
3107 1432 3256 1478 notat
3281 1423 3350 1479 cl.
3375 1423 3624 1479 Barthius
3655 1423 3788 1496 (τι),

2210 1515 2343 1571 dicit
2370 1515 2454 1570 his
2482 1513 2726 1570 versibus
2755 1512 2980 1567 Romam
3011 1513 3290 1582 alloquens
3321 1530 3335 1564 :

2361 1627 2480 1676 Nam
2502 1626 2630 1676 Solis
2653 1626 2798 1676 radiis
2820 1624 3019 1687 aequalia
3039 1639 3244 1687 munera
3267 1624 3448 1687 tendis,

2432 1689 2536 1747 Qua
2559 1686 2893 1737 circumfusus
2903 1688 3059 1736 ﬂuitat
3078 1686 3316 1736 Oceanus.

2365 1750 2586 1811 Volvitur
2608 1753 2713 1811 Ipse
2737 1749 2822 1798 tibi
2847 1750 2929 1810 qui
2953 1749 3171 1811 continet
3194 1749 3353 1796 omnia
3375 1747 3604 1810 Phabus,

2428 1810 2585 1874 Eque
2599 1808 2694 1860 tuis
2711 1818 2844 1859 ortos
2860 1808 2910 1857 in
2934 1818 3014 1858 tua
3035 1808 3196 1858 condit
3215 1821 3383 1872 equos.

2213 1919 2356 1972 Sane
2403 1916 2636 1971 edictum
2688 1914 2820 1969 illud
2868 1914 3012 1984 quod
3043 1915 3166 1968 exiit
3201 1930 3233 1968 α
3276 1913 3478 1970 Ctesare
3521 1917 3783 1988 Augusto,

2209 2018 2265 2062 ut
2315 2009 2678 2062 describeretur
2700 2009 2960 2061 universus
2988 2007 3123 2061 orbis
3151 2006 3212 2077 (ο
3236 2005 3255 2075 )
3287 2006 3419 2061 nihil
3449 2005 3594 2062 aliud
3617 2022 3778 2077 quam

2211 2100 2505 2153 Romanam
2542 2097 2832 2152 dietioncm
2857 2098 3080 2150 uniuersi
3105 2097 3242 2151 orbis
3265 2097 3479 2153 nomine
3501 2097 3778 2168 significa-

2208 2191 2319 2256 bat,
2347 2205 2506 2260 quatn
2537 2191 2675 2243 orbis
2722 2190 2943 2243 Romani
2987 2190 3205 2244 nomine
3235 2189 3396 2244 etiam
3427 2189 3779 2245 Pseudo-He-

2204 2281 2459 2350 gesippus
2481 2279 2690 2335 vocavit
2712 2279 2748 2333 ι.
2775 2294 2810 2333 ιι
2829 2279 2896 2334 de
2919 2278 3140 2334 Excidio
3162 2278 3428 2334 llierosol.
3449 2293 3500 2333 c.
3525 2279 3559 2334 9
3585 2296 3598 2332 :
3628 2279 3779 2334 Orbis

2203 2383 2455 2428 terrarum
2483 2374 2566 2442 qui
2594 2372 2824 2427 Romano
2851 2373 3064 2439 imperio
3095 2372 3373 2440 clauditur,
3418 2380 3466 2426 et
3511 2371 3775 2441 deﬁnitur,

2202 2480 2234 2516 a
2265 2464 2518 2532 plerisque
2547 2462 2681 2516 orbis
2707 2463 2968 2517 Romanus
2994 2459 3308 2532 appellatur.
3338 2462 3564 2518 Stetisse
3585 2461 3774 2518 Roma:

2202 2555 2528 2624 aliquamdiu
2559 2554 2927 2620 Philastrium,
2953 2556 3108 2611 testis
3136 2565 3218 2609 est
3246 2555 3498 2610 idemmet
3524 2553 3770 2610 Gauden-

2202 2648 2308 2701 tius
2336 2650 2354 2716 (
2375 2645 2466 2717 p):
2493 2645 2674 2701 Roma:
2703 2647 2854 2700 etiam
2882 2663 2984 2701 non
3030 2649 3215 2719 exiguo
3258 2656 3481 2716 tempore
3524 2653 3772 2712 moratus,

2200 2739 2388 2790 multos
2416 2747 2460 2790 et
2493 2737 2716 2805 publica,
2764 2747 2812 2791 et
2842 2739 3040 2807 priuata
3067 2738 3417 2806 disputatione
3462 2737 3686 2792 lucratus
3719 2738 3772 2791 in

2200 2828 2302 2894 ﬁde
2329 2837 2401 2881 est
2425 2845 2442 2893 ;
2487 2843 2556 2883 ex
2589 2828 2782 2898 quibus
2804 2827 3030 2883 fortasse
3056 2826 3338 2884 Gaudentii
3367 2827 3546 2884 verbis
3566 2827 3774 2899 putavit

2202 2918 2483 2989 Ughellus,
2525 2918 2709 2972 Romzn
2740 2918 3095 2989 Augustinum
3123 2919 3414 2973 Philastrio
3446 2917 3768 2983 innotuisse,

2199 3019 2361 3079 atque
2387 3025 2452 3064 ex
2484 3009 2724 3077 ejusdem
2756 3019 2863 3062 tum
2894 3009 3136 3078 publicis,
3162 3020 3267 3062 tum
3294 3011 3506 3077 priuatis
3530 3010 3592 3063 de
3620 3010 3770 3063 rebus

2199 3102 2360 3153 sacris
2381 3100 2837 3164 dissertationibus,
2881 3115 3034 3153 nouos
3053 3100 3344 3153 christiana:
3366 3100 3568 3170 pietatis
3589 3115 3770 3155 sensus

524 3175 1097 3266 mioilllyrici—primati
1125 3186 1384 3256 subjecta,
1418 3183 1506 3254 qui
1539 3179 1872 3250 Aquileiensi
1909 3175 2090 3232 conci—

2200 3190 2451 3254 induisse;
2477 3189 2615 3259 quod
2645 3188 2876 3245 affirmat
2898 3189 3098 3245 diserte
3123 3190 3175 3243 in
3201 3183 3484 3244 Philastrio
3513 3188 3628 3261 (q),
3655 3189 3772 3244 lau-

522 3293 594 3346 lio
625 3291 908 3349 intererat,
942 3282 1296 3338 nihilominus
1336 3277 1437 3331 hoc
1482 3277 1601 3328 loco
1629 3287 1734 3326 non
1773 3269 2090 3331 Tiniensem,

521 3391 612 3436 ant
634 3381 958 3434 Cenetensem
985 3374 1320 3443 episcopum,
1355 3365 1495 3438 quod
1526 3365 1797 3434 placuerat
1841 3359 2088 3431 Ughello,

528 3475 610 3546 (Ι)
641 3472 734 3528 sed
769 3471 1088 3524 Ticinensem
1128 3463 1420 3528 Eventium,
1457 3461 1538 3515 vel
1565 3457 1857 3513 Iuventium
1889 3453 2092 3510 intelli-

519 3567 748 3639 gendum
778 3579 921 3626 esse,
967 3561 1156 3616 statuit
1185 3567 1304 3626 post
1332 3556 1467 3609 alios
1509 3552 1672 3608 etiam
1703 3549 2091 3605 solertissimus

517 3656 892 3714 'l‘illemontius
920 3653 1036 3725 (g).
1081 3651 1221 3720 Quin
1252 3657 1306 3703 et
1349 3650 1398 3703 in
1437 3646 1538 3701 diei
1571 3653 1752 3699 notam
1783 3658 1887 3713 qua
1928 3655 2087 3712 syno-

516 3751 654 3805 dalis
674 3750 814 3802 actio
841 3745 1114 3799 celebrata
1143 3749 1248 3805 est,
1273 3737 1529 3792 mendum
1559 3735 1843 3803 irrepsisse
1869 3746 2091 3786 monue-

520 3850 647 3898 runt
677 3839 978 3896 Chifﬂetius
1005 3834 1134 3908 (It),
1173 3844 1229 3887 et
1259 3829 1565 3884 Hardniuus
1593 3827 1702 3898 (i),
1749 3826 1990 3894 legentes
2024 3837 2089 3878 ex

520 3949 650 3989 mss.
704 3947 758 3986 Ill
800 3946 959 3984 nonas
1016 3923 1331 3996 Septembris
1360 3962 1375 3988 ,
1414 3935 1531 3991 quae
1579 3926 1728 3974 sexta
1781 3916 1910 3972 feria
1969 3914 2085 3980 fuit,

519 4040 615 4094 pro
653 4040 718 4078 eo
749 4019 892 4092 quod
923 4020 975 4072 in
1005 4002 1152 4072 Actis
1202 4013 1430 4068 habetur
1480 4009 1624 4064 nonis
1674 4007 2086 4080 Septembribus;

520 4117 635 4170 haec
662 4116 802 4168 enim
849 4112 967 4166 dies
994 4118 1110 4164 erat
1139 4103 1432 4168 dominica,
1478 4118 1583 4157 non
1627 4098 1913 4173 admodum
1967 4105 2086 4165 apta

519 4216 621 4259 tam
655 4203 876 4273 prolixae
901 4200 1280 4268 episcoporum
1305 4191 1655 4263 disputationi
1682 4206 1696 4254 ;
1729 4204 1848 4244 eum
1872 4185 2088 4240 aliunde

517 4298 676 4352 etiam
708 4294 814 4347 dici
845 4290 1130 4345 dominica:
1179 4286 1486 4338 nullatenus
1531 4279 1908 4353 conveniat‘id
1945 4277 2086 4348 quod

519 4383 787 4439 Palladius
811 4381 1044 4434 Arianus
1070 4378 1354 4444 episcopus
1375 4376 1426 4426 in
1451 4372 1679 4427 concilio
1707 4370 1781 4424 ait
1800 4370 1818 4436 (
1839 4370 1868 4422 k
1892 4369 1940 4438 )z
1968 4368 2087 4422 Non

517 4475 830 4544 respondebo
863 4472 960 4524 nisi
981 4479 1212 4522 auctores
1236 4467 1437 4518 veniant
1467 4473 1575 4531 post
1603 4462 1912 4515 dominicam
1933 4461 2082 4513 diem.

517 4571 694 4638 Atque
726 4567 842 4620 tunc
873 4565 941 4618 de
971 4561 1199 4616 concilio
1236 4555 1560 4625 Aquilcicusi
1595 4554 1872 4607 hactenus.

591 4666 642 4716 7.
687 4661 946 4715 Prwclara
985 4665 1109 4710 sunt
1152 4669 1268 4722 quae
1301 4651 1366 4704 de
1407 4644 1681 4703 Philastrii
1709 4646 2086 4714 pracdicatione

518 4753 682 4808 tradit
707 4745 1168 4817 Gaudentius(l):
1197 4743 1323 4797 Cum
1369 4758 1455 4810 per
1504 4739 1871 4808 impositionem
1907 4753 2086 4792 manus

514 4843 848 4919 presbyterii,
882 4841 1208 4908 dispensator
1262 4836 1436 4905 fuisset
1490 4833 1647 4886 divini
1695 4832 1940 4886 sermonis
1985 4832 2085 4884 ele-

591 5005 662 5062 (a
687 5003 704 5068 )
733 4999 872 5054 Plin.
904 4997 941 5052 l.
971 5009 1111 5068 111,40:

591 5065 1264 5142 (Ηλοδδίμδλδὲνὲἀκ
1595 5140 1602 5142 Α
1770 5129 1810 5142 ..
1855 5128 1873 5142 .
1933 5127 1982 5142 ..
2041 5129 2050 5139 .

590 5127 830 5212 (εξΝρῑ.
876 5127 943 5212 ad
990 5134 1194 5212 C_oncil.
1240 5131 1536 5201 Aquileien.
1592 5140 1719 5185 tom.
1770 5129 1810 5183 ll
1855 5127 2075 5191 Labbei,

517 5204 622 5267 col‘.
660 5204 820 5272 “8‘2,
859 5207 989 5262 edit.
1024 5204 1212 5258 Venet.

589 5280 692 5351 (ά)
722 5267 881 5351 Ibid,
930 5273 1220 5351 φιλίη
1250 5271 1569 5351 Constantius
1598 5270 1650 5322 in
1688 5267 2076 5351 Actisneoncilii

515 5338 709 5404 dicitur
736 5338 929 5417 legatus
951 5344 1244 5417 Gallorum,
1262 5343 1415 5417 uti_et
1433 5341 1611 5417 Justus
1637 5340 1739 5417 col.
1760 5338 2074 5417 “67,1211-

519 5422 664 5474 culus
692 5408 819 5472 vero
849 5419 900 5471 in
930 5414 1155 5486 epistola
1182 5413 1248 5486 ad
1275 5412 1551 5486 episcopos
1576 5409 1758 5463 Gallia:
1781 5409 1889 5465 col.
1913 5408 2068 5463 H78.

590 5493 683 5556 (ε)
709 5489 861 5543 Tom.
888 5487 909 5541 ι
935 5481 1271 5556 Concil._eol.
1298 5481 1423 5556 837.

591 5548 677 5628 (ΥΣ
706 5558 866 5628 Tom.
902 5554 1090 5628 Vital.
1131 5552 1254 5609 Sac.
1303 5552 1355 5604 in
1389 5549 1652 5618 episcopis
1693 5548 2078 5604 Cenetensibus

525 5624 634 5681 col.
659 5624 782 5691 172,
805 5627 936 5681 edit.
964 5624 1159 5678 Venet.

714 5688 1107 5821 ἓὸὶηὶξίῆῃοῦ.
1141 5692 1206 5832 ips
1233 5690 1305 5818 Et;
1330 5689 1435 5746 Vit.
1461 5688 1520 5745 S.
1545 5688 1812 5746 Ambrosii
1848 5705 1902 5760 p.
1938 5690 2059 5744 738.

761 5781 791 5821 o
821 5806 833 5818 .
1007 5781 1056 5835 ig
1101 5800 1117 5816 .
1191 5802 1205 5818 .
1311 5800 1324 5816 .

761 5779 833 5821 0t.
866 5779 932 5820 au
965 5779 1117 5835 vrgn.
1149 5779 1205 5832 p.
1237 5779 1324 5818 oc.

2197 3282 2336 3336 datis
2375 3282 2598 3351 insuper
2630 3281 2852 3336 testibus
2901 3282 3132 3349 ipsemet
3176 3279 3477 3351 Augustino
3528 3289 3584 3336 et
3619 3280 3767 3336 Gau-

2193 3373 2398 3437 dentio,
2425 3374 2548 3428 licet
2573 3389 2757 3428 eorum
2785 3382 2974 3428 neuter
3002 3373 3069 3429 de
3095 3388 3153 3428 re
3183 3381 3326 3427 tanta
3354 3371 3574 3428 verbum
3595 3371 3763 3428 ullum

2194 3467 2403 3530 haheat,
2431 3480 2587 3535 quam
2612 3467 2856 3536 profecto
2885 3480 3056 3536 neque
3078 3465 3410 3535 Augustinus
3433 3466 3568 3535 ipse,
3590 3479 3767 3536 neque

2191 3559 2524 3616 Gaudentius
2571 3559 2847 3614 Philastrii
2877 3573 3179 3623 successor,
3214 3557 3267 3612 in
3312 3573 3378 3613 eo
3430 3572 3588 3628 quem
3620 3571 3768 3627 saepe

2189 3649 2470 3704 laudamus
2512 3650 2776 3706 Sermone
2811 3649 2873 3704 de
2910 3649 3010 3702 uita
3035 3659 3078 3702 et
3129 3649 3268 3702 obitu
3295 3649 3431 3703 beati
3473 3647 3762 3712 Philastrii,

2190 3739 2352 3792 silere
2390 3737 2687 3792 debuisset.
2728 3739 3120 3792 Testimonium
3151 3739 3434 3808 Augustini
3463 3738 3530 3794 de
3558 3738 3765 3794 Philas-

2195 3829 2299 3881 trio
2321 3826 2644 3896 jampridem
2671 3826 2922 3881 omnibus
2947 3837 3115 3896 patet,
3143 3828 3296 3895 cujus
3321 3827 3434 3883 haec
3455 3837 3577 3884 sunt
3600 3829 3764 3886 verba

2196 3920 2286 3991 (τ’)
2327 3938 2337 3972 :
2370 3907 2686 3974 Philastrius
2724 3919 2933 3988 quidam
2971 3917 3254 3975 Brixiensis
3299 3922 3568 3993 episwpus
3615 3939 3770 3994 quem

2192 4030 2303 4064 cum
2345 4022 2522 4066 sancto
2551 4011 2820 4066 Ambrosio
2872 4008 3156 4064 Mediolani
3201 4012 3352 4064 etiam
3383 4013 3490 4079 ipse
3517 4011 3655 4076 vidi;
3697 4028 3765 4068 ex

2193 4102 2290 4158 hoc
2311 4118 2472 4173 porro
2492 4103 2774 4172 Augusuni
2797 4102 2914 4156 loco
2935 4110 3148 4156 constat
3177 4112 3384 4170 aperte,
3418 4101 3766 4179 Philastrium

2191 4194 2490 4264 Augustino
2527 4193 2692 4248 fuisse
2722 4191 3007 4248 Mediolani
3037 4200 3240 4245 tantum
3274 4191 3340 4246 de
3387 4190 3525 4246 facie
3556 4201 3766 4255 notum,

2192 4288 2496 4357 nullamque
2542 4286 2793 4356 ipsieum
2823 4284 3114 4340 Philastrio
3147 4283 3561 4338 familiaritatem
3595 4283 3768 4339 inter-

2191 4379 2450 4443 cessisse;
2487 4392 2654 4446 quare
2681 4376 2794 4430 hinc
2825 4384 2971 4441 sunt,
3016 4384 3074 4430 ut
3098 4374 3330 4429 diximus
3360 4375 3411 4428 in
3443 4375 3765 4429 Annotatio-

2192 4472 2352 4525 nibus
2391 4484 2607 4540 quoque
2633 4469 2700 4522 ad
2751 4467 3107 4530 Gaudentium
3134 4470 3190 4535 (s
3213 4466 3257 4537 ),
3289 4467 3582 4522 otiosorum
3615 4468 3767 4537 inge-

2110 4552 2160 4610 D
2190 4564 2399 4615 niorum
2447 4559 2698 4613 vaticinia
2744 4560 2911 4628 magis
2964 4573 3120 4628 quam
3174 4559 3526 4626 conjecturae.
3570 4559 3765 4615 Simile

2195 4652 2318 4704 illud
2377 4659 2460 4705 est
2503 4650 2661 4704 etiam
2708 4649 2847 4718 quod
2889 4650 3128 4702 nonnulli
3175 4651 3763 4705 occasione'Romanae

2191 4741 2411 4808 hujusce
2449 4739 2889 4793 commorationis
2922 4739 2986 4792 de
3018 4738 3305 4792 Philastrio
3350 4748 3591 4806 narrant,
3635 4755 3757 4795 cum

2191 4846 2384 4901 nempe
2422 4847 2450 4884 a
2501 4831 2729 4884 Damaso
2778 4845 2914 4900 papa
2947 4829 3176 4901 benigne
3225 4839 3528 4901 acceptum,
3574 4831 3760 4887 Romae

2259 4987 2335 5056 (ἱ)
2367 4987 2487 5041 Not.
2520 4988 2586 5042 ad
2606 4986 2812 5041 Coneil.
2847 4988 3048 5057 Aquil.,
3084 5003 3137 5057 p.
3175 4988 3331 5057 1164,
3358 4990 3490 5048 edit.
3514 4991 3652 5050 Ven.

2260 5058 2351 5128 (Β)
2380 5058 2512 5128 Pas.
2543 5057 2710 5128 U73:
3157 5115 3162 5120 .

2257 5115 2305 5201 (ι
2322 5115 2541 5201 ἱδρῷ.
2568 5127 2635 5201 de
2661 5125 2760 5180 vit.
2786 5138 2839 5182 et
2868 5129 3012 5183 obitu
3044 5115 3196 5201 beati
3213 5128 3376 5201 Pbil.,
3395 5145 3449 5201 p.
3479 5131 3602 5187 372.

2262 5198 2376 5263 (νη)
2401 5196 2540 5277 Vide
2571 5199 2645 5252 sis
2684 5209 2932 5253 annotata
2961 5207 3140 5254 nostra
3185 5200 3237 5254 in
3290 5196 3433 5258 hunc
3469 5201 3757 5259 Gaudentii

2184 5266 2526 5333 iOCtlm,|bld.

2255 5335 2360 5475 is}
2384 5337 2513 5461 Es:
2535 5336 2605 5460 at
3054 5339 3360 5397 Numnam
3387 5356 3443 5414 ρ.
3468 5341 3590 5398 ίεο.

2287 5477 2358 5546 p)
2389 5477 2513 5546 Pag.
2547 5477 2669 5532 572.

2287 5477 2358 5616 μζ
2389 5477 2513 5546 Pag.
2547 5477 2669 5532 572.

2253 5477 2344 5686 ἓξ)
2374 5547 2632 5687 aut?
2655 5547 3224 5686 sissesiss-

2258 5691 2348 5756 (ε)
2377 5687 2502 5758 Pag.
2535 5689 2658 5744 572.
