3922 6424
1631 125 1660 162 Ι

150 320 274 378 1065

1295 317 1356 372 Ρ.
1399 317 1749 376 GALEABDI
1785 317 2172 378 PREFATIO.

3236 331 3375 390 £066

144 435 341 507 publice
368 433 655 497 docuisse;
688 433 740 488 id
771 433 913 489 enim
940 434 1170 490 habetur
1205 443 1317 490 tum
1349 438 1400 491 in
1431 437 1700 492 Lectioni-
1727 440 1774 498 Α
1806 438 2024 506 proprio
2070 438 2325 507 episcopo
2386 435 2681 500 caruerint,
2733 438 3094 498 Vercellensis
3164 458 3377 515 nempe,

147 530 236 584 bus
257 524 505 580 Breviarii
522 524 801 594 cujusdam
821 541 953 581 mss.
979 528 1286 582 Monasterii
1309 527 1611 583 Mouialium
1638 529 1696 584 S.

123 615 433 672 'Catltarina:
463 615 688 683 Brixize,
718 624 852 671 tom.
883 617 950 673 IV
979 617 1077 674 SS.
1109 617 1253 674 Junii
1276 607 1464 674 relaiis
1492 637 1546 691 p.
1571 621 1696 684 585.

149 716 247 762 tum
272 705 405 775 apud
451 705 766 763 Malvetium
797 708 852 763 in
881 706 1153 764 Chronico
1184 710 1281 781 (α),
1309 711 1436 763 dist.
1467 710 1524 775 4,
1557 726 1606 765 e.
1642 713 1694 765 5.

148 799 276 854 Idem
315 797 493 853 retulit
518 797 805 858 Ferrarius
844 801 898 855 in
937 800 1107 857 Catal.
1141 800 1240 857 SS.
1276 802 1443 858 Italia:
1473 803 1538 857 18
1570 803 1700 859 Julii

149 895 222 948 his
247 891 453 948 verbis:
478 892 658 948 Romae
680 911 712 948 a
737 894 966 964 Damaso
988 912 1125 964 papa
1150 895 1428 949 liberaliter
1457 905 1702 951 tractatus

147 983 329 1054 publice
354 982 568 1051 docuit;
599 999 786 1040 verum
817 999 938 1040 cum
968 986 1035 1040 de
1061 985 1166 1040 hoc
1190 984 1523 1042 Gaudentius
1569 987 1704 1042 nihil

149 1087 349 1143 prorsus
376 1071 592 1142 habeat,
620 1076 804 1131 nescio
825 1091 982 1145 quam
1006 1083 1122 1130 tuto
1151 1076 1200 1129 id
1223 1077 1393 1146 possit
1414 1078 1472 1131 af
1473 1077 1701 1143 firmari;

146 1181 253 1220 cum
276 1167 571 1235 praesertim
594 1167 695 1221 sub
715 1166 942 1222 Damaso
963 1167 1308 1223 Philastrium
1331 1167 1517 1225 Romae
1537 1170 1703 1226 fuisse

148 1273 243 1313 non
289 1257 422 1313 adeo
450 1256 525 1312 sit
565 1257 878 1324 verisimile,
929 1257 1026 1312 sed
1076 1259 1252 1337 potius
1294 1259 1435 1314 circa
1487 1261 1702 1316 Damasi

147 1358 398 1419 tempora,
436 1348 528 1419 qui
558 1347 747 1404 sedere
777 1351 939 1419 cmpit
968 1365 1111 1406 anno
1135 1353 1238 1407 567
1270 1351 1390 1423 (ὁ),
1418 1352 1561 1408 inter
1590 1369 1706 1409 cer-

151 1428 336 1494 tamina
365 1439 710 1503 Arianorum,
740 1439 1027 1495 Mediolani
1058 1481 1074 1508 ,
1112 1450 1171 1496 ut
1200 1442 1432 1498 vidimus
1458 1443 1554 1515 (c),
1583 1460 1702 1500 ver-

144 1540 357 1587 saretur.
377 1533 457 1586 An
483 1538 664 1588 autem
693 1531 910 1587 Nicaeno
930 1533 1167 1588 concilio
1217 1535 1413 1590 adesse
1443 1536 1702 1606 potuerit,

146 1621 275 1692 quod
295 1621 572 1678 Malvetius
594 1621 756 1677 tradit
782 1623 983 1678 Chron.
1017 1623 1146 1680 dist.
1179 1626 1235 1691 4,
1276 1640 1396 1695 cap.
1422 1626 1478 1692 2,
1504 1637 1556 1682 et
1585 1635 1708 1698 post

146 1725 257 1768 eum
271 1710 562 1781 Capreolus
581 1713 617 1767 l.
641 1729 699 1768 ιιι
718 1714 853 1768 Hist.
877 1713 1049 1781 Brix.,
1076 1731 1179 1769 non
1207 1715 1478 1771 immerito
1500 1717 1708 1772 dubitat

1801 527 2165 594 Novariensis,
2191 529 2589 599 Eporediensis,
2613 538 2669 583 et
2695 528 3130 606 DertonensisUi
3147 532 3167 603 )
3187 550 3201 599 ;
3224 536 3380 604 quin-

1803 620 1911 674 imo
1941 621 2008 675 ab
2039 637 2145 675 uno
2175 621 2471 688 eodemque
2500 623 2755 693 episcopo
2782 624 2968 694 plures
2997 627 3155 681 simul
3186 629 3376 685 Eccle-

1802 711 1910 765 sias
1938 726 2005 766 eo
2050 723 2289 783 tempore
2335 713 2754 781 administratas,
2801 715 2960 770 docet
3009 732 3105 772 nos
3137 719 3378 787 Epistola

1802 805 2030 875 plebibus
2084 805 2510 873 Vercellensibus,
2544 805 2968 874 Novariensibus,
3007 807 3382 882 Hipporegien-

1801 897 1939 952 sibus
1965 899 1983 967 (
2005 899 2119 969 lege
2152 899 2622 969 Eporediensibus)
2654 917 2742 954 nec
2773 917 2875 954 non
2909 903 3061 954 etiam
3097 899 3386 957 Derton'en-

1803 988 1962 1056 sibus,
1990 988 2060 1042 ab
2084 989 2321 1044 Eusebio
2343 983 2672 1052 Vercellensi
2700 993 2951 1062 episcopo
2994 992 3244 1062 inscripta
3270 995 3290 1063 (
3305 996 3321 1047 i
3337 995 3382 1064 ).

1806 1079 1875 1134 At
1927 1095 2048 1134 cum
2109 1081 2160 1136 in
2215 1082 2522 1137 Sardicensi
2586 1084 2836 1149 concilio,
2891 1085 3033 1155 quod
3082 1101 3222 1142 anno
3275 1087 3380 1142 547

1804 1170 2139 1226 celebratum
2161 1183 2268 1238 est,
2294 1182 2500 1242 prostet
2523 1173 2610 1244 (j)
2638 1175 2778 1228 inter
2803 1174 2935 1229 alios
2958 1177 3173 1230 concilii
3197 1177 3388 1234 Patres

1803 1261 2127 1332 subscriptio
2153 1264 2387 1318 Brixiani
2415 1267 2653 1335 episcopi
2687 1266 2787 1321 hoc
2814 1266 2971 1320 modo
3008 1285 3019 1318 :
3061 1267 3302 1323 Ursacitts
3323 1273 3385 1324 ab

1805 1356 1969 1411 Italia
2009 1358 2071 1411 de
2096 1355 2277 1411 Brixia
2307 1359 2324 1426 (
2353 1359 2492 1412 hunc
2522 1359 2690 1413 nostri
2743 1359 3035 1413 Ursicinum
3072 1359 3296 1430 dicunt)
3322 1379 3386 1418 ac

1804 1459 2068 1521 praeterea
2128 1451 2476 1522 Rampertus,
2507 1452 2701 1507 Brixia:
2744 1454 3050 1521 episcopus,
3092 1454 3180 1523 qui
3238 1471 3380 1510 uono

1805 1542 2007 1597 saeculo
2061 1543 2216 1609 vixit,
2251 1543 2468 1598 disertis
2498 1545 2679 1599 verbis
2725 1544 3070 1599 Philastrium
3117 1561 3383 1602 SEPTIIUH

1805 1633 2002 1687 Brixiae
2023 1634 2334 1704 episcopum
2365 1632 2651 1706 vocetUt);
2683 1637 2902 1690 omuiuo
2932 1648 3146 1705 oportet
3171 1637 3382 1692 Brixia-

1805 1742 1928 1780 nam
1982 1727 2277 1782 Ecclesiam
2318 1728 2498 1797 plures
2528 1738 2654 1782 ante
2703 1729 3046 1783 Philastrium
3103 1729 3385 1801 episcopos

145 1799 410 1856 Ferrarius
439 1801 630 1857 eodem
659 1803 917 1873 Catalogo
942 1803 1140 1858 Annot.
1165 1803 1231 1859 ad
1261 1806 1402 1860 diem
1437 1806 1501 1860 18
1538 1806 1698 1872 Julii;

1808 1819 2078 1875 habuisse.
2111 1820 2264 1887 Quod
2301 1831 2508 1875 certum
2553 1835 2658 1888 εει,
2707 1821 2979 1882 Philastrii
3025 1837 3141 1876 mvo
3175 1839 3384 1893 magna:

148 1907 262 1947 nam
319 1907 439 1948 cum
493 1894 782 1949 Nicmnum'
822 1894 1107 1950 concilium
1157 1895 1484 1952 celebratum
1550 1898 1705 1952 fuerit

145 2000 278 2041 anno
305 1987 499 2053 325,5i
524 1989 576 2042 in
605 2002 672 2044 eo
701 1987 934 2044 sedisset
992 1989 1336 2055 Philastrius,
1371 1989 1529 2044 valde
1553 1989 1707 2058 juve-

145 2093 255 2139 nem
284 2087 408 2134 tunc
436 2094 560 2135 eum
590 2079 756 2136 fuisse
793 2081 1033 2151 oportuit
1064 2079 1167 2152 (ά),
1194 2082 1285 2152 qui
1323 2091 1444 2154 post
1471 2083 1706 2152 integros

143 2181 230 2222 sex
255 2178 307 2223 et
333 2170 716 2242 quinquaginta
744 2186 942 2236 annos.
980 2188 1123 2226 anno
1153 2172 1357 2228 scilicet
1399 2175 1526 2242 581,
1560 2174 1710 2229 inve-

145 2265 312 2318 niatur
338 2265 498 2320 etiam
523 2264 857 2336 Aquileiensi
893 2266 1123 2321 concilio
1149 2265 1482 2322 interfuisse.

205 2359 255 2412 8.
296 2358 584 2429 Postquam
636 2359 958 2413 Philastrius
997 2375 1087 2430 per
1117 2360 1254 2412 vicos
1280 2369 1329 2411 et
1377 2360 1592 2412 castella
1621 2359 1704 2411 di-

143 2464 392 2503 versarum
437 2450 738 2518 praeteriens
767 2451 1060 2521 regionum,
1107 2450 1183 2502 ait
1230 2447 1562 2503 Gaudentius
1607 2448 1704 2520 (ε),

142 2543 416 2609 prtedicare
445 2541 648 2594 uerbum
675 2539 776 2594 Dei
803 2556 1082 2609 numquam
1106 2539 1297 2593 destitit
1323 2540 1494 2608 ﬁdelis
1517 2537 1706 2592 Christi

141 2636 413 2708 discipulus
436 2654 456 2704 ;
483 2635 678 2691 Brixia:
707 2631 927 2691 tandem
951 2636 1216 2703 conSIitit,
1245 2646 1299 2690 ut
1328 2637 1534 2690 haberet
1557 2646 1615 2691 et
1651 2637 1706 2691 in

139 2728 234 2784 hac
258 2730 385 2784 urbe
405 2729 732 2799 Apostolicus
756 2730 834 2783 uir
860 2728 1081 2798 aliquem
1127 2732 1374 2799 fructum,
1406 2730 1539 2783 sicut
1583 2738 1628 2782 et
1651 2729 1706 2782 in

139 2821 320 2874 ceteris
349 2820 603 2892 gentibus.
637 2819 822 2891 Itaque
865 2820 1151 2899 episcopus
1190 2819 1303 2889 jam
1342 2820 1534 2886 lactus,
1577 2818 1704 2888 quid

139 2913 250 2966 urbi
273 2911 393 2968 huic
419 2913 749 2983 praestiterit,
777 2913 846 2968 ab
870 2913 1062 2968 eodem
1087 2912 1386 2968 Gaudentio
1403 2912 1701 2970 audiamus.

141 3004 259 3060 Post
306 3007 425 3062 illos
475 3009 737 3075 circuitus,
781 3008 959 3078 inquit
999 3007 1329 3064 Gaudentius
1371 3007 1470 3078 (Γ),
1503 3009 1706 3062 anima-

138 3115 244 3152 rum
285 3101 516 3171 plurium
544 3094 820 3169 salutares,
865 3098 1047 3154 Brixia
1071 3117 1186 3154 eum
1223 3101 1372 3154 rudis
1418 3100 1699 3170 quondam,

1805 1909 1983 1964 adhuc
2028 1910 2292 1965 idolorum
2332 1926 2395 1964 ae
2422 1910 2752 1966 Gentilitatis
2790 1912 3030 1981 reliquiae
3068 1913 3259 1968 Brixia:
3289 1932 3384 1970 ex-

1807 2002 2059 2065 stabant;
2093 2001 2294 2057 ideirco
2320 2001 2519 2069 saepius
2540 2011 2726 2056 contra
2757 2018 2852 2058 eos
2881 1996 3154 2059 invehitur
3190 2007 3387 2062 acriori

1807 2092 1950 2163 stylo
1983 2091 2092 2162 (l),
2122 2094 2207 2163 qui
2239 2092 2493 2148 dtemonia
2523 2093 2774 2160 colentes,
2806 2094 3052 2147 elementa
3092 2096 3388 2163 adorantes,

1807 2183 2020 2238 deorum
2049 2184 2357 2254 dearumque
2386 2184 2592 2238 nomina
2622 2194 2677 2237 ut
2710 2186 2899 2254 pagani
2926 2186 3385 2258 invocantes.......

1809 2276 2085 2328 multorum
2135 2277 2332 2330 animos
2376 2277 2643 2330 mendacio
2683 2293 2742 2330 ac
2772 2277 3031 2346 pecudiali
3077 2281 3391 2350 turpitudine

1809 2380 1909 2416 non
1934 2366 2175 2418 desinunt
2209 2367 2465 2435 captiuare
2487 2384 2506 2431 ;
2540 2377 2595 2422 et
2627 2367 2752 2422 alibi
2781 2368 2875 2439 (nt)
2903 2385 2921 2420 :
2950 2367 3102 2420 ldola
3130 2372 3392 2424 hominum

1808 2455 2043 2508 voluntas
2087 2457 2305 2524 pessima
2349 2458 2429 2509 sui
2473 2459 2700 2522 sceleris,
2745 2469 2792 2512 et
2825 2459 3160 2528 turpitudinis
3201 2479 3386 2534 perpe-
3444 2477 3451 2484 '

1809 2543 2006 2597 tranda.’
2031 2561 2184 2599 causa
2212 2547 2394 2598 maluit
2419 2546 2666 2610 invenire,
2711 2557 2764 2600 ut
2807 2550 3027 2618 colentes
3076 2567 3133 2604 ea
3172 2549 3387 2617 effusam

1809 2634 2056 2704 aperandi
2094 2636 2218 2688 mali
2267 2636 2460 2706 possint
2509 2636 2694 2690 habere
2741 2638 3021 2692 licentiam.
3062 2639 3178 2694 Non
3211 2643 3386 2697 solum

1807 2736 1986 2782 autem
2018 2726 2318 2791 Philastrii,
2352 2741 2539 2780 verum
2581 2737 2635 2781 et
2678 2727 2965 2782 Gaudeutii
3011 2737 3255 2800 tempore
3297 2736 3389 2803 qui

1807 2818 2097 2873 Philastrio
2135 2817 2418 2883 successit,
2474 2817 2866 2888 frequentiores
2896 2820 3071 2875 adhuc
3123 2832 3276 2877 erant
3333 2825 3386 2878 iu

1808 2910 1922 2980 ipsa
1955 2910 2090 2966 urbe
2131 2911 2311 2964 Brixia
2339 2895 2393 2965 et
2420 2911 2671 2965 Brixiano
2715 2927 2868 2981 agro,
2910 2912 3179 2969 idolorum
3211 2916 3387 2970 culto-

1808 3017 1928 3068 res;
1969 3016 2170 3073 eosque
2205 3000 2538 3057 Gaudentius
2579 3002 2694 3071 ipse
2723 3017 2827 3057 non
2876 3019 2985 3059 uuo
3025 3005 3079 3060 in
3113 3007 3230 3061 loco
3259 3023 3384 3077 per-

1807 3093 2045 3162 stringit,
2085 3093 2383 3163 praesertim
2431 3092 2611 3147 Serm.
2646 3094 2732 3159 i5,
2760 3095 2852 3150 ubi
2900 3097 3018 3151 haec
3069 3097 3227 3152 habet
3259 3099 3379 3169 (n):

136 3189 218 3242 sed
242 3191 428 3261 cupida
465 3189 711 3246 doctrinae
751 3192 1033 3262 promeruit
1060 3207 1079 3245 :
1109 3193 1333 3245 scientia:
1359 3191 1563 3262 quidem
1593 3192 1695 3259 spi-
1727 3175 1772 3239 C
1805 3186 1882 3239 An
1909 3187 2210 3241 existimatis
2237 3187 2375 3256 quod
2398 3185 2561 3239 Deum
2591 3186 2773 3258 diligat
2803 3189 3004 3259 tepidus
3032 3207 3090 3244 ac
3118 3193 3380 3263 negligens

139 3281 296 3336 ritalis
342 3283 548 3352 ignara,
579 3283 752 3337 studio
782 3291 952 3336 tamen
999 3284 1230 3338 discendi
1263 3284 1564 3339 laudabilis.
1598 3283 1699 3338 Ea:-

1807 3279 2135 3344 christianus,
2164 3278 2250 3345 qui
2280 3277 2420 3330 idola
2449 3277 2502 3330 in
2551 3279 2955 3347 possessionibus
2985 3281 3094 3334 suis
3140 3283 3237 3334 coli
3267 3299 3384 3351 per-

139 3369 255 3420 cidit
281 3373 526 3424 continuo
552 3372 667 3426 imis
693 3373 757 3425 ab
785 3373 1032 3441 stirpibus
1073 3374 1367 3427 horrentem
1401 3376 1584 3426 siluam
1620 3375 1705 3427 di«

135 3460 254 3511 uersi
273 3461 467 3514 erroris
507 3459 668 3515 bonus
691 3462 944 3530 agricola;
975 3471 1023 3515 et
1047 3471 1220 3516 aratro
1244 3463 1493 3517 doctrina:
1514 3480 1704 3532 pronus

139 3541 439 3618 incumbens,
471 3551 675 3606 invertit
703 3552 917 3604 crudam
945 3554 1063 3606 totis
1091 3553 1284 3606 viribus
1311 3562 1517 3619 terram,
1551 3571 1704 3624 squa-

137 3639 404 3712 lentemque
447 3642 658 3697 humum
685 3643 842 3698 sulcis
881 3645 1107 3698 assiduis
1149 3647 1203 3698 in
1233 3647 1435 3699 novalia
1482 3647 1703 3716 fecunda

136 3736 388 3800 conuertit,
420 3733 623 3802 affatim
642 3737 838 3791 semina
863 3737 1097 3792 vitalium
1122 3739 1484 3792 mandatorum
1504 3741 1702 3810 gremio

133 3824 237 3888 eius
261 3827 554 3883 insinuans.
585 3828 838 3885 Proiecto
869 3829 1002 3885 nihil
1033 3829 1122 3886 hic
1145 3830 1398 3896 habetur,
1425 3831 1532 3886 nisi
1554 3831 1700 3901 quod

133 3912 458 3983 disciplinam
487 3932 774 3995 moresque
799 3921 1132 3988 respiciat,'a
1164 3921 1449 3976 Philastrio
1475 3922 1530 3975 in
1570 3922 1700 3977 urbe

131 4006 300 4063 Brixia
330 4011 656 4066 reformatus
712 4011 768 4066 in
794 4013 983 4067 melius
1008 4022 1062 4066 et
1089 4012 1432 4075 emendatos;
1456 4014 1700 4080 quamvis

132 4101 250 4156 alibi
275 4103 606 4159 Gaudentius
626 4103 742 4173 ipse
769 4104 1080 4157 Brixianam
1110 4101 1405 4155 Ecclesiam
1435 4115 1466 4154 a
1487 4101 1696 4155 Philas-

133 4193 228 4248 trio
267 4194 319 4249 in
366 4194 500 4250 Fide
542 4194 818 4250 fundatam
867 4194 1011 4247 dicat
1040 4192 1154 4261 (g):
1185 4191 1311 4244 Post
1355 4192 1500 4245 illam
1547 4208 1695 4245 vene-

129 4287 296 4339 randte
340 4287 600 4340 memoria:
645 4287 807 4356 patris
849 4285 947 4337 ntei
973 4281 1247 4336 Philastrii
1294 4284 1692 4358 eruditissimum

130 4388 309 4440 vocem,
340 4392 456 4443 quin
475 4392 569 4443 per
589 4377 808 4444 gratiam
837 4373 1069 4441 Spiritus
1093 4374 1258 4426 sancti
1287 4372 1427 4444 large
1451 4374 1688 4443 efﬂuens,

128 4461 249 4515 hanc
268 4463 558 4516 Ecclesiam
587 4464 639 4515 in
670 4461 803 4516 Fide
831 4462 1098 4518 Trinitatis
1122 4463 1406 4519 adorandae
1427 4465 1682 4533 fundauit.

1807 3369 1977 3434 mittit,
2017 3369 2107 3436 qui
2128 3370 2308 3436 fanum
2344 3367 2611 3434 dwmonis,
2656 3378 2703 3423 et
2740 3384 2885 3422 aram
2927 3370 3124 3424 diaboli
3171 3381 3304 3426 stare
3327 3373 3381 3425 in

1779 3459 2162 3526 contumeliam
2209 3455 2303 3510 Dei
2347 3459 2583 3528 patitur?
2621 3457 2807 3528 Itaque
2855 3460 3079 3524 minime
3132 3461 3383 3516 audiendi

1800 3556 1927 3602 sunt
1969 3547 2203 3600 Brixiani
2245 3548 2560 3616 scriptores,
2607 3549 2696 3616 qui
2740 3549 2852 3616 jam
2901 3549 3028 3603 inde
3057 3564 3086 3602 a
3136 3553 3380 3606 secundo

1800 3637 2000 3692 Christi
2040 3637 2243 3691 smculo
2288 3646 2454 3690 totam
2486 3637 2686 3690 Brixiae
2735 3639 2925 3692 urbem
2965 3639 3066 3692 sub
3095 3640 3382 3707 Apollonio

1799 3730 2082 3798 episcopo,
2117 3736 2176 3782 ut
2218 3727 2477 3797 Ugbellus
2529 3728 2688 3782 tradit
2715 3727 2814 3800 (ο),
2864 3730 3031 3786 fuisse
3078 3732 3268 3786 volunt
3309 3735 3378 3790 ad

1799 3818 2000 3875 Christi
2023 3819 2182 3874 fidem
2208 3833 2560 3885 conversam;
2590 3833 2712 3875 cum
2739 3819 2954 3876 duobus
2975 3828 3030 3876 et
3055 3837 3120 3878 eo
3141 3825 3379 3894 amplius

1800 3924 1922 3983 post
1967 3913 2314 3980 Apollonium
2346 3912 2579 3978 saeculis,
2636 3912 2810 3967 adhuc
2854 3913 3098 3983 reliquias
3153 3918 3380 3972 Gentili-

1798 4006 1923 4058 tatis
1952 4013 2006 4056 et
2037 4003 2306 4056 idolorum
2344 4001 2569 4056 delubra
2620 4013 3012 4070 superessent,
3057 4006 3199 4072 quod
3246 4009 3374 4062 olim

1793 4090 2269 4146 animadvertimus
2297 4090 2352 4143 in
2386 4089 2588 4144 nostris
2622 4089 2690 4143 ad
2735 4089 3092 4145 Gaudentium
3125 4097 3366 4151 Annota-

1795 4182 2030 4237 tionibus
2059 4184 2127 4251 (p
2142 4181 2186 4250 ).

1863 4273 1917 4328 9.
1959 4273 2101 4327 Duos
2145 4271 2333 4325 habuit
2362 4271 2684 4326 Philastrius
2735 4272 2790 4325 iu
2847 4273 3089 4329 Ecclesia
3122 4275 3372 4336 Brixiana
3445 4296 3447 4298 ‘

1791 4366 2029 4434 insignes
2078 4363 2294 4432 pietatis
2323 4377 2434 4418 sua:
2485 4362 2852 4433 doctrinaeque
2893 4365 3163 4434 alumnos,
3203 4369 3370 4426 Beni-

1791 4459 1969 4514 volum
2005 4457 2232 4522 scilicet,
2271 4464 2324 4511 et
2361 4454 2746 4512 Gaudentium.
2797 4458 2873 4513 De
2924 4459 3186 4518 Beuivolo
3216 4464 3368 4534 plura

128 4548 254 4606 Huic
282 4551 573 4607 Gaudeutii
602 4552 768 4619 dicto,
794 4568 900 4624 quo
930 4554 1141 4610 videtur
1169 4525 1474 4611 Brixianam
1503 4556 1691 4613 Eccle-
1713 4525 1768 4587 Β
1792 4555 2026 4610 diximus
2055 4555 2109 4608 iu
2135 4552 2458 4608 Pratfatione
2485 4552 2771 4608 Gaudeutii
2823 4554 3180 4610 Sermonibus
3216 4525 3367 4626 ’βιω-

127 4643 250 4698 siam
279 4655 391 4700 tum
423 4648 653 4716 primum
684 4662 713 4700 a
744 4647 1031 4704 Philastrio
1057 4650 1403 4704 constitutam
1427 4649 1686 4718 indicare,

127 4735 356 4790 nonnihil
384 4737 637 4806 ponderis
659 4752 724 4793 ex
746 4754 811 4794 eo
833 4737 1065 4806 accedit,
1089 4740 1229 4810 quod
1247 4739 1370 4794 alia:
1397 4741 1558 4810 etiam
1586 4741 1689 4796 Ec-

127 4827 292 4884 clesia:
341 4829 515 4903 hujus
554 4839 774 4898 tractus,
823 4845 995 4903 usque
1035 4832 1101 4887 ad
1131 4840 1385 4900 quartum
1427 4832 1686 4889 saeculum

295 5103 499 5172 Pagius
524 5103 735 5172 reponit
756 5116 899 5156 anno
919 5100 1045 5156 566.

189 5171 750 5249 (εὶῗὲδθευΡ-ζηοδε
830 5238 954 5249 -..
1084 5238 1139 5249 -.
1290 5239 1322 5249 ..
1511 5236 1523 5249 .

190 5238 269 5312 (ά)
298 5243 451 5298 Idem
496 5238 690 5312 dicitur
719 5240 787 5312 de
828 5238 1032 5312 Sabino
1083 5238 1401 5312 Placentino
1422 5238 1694 5312 episcopo

127 5312 174 5367 in
199 5307 350 5368 actis
381 5312 482 5368 SS.
537 5310 778 5366 Januarii
824 5319 953 5362 tom.
986 5307 1049 5372 Il,
1078 5323 1132 5372 p.
1180 5309 1302 5364 165.
1339 5307 1551 5362 Videsis
1580 5307 1696 5360 Til-

133 5383 345 5437 lemnnt.
377 5395 509 5436 tom.
544 5381 614 5446 X,
640 5389 751 5434 not.
776 5378 810 5431 5
835 5377 901 5430 ad
931 5377 1042 5446 Vit.
1075 5374 1135 5433 S.
1163 5379 1457 5439 Ambrosii.
1490 5393 1543 5446 p.
1567 5374 1692 5430 744.

187 5451 256 5588 ἕῗζ
495 5451 563 5504 de
591 5445 686 5502 vit.
718 5455 773 5502 et
799 5446 948 5500 obitu
972 5445 1115 5500 beati
1141 5447 1308 5514 Phil.,
1329 5462 1384 5516 p.
1405 5445 1529 5500 572.

281 5519 422 5574 Ibid.

208 5584 261 5655 tr)
290 5591 473 5645 Serm.
502 5587 570 5642 de
594 5586 838 5655 Ordinat.
868 5586 978 5655 sui,
998 5584 1208 5655 νέω.

208 5593 261 5655 g)
290 5591 473 5645 Serm.
502 5589 570 5642 de
594 5589 838 5642 Ordinat.
868 5589 976 5650 sui,
998 5599 1052 5652 p.
1082 5589 1208 5639 554.

186 5589 263 5727 ΞΛ)
292 5657 512 5727 Ughell.
570 5666 705 5727 tota.
749 5653 861 5727 IY._
885 5653 1373 5727 Vide_:_'l‘illemont.
1438 5660 1568 5709 tom.
1600 5652 1690 5709 VI]

125 5722 225 5784 not.
244 5722 287 5782 ’2
322 5722 393 5783 a'd
422 5725 535 5782 Vit.
562 5724 617 5781 S.
648 5724 885 5788 Eusebii,
917 5739 970 5793 p.
995 5722 1120 5776 772.

629 5817 906 5909 Pauor"
935 5814 1081 5876 XII.

211 5047 240 5083 a
295 5030 457 5088 Tom.
488 5031 606 5087 XIV
637 5031 767 5094 Rer.
799 5031 920 5086 ltal.
952 5047 1008 5102 p.
1041 5030 1163 5089 809.

213 5102 240 5154 b
295 5103 367 5158 Pa
409 5103 499 5158 ius
524 5103 735 5172 reponit
756 5116 899 5156 anno
919 5100 1045 5156 566.

189 5174 236 5237 (c
293 5117 434 5229 Vide
455 5187 574 5242 sup.
606 5188 660 5226 ιι.
693 5171 748 5226 5.
942 5238 954 5250 θ

190 5241 208 5293 (
253 5243 451 5293 lldem
496 5243 690 5293 dicitur
719 5240 787 5293 de
828 5239 1032 5293 Sabino
1083 5238 1163 5293 Pls

1793 4648 1957 4704 missa
1993 4645 2125 4717 (q);
2157 4643 2312 4712 cujus
2357 4643 2672 4713 praeclarum
2713 4642 2956 4710 facinus,
2999 4661 3106 4714 quo
3141 4645 3366 4704 Justinze

1793 4742 2047 4810 Augustae
2091 4736 2356 4790 mandatis
2384 4735 2600 4798 restitit,
2635 4751 2702 4788 ne
2730 4736 2900 4802 legem
2931 4737 3212 4792 catholicae
3238 4739 3364 4796 fidei

1792 4826 2112 4885 contrariam
2142 4824 2389 4888 dictaret,
2435 4822 2607 4877 fusius
2647 4824 2957 4893 exsequitur
2996 4824 3256 4884 Baronius
3294 4831 3364 4886 ad

1865 5021 1928 5094 (ε)
1961 5016 2115 5094 apud
2142 5016 2264 5094 1.3.3!-
2292 5015 2360 5094 ᾼς
2393 5012 2520 5094 ξδδο
2536 5013 2727 5094 11--”-

1883 5091 1940 5225 ici
1964 5083 2770 5225 ξειῗξξιῗξιῩῬῗιῗδιέιτίι
2798 5170 2850 5223 ρ.
2891 5153 3017 5210 set.
3045 5155 3178 5215 Vide
3200 5161 3358 5220 Praef.

1792 5229 1858 5283 ad
1874 5222 2237 5293 ‘B’ampertum
2269 5236 2325 5293 ρ.
2357 5222 2482 5293 585.

1867 5298 1928 5368 (ι)
1946 5291 2090 5368 Cap.
2121 5291 2329 5368 6l3‘ubi
2353 5292 2421 5346 de
2451 5291 2781 5348 Manichaeis.

1864 5361 1960 5434 (ἀι)
1976 5361 2118 5434 ,Cap-
2146 5361 2269 5434 i09~

1891 5432 1948 5505 η)
1973 5433 2099 5505 Eat;-
2144 5432 2268 5505 a9-

1898 5499 1950 5565 θ’)
1977 5499 2132 5557 Tom.
2161 5499 2250 5565 IV,
2283 5501 2386 5561 OOI.
2417 5500 2541 5556 524.

1896 5571 1951 5644 p)
1978 5572 2112 5644 ﬂag.
2143 5571 2269 5644 559.

1892 5639 1947 5712 ξι)
1977 5639 2138 5696 Num.
2172 5641 2226 5706 9,
2255 5652 2310 5707 ι).
2335 5639 2459 5695 190.

2710 5799 2788 5860 3b
