3922 6406
563 365 699 421 1067

1779 332 2088 412 ΒΑΝοτυδ
2125 319 2610 423 ratusratus;

3656 363 3792 421 1068

562 480 626 533 A.
653 476 755 531 586
784 475 848 547 (a
867 475 906 544 ),
931 486 995 528 co
1023 484 1213 539 nempe
1242 482 1383 522 anno
1405 468 1611 523 .lustina
1647 467 1860 522 Arianis
1883 467 2117 534 favente,
2148 478 2203 536 Α
2224 485 2366 526 anno
2391 473 2697 547 conclusam
2718 472 2847 529 dicit
2874 475 3001 545 (m):
3024 483 3137 549 post
3164 474 3504 546 Baptismum,
3532 481 3668 549 quod
3695 494 3791 550 pro

565 577 643 621 tot
685 576 945 634 lautusque
976 560 1235 614 adversus
1262 558 1572 613 Catholieos
1605 552 1895 612 Mediolani
1943 559 2128 612 conci—

2230 560 2372 614 nobis
2398 561 2449 614 in
2469 559 2710 621 Jordane
2748 573 3080 638 susceperat;
3123 580 3279 634 usque
3302 567 3368 619 ad
3399 566 3663 622 Passionis
3687 584 3796 622 sum

568 665 693 714 totae
717 663 838 711 sunt
878 653 1069 716 turbae,
1103 659 1161 706 ut
1208 665 1344 720 pene
1386 649 1657 705 Ambrosii
1695 651 1991 703 constantia
2022 649 2132 703 hae-
2232 650 2365 703 diem
2393 651 2544 705 unius
2572 653 2696 706 anni
2743 662 2941 723 tempus
2971 654 3246 725 impletur;
3273 659 3371 711 hac
3399 672 3563 727 porro
3591 658 3644 715 in
3670 672 3796 714 sen-

568 748 850 804 reticorum
899 744 948 797 vi
980 759 1044 797 ac
1093 741 1417 795 faetiOaibus
1464 740 1804 794 obrueretur.
1840 738 2130 793 Benivolus

570 853 730 909 porro
761 834 1030 889 Philastrii
1063 831 1343 898 disciplina
1375 830 1670 894 institutus,
1719 828 1979 882 Memoria:
2005 828 2133 881 scri-

563 930 661 983 niis
690 943 805 982 cum
834 923 1169 996 prtesidet'et,
1202 932 1363 991 atque
1386 918 1560 975 eidem
1602 919 1894 988 imperialia
1916 917 2131 973 decreta

562 1021 816 1075 adversus
848 1017 1004 1072 iidem
1038 1000 1254 1069 Patrum
1286 1002 1533 1067 dictanda
1573 1010 1972 1070 mandarentur.
2004 1025 2132 1079 pro-

565 1108 745 1181 posi'o
792 1109 977 1167 etiam.
1025 1110 1067 1160 si
1119 1104 1343 1167 faceret,
1390 1103 1561 1156 altiort
1607 1100 1879 1169 dignitatis
1936 1098 2132 1170 gradu;

566 1202 755 1273 spente
781 1216 839 1256 se
869 1198 1165 1253 honoribus
1190 1196 1324 1251 aulae
1351 1195 1637 1257 abdicat-it,
1673 1193 1800 1265 illud
1828 1190 2132 1269 addens(b):

571 1292 708 1361 Quid
740 1290 863 1344 mihi
894 1306 987 1360 pro
1022 1286 1298 1358 impietatis
1334 1283 1560 1338 mercede
1585 1283 1817 1336 altiorem
1846 1282 2135 1350 promittitis

564 1388 808 1459 gradum?
836 1386 989 1440 Hunc
1032 1386 1222 1453 ipsum,
1274 1398 1423 1450 quem
1464 1378 1643 1441 habeo,
1694 1377 1854 1430 tollite
1883 1392 1901 1429 :
1941 1384 2136 1429 tantum

565 1477 690 1531 mihi
712 1479 1021 1531 conscientia
1052 1475 1173 1544 ﬁdei
1215 1473 1363 1526 duret
1406 1472 1588 1525 iliazsa.
1626 1468 1751 1522 Illac
1792 1469 1990 1534 dicens,
2022 1476 2137 1521 ante

566 1569 721 1640 pedes
754 1570 912 1638 impia
942 1564 1355 1633 prtecipientium
1383 1562 1642 1631 cingulum
1663 1560 1809 1630 jecit.
1850 1555 2135 1628 Egregium

562 1657 805 1712 Benivoli
865 1655 1068 1708 factum
1114 1651 1442 1707 Gaudentius
1495 1648 1765 1702 Philastrii
1816 1646 2134 1701 institutioni

570 1747 1017 1815 documentisque
1046 1744 1320 1805 attribuit;
1368 1751 1483 1795 erat
1510 1739 1650 1792 enim
1697 1748 1821 1791 tunc
1850 1737 2137 1791 Benivolus

2234 740 2395 794 tentia
2417 740 2542 795 licet
2570 742 2751 811 plures
2779 744 2979 797 fuerint
3007 760 3071 798 ex
3098 746 3332 815 antiquis
3354 746 3619 810 Patribus,
3649 756 3708 803 ut
3726 749 3792 805 ad

2234 843 2353 885 eum
2422 830 2713 887 Gaudentii
2766 834 2943 910 locum
3008 828 3405 909 annotavimus,
3441 854 3473 894 a
3507 839 3795 896 Philastrio

2238 921 2585 979 nihilominus
2613 925 2863 981 hausisse
2890 928 3101 983 videtur
3130 928 3483 999 Gaudentius,
3520 947 3639 990 nam
3669 932 3798 991 Rhi-

2237 1012 2450 1069 lastrius
2486 1030 2605 1085 cap.
2659 1011 2760 1070 106
2789 1019 2870 1072 sic
2919 1017 3076 1073 habet
3107 1020 3179 1091 (n
3210 1022 3257 1088 ):
3294 1019 3545 1081 Dominus
3585 1038 3698 1092 qua:
3740 1024 3797 1078 in

2235 1120 2335 1155 uno
2364 1121 2497 1158 anno
2523 1106 2693 1178 gessit,
2716 1116 2764 1162 et
2785 1108 2978 1174 docuit,
3004 1111 3108 1163 lucc
3128 1111 3239 1167 sola
3264 1096 3792 1183 prcecepitconscribi.
3838 1168 3843 1175 ,

2238 1194 2557 1251 Praeclarum
2587 1213 2800 1268 quoque
2826 1210 2910 1254 est
2941 1190 3071 1255 illud
3096 1202 3237 1273 quod
3285 1203 3446 1258 tradit
3479 1204 3797 1261 Pbilastrius

2236 1286 2341 1357 (υ)
2384 1288 2450 1342 de
2513 1289 2705 1359 triplici
2763 1300 2968 1346 naturae
3014 1292 3262 1348 humanas
3314 1303 3504 1359 statu,
3562 1294 3799 1350 Handati

2237 1393 2452 1447 nempe,
2479 1377 2648 1450 Legis,
2674 1391 2719 1435 et
2764 1372 2958 1435 Gratia:
2970 1398 2990 1448 ;
3025 1382 3329 1437 Mandatum
3354 1384 3632 1455 appellans
3661 1392 3799 1439 tem—

2238 1485 2335 1539 pus
2364 1480 2486 1525 ante
2513 1471 2704 1547 Legem
2735 1474 2924 1542 Moysi,
2952 1489 3055 1547 quo
3078 1475 3370 1533 secundum
3395 1476 3565 1547 legem
3596 1484 3798 1530 natura:

2240 1576 2344 1615 non
2382 1563 2632 1633 scriptam
2668 1566 2918 1619 vixerunt
2978 1567 3133 1636 primi
3161 1575 3450 1638 parentes,
3478 1584 3539 1625 ac
3570 1570 3799 1640 patriar—

2238 1653 2381 1716 chaz;
2410 1651 2637 1719 idipsum
2666 1653 2804 1707 enim
2835 1670 3095 1723 expresse
3122 1657 3315 1722 repetit
3341 1671 3445 1711 non
3475 1672 3578 1712 uno
3597 1657 3649 1715 in
3676 1657 3797 1717 loco

2237 1740 2589 1821 Gaudentius,
2622 1752 2677 1797 ut
2706 1743 2886 1799 Tract.
2923 1745 3009 1809 10,
3053 1745 3156 1800 Lex
3185 1746 3414 1801 mandati
3438 1755 3508 1801 est
3540 1746 3648 1819 (p)
3675 1748 3798 1802 :.Ab

570 1840 746 1894 adhuc
774 1838 1213 1897 catechumenos,
1245 1848 1307 1887 ac
1339 1830 1558 1901 proinde
1586 1846 1612 1881 a
1642 1828 1929 1883 PhilaStrio
1952 1825 2134 1883 catho-
2168 1841 2215 1900 Β
2240 1834 2374 1886 omni
2405 1837 2571 1903 fructu
2601 1835 2728 1905 ligni
2752 1835 2889 1902 quod
2918 1844 2989 1888 est
3015 1835 3067 1887 in
3095 1836 3339 1905 paradiso
3366 1838 3433 1890 ad
3459 1853 3627 1891 escam
3654 1836 3799 1894 edes:

478 1944 484 1949 '
566 1932 685 1987 lic-.e
702 1930 822 1994 lidei
842 1927 1124 1997 prmeeptis
1142 1923 1459 1978 informatus
1482 1938 1494 1974 :
1518 1934 1681 1990 quare
1708 1919 1786 1973 sic
1809 1932 1931 1971 emn
1954 1922 2137 1985 postea

573 2022 904 2079 Gaudentius
947 2018 1300 2073 christianum
1333 2028 1396 2066 ac
1441 2012 1640 2081 pietate
1686 2009 1967 2063 ﬂorentem
2009 2006 2141 2059 allo-

578 2114 757 2181 quitur
790 2111 878 2180 (c)
904 2126 918 2162 :
949 2107 1058 2161 Nec
1085 2107 1268 2158 mirum
1307 2103 1351 2155 si
1378 2101 1528 2155 hodie
1568 2099 1734 2151 taliter
1760 2098 1815 2150 in
1841 2096 2017 2149 timore
2048 2094 2143 2147 Do-

578 2204 702 2255 mini
723 2198 1047 2259 converseris,
1065 2198 1172 2263 qui,
1197 2194 1410 2248 necdum
1437 2198 1672 2258 percepta
1695 2185 1932 2257 baptismi
1952 2184 2140 2254 gratia,

575 2295 649 2346 ita
681 2307 771 2356 pro
798 2289 918 2357 ﬁdei
946 2288 1160 2347 caelestis
1188 2284 1396 2337 veritate
1422 2280 1686 2351 pugnasti,
1732 2287 1784 2331 ut
1818 2277 2067 2329 imbutum
2100 2284 2145 2327 te

575 2380 963 2437 admirabilibus
990 2375 1236 2429 doctrinis
1262 2371 1534 2439 apostolici
1560 2386 1647 2439 per
1675 2367 1844 2421 omnia
1868 2365 1964 2419 viri
1985 2365 2145 2434 putris

584 2474 743 2526 nostri
775 2468 1063 2533 Philostrii,
1089 2475 1244 2518 tantae
1264 2463 1564 2517 constantia:
1588 2461 1928 2514 testimonium
1961 2474 2147 2529 appro-

584 2568 733 2621 barit.
769 2562 1098 2620 Gaudentius
1142 2572 1269 2613 vero
1296 2558 1410 2625 ipse
1438 2566 1641 2626 patrem
1700 2552 1894 2621 ubique
1940 2551 2149 2605 Philas-

580 2659 743 2713 trium
788 2663 970 2717 vocat;
1015 2661 1070 2706 ut
1117 2650 1289 2705 Serm.
1325 2648 1391 2701 de
1436 2645 1676 2700 Ordinat.
1720 2643 1800 2697 sui
1834 2640 1935 2709 (ά)
1976 2658 1987 2691 :
2024 2638 2148 2693 Post

578 2748 725 2801 illam
748 2742 1049 2799 veneranda:
1081 2738 1336 2792 memoria:
1367 2736 1525 2804 patris
1556 2734 1650 2786 mei
1672 2730 1946 2786 Philastrii
1975 2729 2147 2784 crudi-

581 2837 831 2890 tissiutam
874 2837 1165 2895 vorem;el
1204 2825 1363 2881 Prasi.
1411 2825 1475 2878 ad
1521 2822 1839 2877 Benivolum
1865 2818 1961 2891 (e)
2000 2817 2152 2872 :lm-

586 2928 758 2980 butum
786 2935 830 2977 te
858 2918 1241 2975 adutirabilibus
1265 2917 1510 2969 doctrinis
1551 2912 1819 2983 apostolici
1862 2927 1950 2980 per
1979 2911 2152 2964 omnia

584 3018 680 3071 viri
706 3016 866 3086 patris
894 3011 1051 3066 nostri
1076 3008 1373 3071 Pliilastrii;
1397 3008 1472 3059 uti
1496 3008 1652 3060 etiam
1679 3006 1730 3058 in
1757 3004 1926 3059 Serm.
1956 3002 2022 3057 de
2047 3005 2153 3056 vita

585 3118 639 3164 et
667 3108 811 3160 obitu
850 3101 993 3157 beati
1025 3100 1322 3160 Philastrii,
1354 3098 1443 3150 tibi
1470 3096 1701 3163 seipsutn
1749 3094 2006 3145 minimam
2032 3108 2152 3161 par-

2240 1923 2303 1975 ab
2354 1916 2448 1977 isto
2475 1934 2642 1977 autem
2686 1941 2787 1977 non
2816 1925 2936 1978 edas
2958 1942 2979 1990 ;
3024 1936 3069 1979 et
3096 1943 3417 1999 quaecumque
3445 1939 3560 1983 ante
3588 1928 3804 1999 Moysen

2240 2015 2388 2066 verbo
2414 2023 2605 2067 tantum
2639 2013 2890 2069 Dominus
2922 2002 3225 2088 pracepisse
3269 2022 3629 2091 cognoscitur;
3660 2037 3800 2091 prte-

2243 2105 2423 2159 sertim
2454 2120 2580 2160 vero
2602 2105 2781 2160 Tract.
2807 2107 2841 2161 8
2864 2108 2924 2179 (q
2942 2108 2960 2177 )
2980 2127 2991 2161 :
3013 2106 3130 2163 Dies
3157 2110 3328 2180 itaque
3350 2112 3446 2180 {uit
3470 2112 3522 2164 in
3545 2110 3802 2166 Munna

2246 2194 2440 2262 primus
2464 2196 2526 2247 ab
2554 2194 2715 2248 Adam
2742 2212 2896 2264 usque
2924 2197 2990 2249 ad
3018 2197 3231 2270 Moysen
3257 2216 3275 2253 :
3304 2201 3556 2255 secundus
3577 2200 3682 2254 dies
3704 2202 3808 2271 fuit

2243 2285 2334 2339 sub
2366 2284 2508 2340 LEGE
2540 2283 2708 2357 Moysi
2740 2302 2758 2339 :
2785 2288 2965 2341 tertius
3011 2288 3118 2341 dies
3162 2300 3233 2343 est
3262 2290 3351 2343 sub
3373 2284 3577 2346 Gnms
3620 2290 3807 2344 Salva-

2247 2376 2391 2429 toris.
2428 2375 2595 2431 Verba
2643 2377 2768 2432 item
2797 2378 3092 2434 Pbilastrio
3125 2380 3416 2449 peculiaria
3457 2380 3671 2435 adhibet
3700 2378 3809 2437 fre-

2247 2476 2473 2535 quenter
2500 2466 2851 2532 Gaudentius,
2882 2469 3182 2541 cujusmodi
3221 2481 3368 2534 sunt,
3403 2472 3609 2540 positio,
3639 2470 3812 2524 incor—

2250 2559 2469 2625 poratio,
2521 2558 2917 2629 suballiguturm,
2955 2560 3287 2615 umbratiliter
3314 2578 3333 2627 ;
3363 2560 3808 2631 quemadmodum

2252 2649 2529 2718 utriusque
2580 2651 2842 2720 syllabum
2896 2666 3083 2707 vocum
3131 2654 3462 2707 exodcarum
3494 2652 3810 2707 'conl'erenti

2211 2749 2224 2761 '
2252 2738 2587 2793 manifestum
2633 2740 2765 2805 erit;
2797 2750 2853 2795 ut
2884 2756 2988 2795 non
3033 2743 3085 2795 in
3128 2743 3411 2797 sententiis
3460 2751 3681 2809 tantum,
3716 2740 3812 2795 sed

2252 2829 2305 2883 in
2337 2831 2514 2885 verbis
2561 2847 2772 2901 quoque
2800 2831 3141 2888 Philastrium
3184 2832 3469 2889 Gaudentii
3496 2833 3809 2909 magistrum

2254 2935 2360 2973 non
2390 2920 2613 2974 obscure
2652 2934 2931 2991 agnoscas.

2236 3008 2237 3011 “
2270 3010 2286 3019 ”
2326 3010 2412 3063 10.
2453 3010 2569 3076 Quo
2601 3009 2937 3080 potissimum
2986 3025 3125 3065 anno
3172 3004 3487 3065 Philaslrius
3532 3010 3815 3065 Mediolani

2256 3101 2552 3169 Augustino
2581 3100 2898 3163 innotuerit,
2946 3101 3240 3171 incertum.
3261 3099 3460 3156 Scribit
3487 3099 3818 3171 Augustinus

589 3208 685 3252 tem
715 3196 829 3265 ejus
858 3206 1110 3249 curarum
1155 3190 1206 3242 in
1240 3188 1477 3242 Ecclesia
1517 3186 1766 3239 Brixiana
1804 3182 2097 3238 erudienda
2124 3196 2153 3234 a
2180 3202 2224 3263 ρ
2258 3187 2277 3258 (
2296 3188 2432 3256 ωδε
2463 3204 2584 3243 eum
2635 3189 2831 3242 vidisse
2882 3188 3160 3243 Mediolani
3204 3205 3317 3243 cum
3348 3201 3524 3245 εαηειο
3553 3191 3817 3244 Ambrosio

590 3286 878 3344 Philastrio
938 3284 1327 3350 imp/.nsarum,
1379 3277 1611 3346 appellat
1661 3276 1782 3346 (f):
1838 3273 1944 3343 Ego
1991 3282 2158 3327 autem

590 3381 798 3432 minima
842 3379 950 3445 ejus
1002 3389 1139 3443 pars.
1169 3371 1308 3438 Quin
1355 3369 1515 3423 etiam
1561 3368 1829 3421 Philastrii
1861 3367 2156 3421 doctrinam

591 3471 787 3541 ubique
818 3466 986 3522 refert
1011 3462 1372 3526 Gaudentius;
1425 3475 1546 3513 nam
1592 3475 1708 3528 qua:
1758 3458 1953 3514 Serm.
1989 3458 2055 3513 19
2092 3458 2159 3512 de

590 3562 787 3617 Christi
819 3560 1094 3614 divinitate
1124 3554 1430 3609 distinctius
1460 3553 1822 3623 prosequitur,
1863 3552 2000 3623 apud
2032 3550 2158 3606 Phi-

588 3654 836 3709 lastriutn
884 3652 969 3703 hic
1027 3649 1137 3702 illic
1183 3646 1368 3701 iisdem
1422 3645 1587 3699 ferme
1635 3644 1813 3698 verbis
1850 3653 2158 3699 occurrunt.
2200 3670 2205 3676 ι

597 3743 930 3801 Gaudentius
947 3740 1143 3808 quippe
1161 3739 1178 3805 (
1193 3755 1222 3806 g
1240 3736 1287 3802 ):
1319 3736 1521 3803 Duplex
1541 3744 1612 3787 est
1634 3736 1686 3786 in
1708 3733 1907 3787 Christo
1928 3735 2165 3787 substan-

596 3838 689 3899 tia,
724 3850 825 3887 una
851 3831 1083 3901 prepria,
1109 3829 1213 3879 alia
1242 3836 1437 3890 nostra,
1468 3825 1521 3876 id
1549 3834 1644 3886 est,
1674 3839 1776 3876 una
1806 3822 1921 3886 Dei,
1949 3824 2056 3876 alia
2078 3822 2165 3875 ho-

596 3926 749 3979 minis
788 3940 805 3985 ;
846 3918 1162 3976 Philastrius
1196 3915 1295 3986 (It)
1340 3932 1352 3967 :
1400 3914 1638 3980 Quamvis
1688 3914 1947 3985 generatio
2003 3913 2164 3981 ipsius

596 4017 788 4087 duplex
812 4017 896 4079 sit,
930 4028 1029 4066 una
1061 4010 1339 4063 divinitatis
1367 4008 1651 4075 indeﬁnita,
1681 4007 1843 4060 altera
1868 4008 2164 4076 incorpora-

598 4109 751 4162 tionis
806 4120 893 4172 per
964 4100 1227 4173 Virginem
1279 4099 1592 4167 temporalis.
1653 4097 1985 4152 Gaudentius
2031 4098 2160 4168 (i):

604 4197 781 4266 Ipsius
814 4193 995 4247 Passio
1024 4208 1124 4243 non
1146 4192 1197 4243 in
1225 4189 1537 4242 divinitatem
1565 4204 1676 4257 qua:
1705 4198 1775 4242 est
1814 4188 2161 4257 intpassibilis,

607 4287 695 4342 sed
722 4287 771 4339 in
804 4287 914 4353 ejus
943 4283 1195 4335 hominem
1223 4278 1498 4344 celebrata,
1544 4280 1774 4346 percunti
1800 4280 2010 4341 ,mundo
2040 4280 2163 4333 sub-

604 4379 772 4437 uenit;
800 4370 1125 4427 Philastrius
1153 4368 1232 4439 (j)
1256 4386 1270 4425 :
1296 4368 1487 4421 Passus
1512 4369 1680 4437 itaque
1721 4377 1793 4421 est
1814 4385 1963 4423 carne
2002 4373 2165 4439 passi-

606 4467 721 4529 bili,
744 4479 843 4516 non
870 4461 1132 4513 divinitate
1160 4456 1464 4509 naturaliter
1483 4457 1805 4523 impassibili.
1837 4458 2168 4513 Gaudentius

2258 3292 2591 3345 versantem;
2641 3281 2984 3351 quamobrem
3016 3298 3136 3336 cum
3183 3281 3514 3352 Augustinus
3540 3283 3652 3351 ipse
3691 3291 3818 3335 ante

2260 3371 2510 3425 Bautonis
2532 3372 2892 3437 consulatum,
2920 3372 3009 3442 qui
3038 3372 3223 3428 incidit
3252 3376 3302 3427 in
3328 3388 3525 3427 annum
3552 3374 3675 3440 585,
3706 3371 3815 3427 Mea

2258 3463 2529 3518 diolanum
2559 3463 2757 3517 missus
2778 3461 2940 3517 fuerit
2967 3480 2996 3517 a
3026 3464 3348 3533 Symmacho
3388 3463 3534 3518 urbis
3565 3464 3817 3535 praelecto

2260 3557 2372 3630 (s),
2403 3573 2508 3611 non
2558 3568 2734 3612 autem
2782 3572 2847 3611 eo
2891 3557 3244 3626 commigrare
3290 3557 3518 3627 potuerit
3548 3556 3647 3611 nisi
3678 3571 3819 3610 anno

2259 3649 2433 3701 :etatis
2479 3662 2589 3701 suae
2630 3648 2903 3720 trigesimo
2946 3646 3087 3718 (hoc
3122 3655 3202 3701 est
3248 3646 3401 3716 584),
3443 3662 3563 3701 cum
3611 3662 3809 3700 annum

2260 3754 2424 3807 agens
2452 3740 2771 3806 vigesimum
2805 3752 3002 3810 nonum
3032 3737 3285 3792 Faustum
3318 3738 3660 3792 Manichaaum
3687 3736 3820 3791 Car-

2265 3827 2478 3894 thagine
2500 3825 2730 3880 audierit
2758 3826 2846 3896 (t)
2881 3843 2894 3878 :
2929 3825 3142 3881 rediens
3171 3842 3331 3896 porro
3357 3827 3408 3881 in
3444 3826 3673 3882 Africam
3702 3842 3821 3897 per-

2262 3925 2419 3985 cepto
2450 3916 2740 3985 baptismo,
2769 3914 3073 3970 Mediolano
3112 3917 3434 3972 abscesserit
3476 3933 3619 3972 anno
3647 3920 3821 3973 astatis

2264 4008 2422 4063 tertio
2442 4018 2496 4062 et
2517 4006 2828 4077 trigesitno(
2849 4024 2879 4059 u
2896 4006 2938 4078 ),
2966 4022 3158 4076 nempe
3178 4024 3321 4061 anno
3340 4008 3462 4073 387,
3488 4023 3821 4078 consequens

2261 4107 2345 4153 est
2373 4098 2720 4153 Philastrium
2752 4112 2857 4152 uno
2886 4096 2966 4163 vel
2989 4098 3160 4152 altero
3180 4112 3243 4153 ex
3274 4097 3429 4151 annis
3459 4098 3545 4166 qui
3568 4097 3636 4151 ab
3679 4112 3820 4151 anno

2262 4188 2364 4244 581
2414 4189 2481 4243 ad
2526 4189 3019 4255 387‘intercedunt,
3068 4189 3366 4258 Augustino
3412 4194 3595 4243 not‘uut
3635 4188 3817 4255 fuisse.

2262 4281 2395 4336 Cum
2423 4298 2554 4339 vero
2578 4284 2741 4337 tinter
2780 4282 3091 4354 Augustini,
3130 4281 3400 4337 Ambrosii
3452 4290 3506 4337 et
3551 4280 3821 4335 Philastrii

2266 4389 2456 4438 annos,
2522 4375 2897 4428 convenientia
2936 4374 3201 4444 quaedam,
3258 4382 3311 4429 et
3333 4370 3615 4426 consensio
3661 4370 3819 4426 inter.

2268 4455 2469 4530 eurrat,
2510 4480 2571 4518 ex
2605 4480 2707 4533 qua
2758 4467 2851 4518 lux
2898 4467 3073 4535 aliqua
3124 4466 3293 4535 ipsius
3344 4463 3615 4519 Philastt-ii
3662 4464 3820 4519 rebus

602 4556 666 4627 (κ
686 4554 737 4625 ):
770 4550 1008 4621 [Εᾳιιαιίδ
1033 4544 1199 4611 Patri,
1226 4546 1356 4599 sicut
1383 4560 1577 4615 semper
1607 4544 1790 4612 fuerat,
1817 4559 2123 4621 permaneret
2146 4592 2161 4615 ,
2194 4558 2245 4616 1)
2268 4569 2481 4623 quoquo
2510 4555 2667 4609 inodo
2707 4556 2957 4627 aﬂulgere
2998 4566 3170 4625 potest
3194 4575 3208 4617 :
3251 4572 3355 4611 non
3382 4557 3483 4611 erit
3509 4557 3821 4625 inOPPOrW‘

605 4648 922 4703 Philastrius
956 4644 1041 4713 (ι)
1068 4657 1082 4694 :
1109 4638 1233 4695 Cum
1278 4637 1436 4691 Patre
1484 4653 1598 4691 cum
1644 4637 1696 4689 in
1728 4647 2019 4706 perpetuum
2060 4656 2168 4693 nta-

606 4752 741 4801 nere,
766 4746 912 4802 atque
943 4746 1136 4799 semper
1184 4730 1434 4782 mansisse
1456 4745 1555 4780 non
1576 4728 1883 4796 ignoremus.
1912 4728 2001 4783 Sic
2030 4729 2169 4785 Gau-

603 4826 813 4883 dentius
834 4823 1010 4877 Tract.
1036 4823 1091 4886 3,
1109 4819 1309 4874 Christi
1334 4818 1765 4887 prtedicationem
1783 4819 1939 4874 unico
1960 4829 2164 4877 tantum

682 4980 755 5049 (α)
785 4978 941 5033 Num.
975 4977 1008 5031 5
1029 4984 1089 5049 et
1108 4988 1257 5042 seqq.

682 5043 756 5119 (ὸ)
787 5049 961 5119 ltuiin.
987 5047 1276 5119 lib._xt.Ac.
1299 5043 1400 5119 16.

680 5111 749 5185 (ὁ
774 5121 791 5181 )
822 5117 976 5172 Prml.
1006 5116 1069 5167 ad
1098 5112 1429 5175 Benivolum,
1461 5127 1515 5180 p.
1536 5111 1658 5169 218.

686 5184 761 5259 (ά)
784 5189 922 5259 1³ης-
947 5184 1071 5259 327?!-

682 5252 753 5325 (ἐ)
781 5252 907 5325 Pag.
950 5252 1078 5307 218.

680 5324 748 5459 ρ)
780 5324 904 5394 Pag.
931 5324 1055 5377 s75.

705 5394 757 5459 g)
790 5395 911 5459 Pug.
942 5392 1055 5447 357.

790 5395 911 5461 Pug.
942 5394 1065 5447 557.

707 5469 762 5524 It)
791 5464 920 5530 Cap.
956 5462 1076 5530 127.

684 5528 746 5601 (i)
775 5528 898 5599 pag.
924 5528 1051 5584 sse.

682 5602 748 5667 ti)
772 5598 901 5667 (ιερ-
942 5598 1031 5667 92-

681 5665 752 5736 υι)
782 5665 908 5736 Bait-
933 5666 1058 5736 ⁵61-

689 5732 747 5803 (ι)
774 5732 902 5803 cap.
932 5735 1055 5789 ist.

2244 4648 2424 4709 'num,
2469 4648 2780 4702 eorumdem
2829 4664 3001 4703 annos
3046 4650 3249 4715 aliquot
3301 4649 3388 4717 qui
3430 4640 3531 4703 sibi
3594 4650 3818 4704 invicem

2274 4738 2618 4805 respondent,
2673 4742 2914 4809 sequenti
2962 4742 3348 4811 diagrammate
3386 4739 3465 4809 Iob
3500 4738 3682 4796 oculos
3730 4755 3823 4811 po-

2274 4841 2420 4882 nere.
2760 4853 2767 4862 '
2960 4850 2964 4855 ‘

2337 4982 2433 5055 (nt)
2446 4984 2588 5055 iPag.
2619 4985 2746 5043 219.

2338 5052 2415 5128 (η)
2444 5052 2583 5128 Pag'.‘
2603 5055 2837 5128 78_(hui.
2874 5057 2957 5113 ed.
2987 5058 3091 5112 cel.
3123 5056 3306 5128 1220).

2339 5121 2416 5191 (ο)
2438 5121 2565 5191 Cap.
2595 5121 2724 5191 156,
2760 5121 2882 5193 150,
2908 5128 3028 5192 155,
3057 5135 3113 5181 et
3139 5121 3289 5180 alibi.
3315 5126 3449 5185 Vide
3476 5127 3551 5186 ibi
3572 5137 3817 5188 mactata

2267 5204 2297 5243 a
2327 5192 2396 5243 cl.
2432 5192 2698 5249 Fabricio.
3719 5227 3722 5231 ’

2300 5320 2305 5325 -
2345 5258 2425 5397 ti
2451 5261 2581 5384 tia-
2604 5265 2738 5389 :3;-

2344 5346 2414 5470 (θ)
2446 5348 2638 5469 Ερίῗέιι
2664 5373 2963 5470 Quodvultd

2340 5399 2414 5539 ἓν)
2446 5399 2547 5481 Εξβῖ
2572 5403 2638 5458 ad
2664 5404 3112 5471 Quodvultdenm.

2268 5469 2657 5597 εοῐξέῐὲἷὺῇὅιιι
2701 5485 2886 5597 contra
2939 5475 3065 5533 Litt.
3114 5475 3387 5548 Petilianij
3411 5491 3461 5534 c.
3507 5477 3617 5545 25,
3651 5478 3741 5535 lib.
3789 5488 3819 5530 ν

2340 5606 2401 5677 (ι)
2439 5609 2557 5669 Lib.
2584 5628 2638 5680 ν,
2670 5613 2825 5672 Cont‘.
2856 5629 2907 5671 e.
2934 5618 2989 5673 5.

2335 5680 2416 5747 (ιι)
2454 5677 2574 5738 Lib.
2605 5696 2679 5738 ιι.
2708 5682 2864 5740 Conf.
2886 5699 2935 5742 ο.
2968 5687 3084 5743 11.-
