3922 6410
490 372 495 375 ⁷
566 380 698 437 1071

1823 376 2129 434 SANCTUS
2167 374 2636 435 PHILASTRIUS.

3643 376 3812 453 ,toaa

561 493 620 548 S.
649 490 942 546 Philastrio
976 490 1082 561 §2,
1118 504 1172 543 n.
1202 489 1269 544 14
1296 490 1403 561 (α);
1430 495 1487 543 at
1510 502 1634 544 cum
1660 504 1758 544 nos
1788 505 2001 561 quoque
2030 490 2135 546 ini-
2161 496 2213 554 Α
2240 498 2341 544 tate
2368 490 2551 545 Brixia
2582 494 2752 547 natals
2783 491 2845 549 S.
2879 492 3148 551 Philastrii
3172 492 3399 563 episcopi
3436 499 3483 546 et
3509 448 3815 559 confessoris

560 586 629 638 tia
678 584 964 640 Gaudentii
1018 585 1068 637 in
1118 598 1319 637 annum
1373 580 1499 648 557,
1553 597 1656 637 una
1712 597 1834 638 cum
1892 584 2137 650 Labbeo,

561 677 776 741 Vossio,
805 677 1035 747 aliisque
1060 675 1448 731 contulerimus
1473 673 1572 745 (b),
1607 676 1849 745 proiecto
1877 684 2138 744 expeten-

560 769 688 824 dum
718 770 875 834 foret,
916 777 976 822 ut
1013 767 1233 823 certiori
1272 767 1452 835 aliquo
1479 768 1765 821 vetustatis
1805 765 2136 831 testimonio,

564 868 699 936 tum.
721 860 845 913 anni
890 858 1083 928 quibus
1125 856 1266 911 sedit
1290 855 1646 922 Pbilastrius,
1678 866 1789 911 tum
1816 856 1932 925 ejus
1960 855 2142 910 obitus

566 949 773 1003 ﬁrmari
801 957 1059 1017 possent;
1086 946 1227 1017 quod
1273 962 1395 1001 cum
1427 961 1530 1001 non
1572 956 1852 1016 suppetat,
1881 946 2018 1001 nihil
2062 954 2139 1000 te-

564 1055 713 1097 tnere
757 1037 1132 1093 al‘lirmandum
1158 1047 1242 1092 est
1267 1046 1361 1091 aut
1391 1037 1713 1107 negandum.
1744 1036 1901 1091 Initia
1931 1036 2153 1105 cpisco-‘

567 1143 723 1203 patus
754 1130 1036 1185 Philastrii
1064 1131 1271 1185 confert
1294 1129 1543 1184 Labbeus
1572 1127 1626 1183 in
1666 1144 1864 1183 annum
1907 1127 2013 1183 580
2041 1126 2137 1198 (c),

566 1238 690 1294 qua:
726 1220 942 1291 Faynus
981 1234 1124 1274 anno
1175 1220 1281 1274 554
1328 1220 1606 1288 assignat;
1655 1234 1827 1273 annus
1855 1233 1991 1272 vero
2034 1215 2141 1272 554

560 1313 704 1383 apud
734 1312 995 1367 Joannem
1044 1311 1391 1365 Franciscum
1428 1308 1819 1365 Florentinium
1862 1310 1913 1363 in
1961 1307 2144 1363 Indice

557 1403 953 1473 Chronologico
979 1400 1294 1456 Antistitum
1323 1400 1699 1454 Brixianorum
1733 1398 1811 1470 (d)
1855 1397 2144 1455 ascribitur

564 1493 820 1547 Faustino
865 1490 1139 1545 Philastrii
1186 1489 1481 1554 decessori,
1530 1488 1615 1542 cui
1644 1487 1859 1558 Faynus
1903 1487 1955 1541 in
1992 1484 2143 1542 Caelo

561 1582 817 1636 Brixiano
844 1578 914 1651 (e)
952 1579 1170 1648 triginta
1199 1586 1253 1632 et
1277 1562 1343 1632 eo
1369 1577 1600 1645 amplius
1627 1590 1798 1631 annos
1821 1576 1966 1631 sedis
1992 1576 2144 1629 attri-

558 1671 697 1726 buit.
727 1670 910 1738 Itaque
940 1670 1043 1723 hoc
1082 1677 1240 1738 pacto
1276 1666 1551 1722 Philastrii
1596 1668 1945 1735 episcopatus
1981 1665 2141 1734 juxta

570 1762 958 1817 Florentinium
988 1775 1130 1814 anno
1153 1760 1259 1815 584
1285 1760 1577 1829 inceptus,
1605 1760 1694 1830 qui
1714 1759 1865 1828 juxta
1904 1758 2144 1828 Faynum

2241 581 2470 650 ejusdem
2496 581 2745 646 civitatis,
2797 584 2887 652 qui
2937 590 3140 650 quanta:
3180 582 3493 646 sanctitatis,
3537 580 3837 655 quantique

2238 670 2407 723 meriti
2426 670 2614 739 fuerit,
2646 674 2829 741 quibus
2849 674 3000 726 etiam
3026 673 3285 727 miraculis
3312 672 3499 727 claruit
3524 712 3540 737 ,
3568 670 3815 725 Gauden-

2240 758 2341 813 tius
2382 761 2723 826 beatissimus,
2773 764 3004 830 ejusdem
3056 764 3275 817 ciuitatis
3317 764 3473 817 etiam
3518 762 3811 833 episcOpus,

2238 849 2405 903 ueraci
2425 852 2557 921 stglo
2586 851 2817 922 digessit.
2852 852 3008 906 Plura
3037 852 3106 907 de
3133 852 3221 906 die.
3247 852 3425 907 obitus
3454 852 3725 907 Philastrii
3757 852 3813 907 in

2238 937 2388 993 Notis
2413 940 2481 995 ad
2502 939 2817 995 Sermonem
2843 941 3130 997 Gaudentii
3151 943 3219 997 de
3251 942 3561 1011 Philastrio,
3600 960 3651 1013 p.
3682 942 3812 1000 574.

2239 1028 2393 1084 Sedit
2420 1045 2579 1100 porro
2608 1031 2927 1087 Philastrius
2954 1035 3007 1088 in
3034 1033 3164 1089 sede
3210 1033 3458 1088 Brixiana
3498 1042 3618 1104 post
3646 1033 3814 1090 Faus-

2242 1121 2448 1189 tinum,
2503 1124 2660 1193 eique
2704 1126 2964 1180 successit
3017 1125 3387 1192 Gaudentius,
3418 1135 3479 1180 ut
3529 1125 3818 1195 perhibent

2240 1210 2480 1282 Catalogi
2507 1226 2693 1269 omnes
2723 1215 3024 1270 antistitum
3050 1216 3422 1270 Brixianorum
3445 1256 3462 1282 ,
3486 1213 3816 1287 vocaturque

2240 1317 2496 1359 summus
2524 1304 2719 1361 Brixiae
2748 1306 3037 1404 episcOp‘us
3090 1321 3121 1361 a
3169 1305 3461 1376 Ramperto
3485 1306 3586 1377 (j);
3617 1320 3683 1360 ex
3708 1321 3813 1375 qua

2244 1396 2452 1449 numeri
2480 1405 2605 1450 nota
2622 1411 2744 1451 cum
2771 1406 2879 1453 tota
2906 1396 3141 1469 pendeat
3166 1414 3219 1452 ra
3228 1399 3305 1453 tio
3322 1408 3471 1453 recte
3486 1397 3816 1452 constituen-

2243 1485 2434 1540 dorum
2458 1488 2835 1558 episcoporum
2865 1489 3093 1555 Brixiae,
3121 1500 3225 1544 tam
3255 1486 3667 1560 praecedentium
3689 1483 3816 1543 Phi-

2244 1577 2465 1645 lastrio,
2492 1594 2651 1648 quam
2679 1581 2795 1651 ejus
2824 1596 3199 1638 successorum
3227 1623 3242 1648 ,
3290 1581 3413 1637 ideo
3442 1597 3538 1651 pro
3566 1595 3629 1637 ea
3657 1595 3817 1635 cons.

2246 1676 2422 1723 tanter
2451 1669 2731 1725 retinenda
2751 1710 2767 1737 ,
2800 1672 3044 1742 quamvis
3079 1671 3309 1727 sulliciat
3333 1672 3626 1737 auctoritas
3654 1672 3815 1726 Ram~

2245 1761 2418 1829 pcrti,
2454 1762 2556 1816 alia
2606 1762 2953 1818 nihilominus
3008 1772 3120 1818 tuin
3172 1763 3513 1833 antiquitatis
3537 1762 3810 1833 sull'ragia,

564 1866 705 1907 anno
732 1851 834 1907 585
861 1850 1068 1915 ﬁnitus,
1100 1848 1256 1904 unico
1284 1859 1488 1903 tantum
1517 1864 1660 1903 anno
1688 1848 2135 1913 concluderetur;
2169 1858 2216 1918 Β
2244 1860 2355 1906 tum
2381 1852 2539 1907 etiam
2567 1854 2833 1909 rationum
2864 1864 3136 1910 momenta
3156 1854 3448 1924 diligenter
3466 1853 3815 1924 expendimus

563 1960 662 2000 nec
676 1943 1020 1999 Philastrium
1040 1940 1351 2011 episcOpum
1372 1956 1516 1995 anno
1535 1941 1630 1996 581
1661 1940 1712 1993 in
1732 1939 1963 1994 concilio
1979 1938 2144 2008 Aqui.

562 2034 749 2091 leiensi
773 2032 1048 2088 sedentem
1066 2030 1628 2089 admitteret.lnversa
1648 2044 1892 2097 prorsus,
1923 2042 1987 2083 ac
2005 2027 2143 2081 male

563 2118 813 2178 concreta
832 2118 1030 2175 omnia.
1048 2118 1222 2172 Locus
1239 2117 1511 2171 Philastrii
1529 2116 1770 2171 occurrit
1790 2129 1911 2183 cap.
1943 2114 2065 2177 106,
2089 2113 2141 2166 in

563 2226 669 2280 quo
685 2223 805 2263 cum
818 2208 980 2273 dicat,
1012 2207 1416 2274 quadringentos
1428 2208 1544 2275 jam
1566 2204 1680 2271 plus
1696 2218 1857 2256 annos
1879 2202 2139 2269 transisse,

566 2317 630 2355 ea:
656 2315 756 2369 quo
780 2299 914 2352 venit
942 2295 1220 2359 Dominus,
1252 2303 1401 2363 atque
1447 2293 1751 2362 completos,
1781 2291 2009 2346 fortasse
2048 2292 2145 2345 ali-

565 2392 649 2447 cui
700 2388 871 2444 videri
919 2387 1091 2458 possit
1137 2385 1413 2441 Philastrii
1462 2393 1677 2441 aetatem
1741 2384 1883 2438 ultra
1941 2390 2143 2439 exitum

565 2479 741 2550 quarti
766 2477 950 2532 sazculi
981 2490 1105 2531 esse
1134 2473 1556 2545 perducendam.
1592 2476 1798 2529 Atcum
1823 2481 2033 2529 certum
2074 2475 2143 2529 sit

564 2568 909 2625 Philastrium
938 2567 1142 2621 obiisse
1172 2566 1459 2621 Ambrosio
1501 2566 1815 2636 superstite,
1863 2566 1956 2635 qui
2001 2579 2145 2621 anno

565 2661 669 2716 597
716 2661 823 2714 vita
866 2659 1062 2722 cessit;
1108 2656 1249 2728 quod
1280 2655 1494 2726 quidem
1534 2671 1600 2711 ex
1630 2655 1931 2711 Gaudentio
1974 2658 2147 2710 mani-

564 2751 700 2807 feste
727 2757 960 2815 constat,
996 2749 1082 2804 hic
1108 2748 1310 2804 etenim
1356 2747 1532 2803 factus
1559 2750 1844 2818 episcOpus
1869 2748 2047 2804 Serm.
2076 2748 2144 2803 de

566 2839 813 2895 Ordinat.
855 2840 939 2895 sui
964 2838 1305 2893 Ambrosium
1336 2846 1656 2907 praesentem
1698 2838 1993 2908 alloquitur
2023 2837 2092 2909 (ι’)
2127 2855 2140 2891 :

569 2938 786 3000 oportet
803 2936 893 2982 aut
915 2928 1090 2982 locum
1116 2927 1265 2981 illum
1286 2942 1407 2982 esse
1420 2936 1757 2996 corruptum,
1773 2927 2148 2996 supplendum—

568 3034 672 3087 que
694 3017 1007 3071 utFabricio
1028 3016 1228 3085 placuit
1248 3015 1346 3085 (g),
1367 3016 1760 3087 quadringentos
1770 3023 1888 3083 jam
1914 3017 2029 3086 plus
2049 3017 2147 3070 mi-

568 3107 980 3170 nusannos;.vel
1002 3105 1349 3159 Pltilastrium
1382 3119 1485 3158 non
1510 3105 1796 3159 admodum
1820 3114 2024 3170 exacte,
2050 3102 2145 3161 Sed

2242 1944 2296 1999 in
2320 1945 2644 2001 Praelatione
2670 1946 2737 1999 ad
2759 1945 3111 2014 Rampertum
3138 1946 3214 2019 (Β)
3232 1962 3420 2017 ,quam
3444 1948 3605 2003 adeas
3618 1947 3811 2013 velim;

2243 2036 2319 2091 uti
2346 2046 2401 2089 et
2433 2035 2868 2091 Admonitionem
2923 2038 3177 2106 praeviam
3209 2039 3260 2092 in
3289 2040 3569 2109 antiquum
3614 2037 3819 2110 Bhyth-

2244 2138 2391 2177 mum
2434 2122 2503 2177 de
2548 2124 2873 2193 Philastrio,
2900 2125 3103 2196 p.575.
3160 2126 3297 2182 Num
3327 2142 3457 2183 vero
3502 2127 3818 2183 Pbilastrius

2245 2213 2496 2284 Martyris
2544 2216 2762 2271 nomine
2806 2217 3117 2279 censendus
3143 2221 3241 2284 sit,
3293 2228 3353 2274 ut
3400 2220 3576 2290 placet
3618 2235 3817 2290 nupero

2244 2307 2468 2361 Gavauti
2535 2307 2769 2364 additori
2817 2307 2884 2379 (l)
2914 2350 2928 2374 ,
2975 2310 3431 2380 quemadmodum
3476 2310 3816 2376 Numidicus,

2244 2395 2611 2468 Euthychius,
2657 2398 2958 2455 Sosthenes
2993 2399 3113 2474 (na),
3141 2400 3364 2471 aliique,
3391 2414 3527 2472 quos
3554 2409 3820 2455 tormenta

2242 2489 2371 2554 olim
2401 2501 2687 2559 expertos,
2726 2500 2937 2546 constat
2968 2478 3198 2546 naturali
3229 2492 3487 2562 deinceps
3529 2499 3703 2547 morte
3731 2492 3823 2546 de-

2243 2580 2476 2636 cessisse
2501 2596 2514 2633 :
2538 2595 2661 2635 cum
2694 2582 3006 2651 neutiquam
3034 2581 3138 2637 hoc
3169 2582 3324 2638 titulo
3365 2597 3397 2637 a
3451 2581 3825 2654 Martyrologis

2244 2671 2569 2740 appelletur,
2602 2687 2776 2742 neque
2805 2673 2907 2728 sub
2955 2675 3056 2729 hoc
3092 2674 3242 2729 cultu
3298 2673 3547 2728 Brixiana
3584 2672 3823 2728 Ecclesia

2244 2777 2368 2817 eum
2393 2762 2653 2828 honoret,
2684 2762 2737 2817 in
2760 2762 2939 2818 medio
2965 2763 3235 2833 relinquo.
3265 2763 3526 2832 Sepultus
3546 2770 3822 2818 estautem

2243 2869 2347 2907 una
2377 2868 2497 2907 cum
2526 2853 2644 2922 ejus
2668 2853 2847 2923 ligneo
2874 2855 3007 2909 lituo
3027 2896 3042 2919 ,
3067 2870 3163 2910 seu
3184 2854 3376 2911 baculo
3399 2853 3681 2925 pastorali,
3716 2852 3825 2922 :qtti

2244 2944 2534 2997 etiamnum
2565 2944 2616 2997 in
2646 2942 2901 2998 thesauro
2932 2944 3187 3000 Ecclesiae
3212 2944 3477 2999 Brixianze
3497 2952 3825 3006 asservatur,

2245 3033 2321 3086 uti
2349 3048 2412 3087 ex
2440 3029 2711 3102 Capreolo
2739 3033 2832 3086 lib.
2870 3049 2924 3087 Ill
2949 3034 3087 3087 llist.
3116 3033 3270 3087 Brix.
3303 3033 3468 3087 tradit
3496 3034 3655 3087 etiam
3696 3031 3829 3086 Fer-

2246 3123 2421 3177 rarius
2451 3124 2505 3176 in
2532 3122 2790 3192 Catalogo
2817 3123 2916 3179 SS.
2946 3124 3110 3177 Italiae
3147 3123 3258 3193 (n);
3283 3139 3403 3193 quae
3434 3122 3724 3178 novissime
3752 3138 3827 3177 ex

567 3214 665 3269 per
690 3196 901 3262 αὔξησιν
928 3196 1169 3251 locutum
1210 3209 1332 3251 esse
1355 3236 1369 3261 ,
1401 3209 1795 3263 numerumque
1820 3196 2144 3263 completum

2247 3212 2583 3268 Florentinio
2605 3215 2658 3267 in
2682 3206 2862 3267 Indice
2878 3212 3273 3283 Cbronologico
3288 3213 3601 3268 Antistitum
3616 3212 3832 3267 Brixia-

572 3306 671 3359 pro
691 3287 1019 3356 incompleto
1041 3285 1310 3355 posuisse.
1328 3285 1495 3339 Recte
1517 3284 1677 3354 igitur
1696 3285 1764 3337 ab
1784 3284 1974 3339 eodem
1991 3283 2147 3339 Joan.

575 3380 798 3435 Alberto
829 3374 1074 3431 Fabricio
1106 3376 1162 3429 in
1189 3374 1537 3429 Testimoniis
1563 3374 1630 3428 de
1651 3374 1960 3441 Philastrio,
1993 3376 2154 3432 casti-

572 3480 732 3542 gatur
777 3469 1011 3523 Thomas
1053 3465 1331 3522 Malvenda
1357 3508 1371 3533 ,
1415 3467 1743 3537 perspicuum
1783 3469 2021 3536 sphalma‘
2052 3469 2151 3523 Ba-
2188 3501 2192 3504 ‹

575 3561 719 3618 ronii
742 3574 962 3626 vocans,
987 3559 1130 3628 quod
1150 3574 1218 3613 cx
1246 3558 1506 3628 prmdicto
1542 3557 1823 3614 Gaudentii
1851 3560 2114 3617 Sermone
2136 3600 2152 3627 ,

574 3652 919 3708 Philastrium
947 3651 1242 3720 superstite
1269 3648 1445 3704 adhuc
1465 3648 1756 3704 Ambrosio
1782 3650 1982 3706 obiisse
2008 3650 2155 3705 amr.

577 3752 718 3808 met;
750 3756 871 3796 cum
914 3739 1132 3794 aliunde
1176 3740 1343 3794 etiam
1388 3738 1660 3793 notaverit
1688 3738 1830 3793 idem
1880 3739 2155 3796 Fabricius

574 3832 774 3884 librum
803 3829 866 3882 de
896 3828 1190 3882 eresibus
1228 3841 1259 3879 a
1302 3826 1593 3879 Philastrio
1637 3829 2003 3896 conscriptum
2032 3839 2156 3881 ante

575 3919 1214 3987 Parmeniani‘mortem,
1249 3915 1351 3969 hoc
1392 3924 1479 3970 est
1522 3925 1649 3970 ante
1676 3929 1873 3970 annum
1903 3916 1999 3972 591
2032 3916 2111 3989 (It)
2140 3936 2154 3973 :

582 4012 811 4080 ideoque
836 4010 941 4065 dici
981 4025 1089 4064 non
1122 4022 1281 4079 posse
1325 4022 1353 4061 a
1384 4006 1673 4062 Pbilasuio
1710 4008 1835 4063 dum
1864 4024 1987 4064 eum
2029 4024 2159 4064 con-

554 4105 865 4169 scriberet,
892 4102 1292 4174 quadringentos
1312 4103 1429 4170 jam
1456 4099 1570 4170 plus
1602 4116 1763 4154 annos
1795 4101 2037 4156 transisse
2055 4143 2069 4168 ,
2094 4118 2159 4157 ea:

583 4214 682 4267 quo
705 4198 834 4251 venit
863 4195 1133 4260 Dominus,
1158 4202 1309 4262 atque
1334 4192 1631 4262 completos.

653 4289 744 4345 12.
786 4290 860 4345 De
884 4288 971 4343 die
996 4287 1173 4343 obitus
1201 4285 1475 4339 Philastrii
1501 4300 1600 4339 nos
1625 4286 1877 4342 dubitare
1898 4302 2002 4343 non
2034 4286 2163 4342 sinit

582 4382 943 4443 Gaudentius;
984 4382 1061 4432 ait
1104 4393 1298 4446 nempe
1339 4376 1402 4447 (ί)
1429 4393 1446 4430 :
1475 4377 1866 4462 Quintodecimo
1914 4379 2161 4434 kalenda-

586 4490 705 4527 rum
735 4472 1074 4539 Augustarum
1100 4469 1239 4519 exuit
1288 4468 1572 4531 hominem,
1603 4484 1708 4536 quo
1734 4471 1893 4537 plane
1916 4470 2003 4524 die
2033 4471 2162 4524 Phi-

2251 3319 2442 3360 norutn
2470 3342 2486 3369 ,
2513 3318 2566 3357 v.
2599 3303 2671 3358 cl.
2702 3302 3024 3359 Guilielmus
3054 3302 3302 3372 Cuperus
3341 3303 3526 3360 retulit
3568 3304 3620 3358 in
3662 3303 3831 3358 Com-

2252 3395 2577 3451 mentarium
2605 3395 2674 3449 de
2700 3394 2757 3450 S.
2804 3394 3116 3462 Philastrio,
3168 3395 3365 3451 Brixiae
3394 3395 3649 3465 episcopo
3691 3393 3786 3465 §t2
3814 3436 3830 3460 ,

2253 3500 2308 3540 n.
2355 3485 2420 3540 16
2450 3483 2550 3556 (o),
2582 3501 2689 3555 quo
2719 3488 2771 3540 in
2797 3485 2915 3541 loco
2946 3486 3137 3543 Sermo
3162 3485 3436 3557 Ramperti
3474 3488 3543 3541 de
3580 3486 3836 3541 Transla—

2253 3576 2400 3631 tione
2425 3575 2696 3630 Philastrii
2714 3617 2730 3644 ,
2779 3592 2848 3631 ex
2879 3574 3131 3632 Patavina
3157 3577 3394 3633 editione
3415 3580 3539 3634 anni
3566 3578 3703 3634 1720
3745 3577 3835 3633 di-

2252 3668 2481 3738 ligenter
2527 3668 2845 3722 emendatus
2890 3677 2945 3723 et
2998 3668 3320 3735 illustratus,
3352 3669 3530 3723 denuo
3582 3668 3835 3737 vulgatus

2254 3766 2356 3811 est.
2381 3757 2556 3811 Locus
2581 3758 2874 3823 sepultura:
2904 3757 2973 3809 ad
3015 3758 3264 3811 Sanctum
3293 3752 3551 3811 Andream
3575 3799 3590 3821 ,
3622 3773 3835 3812 memo-

2255 3851 2405 3897 ratur
2433 3844 2487 3896 in
2513 3844 2721 3897 duobus
2746 3844 2905 3897 codd.
2940 3858 3068 3897 mss.
3103 3845 3371 3899 Brixianae
3394 3846 3667 3914 Ecclesiae,
3701 3863 3839 3923 quo.-

2257 3947 2374 3986 rum
2388 3939 2695 4001 excerptum
2711 3932 3027 4000 protulimus
3040 3934 3105 3987 ad
3121 3936 3436 3991 Sermonem
3450 3936 3834 4008 Ratnperti(p);

2257 4023 2622 4080 cathedralem
2678 4038 2842 4093 porro
2894 4024 2955 4080 S.
2990 4025 3217 4079 Andretc
3246 4027 3532 4084 ecclesiam
3570 4038 3839 4084 memorat

2258 4113 2541 4170 Malvetius
2569 4111 2769 4169 Chron.
2804 4115 2935 4170 dist.
2961 4116 3031 4181 5,
3072 4130 3122 4169 c.
3152 4116 3255 4183 11,
3305 4124 3360 4171 et
3388 4116 3517 4171 dist.
3565 4116 3631 4184 4,
3678 4132 3728 4171 c.
3778 4119 3836 4183 5,

2260 4222 2370 4277 quo
2415 4222 2483 4261 ex
2532 4207 2651 4263 loco
2680 4222 2891 4263 sacrum
2938 4207 3214 4262 Philastrii
3246 4222 3442 4278 corpus
3471 4217 3583 4264 tum
3605 4209 3839 4278 primum

2259 4298 2577 4352 translatum
2635 4299 2801 4354 fuisse
2830 4314 2860 4353 a
2889 4297 3183 4370 Ramperto
3203 4340 3227 4367 ,,
3265 4299 3502 4354 Brixiani
3547 4295 3840 4369 Scriptores

2262 4396 2545 4443 testantur.
2581 4390 2753 4445 Verba
2777 4390 3096 4446 Florentinii
3124 4390 3241 4446 haec
3276 4399 3403 4446 sunt
3429 4390 3541 4461 (q):
3573 4390 3704 4461 Ejus
3725 4408 3842 4446 cor-

2263 4495 2360 4548 pus
2387 4478 2522 4532 anno
2544 4479 2647 4534 858
2677 4495 2711 4532 v
2740 4481 2855 4533 idus
2884 4482 3099 4552 Aprilis,
3132 4501 3165 4537 a
3211 4483 3273 4539 S.
3298 4484 3518 4539 Δηώ-σω
3542 4493 3689 4538 antro
3714 4484 3838 4539 abs-

589 4562 765 4619 lastrii
812 4560 1125 4614 memoriam
1172 4556 1421 4611 recolunt
1485 4557 1944 4627 Martyrologium.
1968 4559 2163 4614 Roma-
2187 4575 2241 4636 Ῑ)
2265 4578 2430 4633 truso,
2462 4570 2548 4623 ubi
2566 4572 2866 4640 quingentos
2895 4574 3243 4640 ferme‘annos
3272 4577 3526 4643 latuerat,
3576 4593 3679 4630 una
3720 4593 3840 4631 cum

590 4670 742 4717 num,
774 4650 1107 4720 Mattrolycus
1130 4688 1149 4715 ,ν
1194 4645 1504 4702 Galesinius
1525 4687 1539 4710 ,
1592 4647 1789 4716 aliique
1827 4651 2161 4706 recentiores

2269 4661 2383 4724 eius
2406 4658 2535 4727 pedo
2564 4660 2759 4729 ligneo,
2788 4662 2842 4715 in
2862 4662 3152 4717 cathedrale
3176 4666 3418 4731 templum
3447 4667 3837 4731 hiemaleillud,

499 4758 503 4764 '
590 4743 957 4817 Martyrologi.
1008 4741 1144 4795 Male
1194 4738 1597 4793 Nomenclatura
1646 4738 1925 4793 Auctorum
1976 4740 2168 4813 Cangii
2276 4748 2360 4802 cui
2406 4753 2581 4818 postea
2625 4752 3040 4820 supera’diﬁcata
3085 4764 3162 4807 est
3203 4755 3416 4808 ecclesia
3441 4755 3837 4824 quasBO'wnoA

589 4835 863 4891 Glossario
883 4830 1190 4901 pmposita,
1216 4828 1489 4883 Philastrii
1505 4829 1708 4882 obitum
1742 4829 1915 4898 primo
1944 4830 2167 4900 Augusti
2263 4839 2418 4907 vulgo
2448 4837 2657 4911 dicitur,
2689 4841 2998 4895 translatum
3018 4852 3111 4897 est.
3162 4844 3311 4898 Alias
3340 4844 3609 4901 Philastrii
3634 4846 3836 4901 Trans-

592 4924 863 4993 assignat;
894 4934 1017 4974 cum
1046 4919 1247 4988 alioqui
1296 4933 1495 4997 annum
1545 4919 1895 4974 emortualem
1926 4920 2032 4975 387
2058 4938 2166 4977 una
2263 4928 2497 4982 lationes
2521 4939 2740 4984 enarrat
2777 4931 2920 4986 idem
2950 4932 3194 5001 Cuperns
3222 4937 3505 4991 memorati
3535 4936 3837 4994 Commen-A

595 5031 718 5071 cum
738 5011 954 5069 caeteris
978 5018 1197 5065 statuat.
1226 5010 1295 5080 .In
1338 5009 1722 5080 Martyrologio
1751 5010 2036 5066 Alexandri
2070 5014 2172 5069 l‘e-
2264 5018 2386 5072 tarii
2412 5019 2479 5073 de
2506 5019 2564 5074 S.
2600 5008 2891 5076 Philastrio
2920 5021 2947 5091 ᾗ
2988 5022 3055 5088 2,
3103 5040 3158 5077 n.
3189 5024 3257 5079 16
3299 5024 3371 5096 (r)
3394 5067 3408 5091 ,
3432 5028 3683 5097 quoniam
3707 5043 3838 5085 vero

590 5104 793 5175 rcgrini
816 5102 905 5159 die
935 5101 1001 5156 18
1027 5100 1153 5156 Julii
1183 5101 1248 5157 de
1267 5101 1557 5156 Philastrio
1579 5100 1695 5156 haec
1718 5102 2001 5172 leguntur:
2035 5105 2169 5161 Civi-
2262 5109 2425 5179 lignei
2454 5102 2661 5179 baculi,
2706 5128 2801 5168 seu
2830 5114 2949 5183 pedi
2974 5116 3117 5185 quod
3140 5132 3240 5172 una
3267 5131 3390 5173 cum
3414 5118 3684 5178 Philastrii
3719 5137 3841 5179 cor-

663 5217 742 5303 ςᾳ)
774 5216 932 5303 Eat“;
2446 5224 2715 5303 Serdee
2738 5226 2949 5285 Transi.
2970 5231 3261 5299 Philastrii,
3288 5248 3341 5303 p.
3373 5234 3501 5291 591.

687 5282 738 5363 b)
774 5284 934 5363 ξηεΐ.
957 5284 1032 5363 ad
1059 5283 1438 5363 Gaudentium,
1464 5300 1516 5336 n.
1540 5282 1595 5335 4.
2458 5293 2586 5363 Pag.
2613 5295 2739 5350 589.

687 5281 733 5342 θ’
774 5284 934 5341 Praef.
964 5284 1032 5337 ad
1059 5283 1438 5346 Gaudentium,
1464 5300 1516 5336 n.
1540 5282 1595 5335 4.

660 5281 709 5428 lc
774 5355 926 5411 Tom.
955 5353 1030 5418 ll,
1062 5370 1115 5421 p.
1144 5352 1271 5405 211.

776 5423 1154 5563 θὲἒξίέὸξρυά
1178 5420 1631 5478 Bartholomaeum
1656 5425 1975 5499 Fontanam,
2000 5431 2148 5487 1614.

2340 5281 2415 5361 (Ii)
2458 5293 2586 5363 Pag.
2613 5295 2739 5350 589.
2794 5281 2797 5282 ⁷
2970 5281 2991 5286 ⁷
3290 5281 3340 5303 ⁷⁷
3375 5281 3501 5291 ””
3636 5342 3637 5345 γ
3718 5352 3724 5357 .

2338 5362 2403 5433 (ι)
2441 5362 2595 5418 Tom.
2628 5365 2704 5429 ll,
2733 5381 2785 5435 p.
2816 5366 2922 5445 559
2943 5410 2963 5434 ,.
2990 5372 3123 5428 edit.
3155 5372 3410 5428 Romanae
3440 5375 3599 5431 1758.

2333 5432 2428 5566 81))
2455 5433 2931 5562 ὅξὲτὶξνῗῶἰῗοηι.
2956 5440 2991 5495 9
3014 5482 3030 5508 ,
3054 5446 3212 5514 Aug.,
3241 5442 3309 5497 24
3332 5443 3495 5514 Aug.,
3512 5445 3582 5501 28
3596 5445 3724 5503 Nov.

680 5420 739 5566 (ἐξ
777 5425 991 5487 Brixiae,
1016 5420 1154 5493 apud
1178 5420 1631 5478 Bartholomaeum
1656 5425 1975 5499 Fontanam,
2000 5431 2157 5487 1614.
2333 5420 2428 5573 £5.)
2468 5420 2749 5514 Manyrdl:
2777 5420 3728 5514 Βὸῆ,9.,-Ᾰὺἑ..,.ἕῖλνᾶ8.ΕἷΝον.

685 5514 709 5573 ς
770 5494 1031 5573 Eas-'99.-
2360 5502 2414 5573 η)
2449 5503 2549 5573 Dte
2582 5505 2647 5562 18
2666 5505 2815 5560 Julii.

776 5496 901 5574 με·
921 5494 1031 5574 ’ἓΡί
1962 5494 1970 5499 ’

2334 5494 2421 5574 (ny
2447 5503 2549 5574 pie
2582 5494 2647 5562 t's
2666 5505 2815 5560 Julii.

2357 5572 2411 5647 o)_
2445 5572 2601 5647 'l‘_om.
2629 5576 2695 5630 IV
2717 5576 2846 5631 Julii
2876 5580 3071 5647 p.587.

2360 5641 2418 5775 ρ)
2453 5643 2575 5699 Not.
2609 5647 2675 5700 ad
2700 5641 3048 5731 Rampertum
3081 5668 3131 5733 ρ.
3153 5654 3276 5735 588.

2360 5728 2388 5775 q
2450 5712 2611 5769 Index
2634 5716 2888 5770 Cbronol.
2922 5735 2974 5772 tn
2997 5720 3276 5775 Philastrio

2336 5712 2409 5781 (ᾳ)
2450 5712 2611 5769 Index
2634 5712 2888 5770 Cbronol.
2922 5719 2974 5772 in
2997 5712 3305 5779 Philastrio.

2338 5779 2409 5851 (r)
2447 5781 2601 5839 Tom.
2630 5784 2697 5840 IV
2718 5785 2869 5853 Julii,
2896 5799 2952 5856 p.
2972 5790 3096 5845 587.

685 5514 709 5549 e

654 5570 733 5754 iii
766 5563 894 5754 Ξῖιῗί
1197 5631 1594 5754 adiuuet
1625 5635 1691 5691 θα
1721 5653 1842 5723 ειη»
1862 5640 2151 5699 wo-

654 5700 733 5773 (ἦ)
768 5700 892 5756 Not.
918 5700 984 5754 ad
1014 5715 1171 5771 capp.
1197 5702 1266 5756 85
1292 5712 1349 5757 et
1374 5702 1525 5772 106._
1788 5700 1825 5723 ”

663 5771 727 5846 (ί)
768 5770 892 5839 Pag.
921 5770 1045 5825 574.
