3922 6424
123 379 248 437 1075

1255 376 1315 431 Ρ.
1354 374 1704 435 GALEARDI
1745 376 2132 435 PR/EFATIO.

3204 388 3229 442 1
3238 387 3341 445 οτι

118 505 240 561 pore
257 488 529 545 inventum
554 494 670 553 est,
695 486 900 542 mentio
917 486 1129 569 incidit,
1162 502 1268 543 non
1296 487 1527 543 alienum
1551 497 1678 556 puto
1704 493 1759 552 Α
1782 496 1839 545 ut
1858 505 1975 545 eam
1998 489 2501 561 lnterpretationem
2529 492 2821 552 Pbilastrio
2860 499 3191 566 tribuerent;
3215 502 3344 570 quin

119 583 211 637 hoc
240 582 355 635 loco
407 588 671 633 annotare
726 578 974 634 baculum
1026 579 1170 641 hunc
1221 594 1343 635 esse
1390 579 1667 651 ligneum,

117 680 262 739 atque
286 669 336 723 in
359 670 593 733 vertice,
616 668 700 723 vel
723 658 1038 724 summitate
1072 683 1397 735 recurvum;
1450 668 1671 738 ejusque

118 761 317 817 schema
345 760 591 815 eamdem
616 759 840 830 figuram
869 760 1273 831 referre,quam
1301 758 1671 815 exCasinensi

118 856 226 910 cod.
253 854 535 911 delineavit
582 853 1010 909 Montfauconius
1035 856 1203 910 Diarii
1234 854 1404 909 ltalici
1444 870 1497 924 p.
1544 853 1668 909 525.

121 947 355 1003 Baculum
386 947 713 1016 pastoralem
761 947 823 1001 Ι).
858 947 1180 1017 Augustini,
1226 961 1331 1001 una
1385 961 1508 1002 cum
1555 946 1672 1015 ejus

117 1053 325 1109 corpore
350 1053 417 1093 ex
448 1038 632 1107 Africa
661 1038 715 1094 iu
744 1038 1047 1095 Sardiniam
1076 1043 1394 1095 translatum
1421 1081 1435 1106 ,
1470 1054 1674 1094 memo-

119 1138 192 1184 rat
217 1129 475 1184 Baronius
498 1143 590 1184 an.
616 1127 721 1185 504
749 1130 852 1200 (a),
882 1144 949 1185 ex
976 1144 1083 1199 quo
1110 1138 1334 1199 apparet
1363 1129 1669 1199 huiusmodi

117 1219 327 1290 κοιμὴλια
372 1233 477 1273 una
505 1232 627 1273 cum
656 1219 1034 1287 episcoporum
1072 1219 1393 1288 corporibus
1424 1219 1675 1273 tumuluri

116 1310 294 1374 solita;
325 1298 579 1378 idemque
606 1309 786 1379 prodit
820 1308 1079 1377 Ugliellus
1107 1309 1159 1362 in
1188 1306 1674 1363 Mediolaneusibus

114 1399 658 1471 archiepiscopis-(li),
687 1401 776 1455 ubi
825 1415 890 1455 ex
939 1400 1205 1456 Puricello
1253 1408 1436 1455 narrat
1476 1413 1675 1468 corpus

115 1491 335 1546 Anselmi
362 1490 788 1560 archiepiscopi,
812 1489 903 1559 qui
931 1490 1065 1545 vixit
1088 1491 1153 1544 ad
1176 1489 1374 1546 annum
1399 1490 1528 1553 8‘22,
1568 1506 1674 1543 una

115 1597 217 1634 cum
240 1582 345 1651 ejus
364 1579 550 1635 baculo
576 1581 746 1651 ligneo
766 1622 781 1646 ,
809 1581 876 1635 ad
902 1582 1043 1636 latus
1071 1581 1341 1647 dextrum,
1370 1581 1675 1651 aunuloque

116 1688 175 1727 ex
200 1680 418 1742 argento
447 1683 750 1741 gemmato,
799 1682 855 1727 et
892 1681 1114 1740 aurato,
1162 1672 1328 1728 fuisse
1374 1674 1672 1731 inventum.

115 1765 252 1819 Diem
274 1763 448 1819 obitus
476 1763 754 1818 Pbilastrii
779 1763 1075 1819 solemnem
1099 1765 1226 1819 olim
1249 1764 1517 1818 Brixianis
1544 1763 1676 1816 civi-

1771 580 1948 648 potius
1978 589 2109 634 tom.
2141 580 2185 635 ll
2226 580 2573 639 Bibliotheca:
2624 584 2726 639 PP.
2761 600 2880 656 pag.
2910 587 2981 642 l6
3002 629 3017 654 ,
3042 589 3130 644 ubi
3151 589 3341 645 Latina
3440 582 3443 584 ’

1772 670 1860 725 illa
1881 671 2255 741 Interpretatio
2295 674 2486 727 iterum
2514 674 2654 729 edita
2686 687 2797 743 est,
2845 693 3011 747 pauca
3041 681 3156 735 haec
3205 696 3344 751 prse-

1774 761 2083 833 mittuntur,
2121 780 2241 834 quae
2278 780 2393 821 rem
2443 781 2657 821 omnem
2698 769 2752 821 in
2810 778 2997 838 aperto
3021 772 3292 827 collocant
3324 790 3339 825 :

1773 850 1898 907 Cum
1933 854 1987 907 in
2032 852 2303 909 Philastrii
2329 857 2555 929 episwpi
2600 857 2885 915 Brixiensis
2910 863 3146 917 uolumen
3190 879 3288 915 ms.
3319 880 3348 915 e

1775 944 2065 999 Corbeiensi
2085 950 2388 1002 monasterio
2408 950 2665 1004 incidisset
2695 953 2970 1019 aliquando
2994 952 3060 1007 Β.
3093 951 3159 1007 Ρ.
3195 953 3346 1026 Hugo

1776 1034 2075 1099 Menardus,
2103 1035 2286 1088 ibidem
2310 1038 2539 1105 proxime
2568 1048 2681 1109 post
2711 1040 3005 1108 Epistolam
3025 1040 3349 1096 Tertulliani

1774 1125 1838 1177 de
1864 1125 1988 1177 cibis
2006 1123 2239 1180 Judaicis
2256 1166 2270 1191 ,
2292 1126 2551 1182 Barnabas
2580 1130 2781 1185 nomine
2809 1127 3103 1203 ins'ignitam
3132 1130 3345 1201 Episto-

1776 1217 1904 1283 lam,
1938 1233 2039 1270 una
2064 1233 2177 1271 cum
2205 1217 2391 1272 Jacobi
2414 1218 2656 1286 Apostoli
2699 1220 2945 1289 Epistola
2998 1222 3346 1292 deprehendit.

1775 1308 1956 1378 Itaque
1983 1310 2034 1363 in
2060 1324 2125 1364 eo
2147 1310 2269 1364 cod.
2299 1311 2449 1379 plura
2467 1310 2734 1380 Opuscula
2785 1314 3121 1369 diversorum
3152 1319 3353 1371 Aucto—

1778 1412 1893 1451 rum
1941 1398 2101 1452 simul
2157 1399 2381 1454 collecta
2430 1402 2744 1467 exstabant;
2797 1419 3020 1473 quorum
3075 1406 3345 1475 primum,

1778 1503 1973 1556 nempe
2023 1489 2159 1544 liber
2197 1491 2260 1543 de
2301 1490 2592 1545 Hseresibus
2636 1509 2757 1547 cum
2829 1494 3104 1550 Pbilastrii
3156 1513 3353 1552 nomen

1778 1577 2098 1647 przel‘erret,
2126 1578 2285 1635 facile
2316 1581 2489 1635 eidem
2519 1582 2806 1637 Pbilastrio
2845 1586 3005 1639 etiam
3036 1585 3223 1641 Latina
3263 1588 3353 1642 illa

1779 1668 2160 1739 [interpretatio
2184 1687 2302 1741 qua:
2334 1673 2571 1728 auctoris
2601 1677 2817 1730 nomine
2846 1676 3075 1733 fortasse
3104 1680 3351 1747 carebat,

1781 1759 1979 1812 tributa
2006 1769 2115 1824 est;
2146 1775 2328 1815 verum
2348 1762 2416 1817 de
2439 1763 2541 1817 hoc
2565 1764 2701 1817 infra
2722 1805 2736 1829 ,
2774 1780 2893 1819 cum
2942 1767 3097 1821 nobis
3120 1770 3188 1823 de
3225 1768 3360 1824 Cor-

115 1855 204 1908 bus
257 1855 418 1909 fuisse
438 1894 455 1920 ,
517 1855 810 1910 ostendunt
864 1856 1171 1912 testimonia
1234 1855 1551 1919 Gaudentii.
1610 1870 1673 1909 ac
1704 1858 1750 1916 B
1777 1850 2092 1905 beiensims.
2122 1854 2449 1907 exinstituto
2473 1854 2795 1923 loquendum
2818 1857 2918 1909 erit
2950 1856 3047 1927 (g).
3068 1857 3354 1913 Menardus

114 1946 414 2016 Ramperti,
471 1961 696 2017 quorum
746 1948 894 2016 prior
925 1947 998 2017 (c)
1041 1946 1424 2016 quatuordecim
1446 1950 1561 2019 jam
1587 1962 1678 2017 per

114 2052 266 2090 annos
289 2037 625 2090 solemnitatis
650 2036 806 2107 hujus
832 2038 1024 2092 cultum
1070 2053 1129 2093 se
1175 2053 1463 2094 renovasse
1514 2037 1676 2103 dicit;

114 2127 241 2181 alter
268 2141 393 2181 vero
415 2126 703 2181 Brixianos
742 2128 1028 2199 episcopos
1064 2128 1339 2184 Pliilastrii
1394 2144 1679 2184 successo-

115 2229 199 2269 res
243 2213 344 2286 (ά),
392 2215 530 2270 diem
572 2218 814 2270 transitus
844 2221 956 2287 ejus
986 2228 1316 2285 venerantes,
1366 2228 1680 2275 reverenter

117 2304 437 2372 bonorasse,
469 2305 535 2359 ab
561 2308 698 2360 omni
728 2317 927 2362 terreno
957 2324 1109 2379 apere
1154 2307 1473 2365 Brixiensem
1512 2327 1679 2379 popu-

117 2396 216 2448 lum
230 2395 484 2452 abstinere
501 2399 736 2469 jubentes
761 2416 779 2451 :
809 2414 997 2454 verum
1020 2399 1195 2454 cultus
1222 2400 1526 2469 hujusmodi
1541 2402 1681 2470 jam-

115 2483 311 2552 pridem
342 2486 643 2552 obsolevit;
684 2488 793 2542 imo
837 2488 1021 2542 titulus
1042 2504 1254 2558 quoque
1290 2489 1539 2557 patroni,
1586 2492 1678 2559 qui

118 2584 219 2627 tum
247 2574 536 2630 Pbilastrio
561 2617 577 2642 ,
608 2584 717 2631 tum
760 2576 1048 2647 Apollonio
1077 2578 1276 2633 dudum
1334 2578 1492 2635 tribui
1525 2580 1669 2634 sole-

121 2665 209 2720 bat
233 2664 325 2737 (e),
353 2666 547 2723 iisdem
570 2668 762 2723 ascribi
784 2667 978 2723 desivit
1001 2684 1015 2722 :

201 2798 407 2851 Tantum
427 2803 520 2853 svi
543 2801 802 2867 longinqua
823 2801 955 2854 valet
973 2811 1163 2854 mutare
1186 2808 1421 2854 vetustas.

185 2944 271 3001 l5.
310 2946 514 3002 Praeter
537 2946 729 3002 librum
771 2948 834 3001 de
854 2947 1145 3003 Haresibus
1162 2964 1191 3003 a
1209 2947 1500 3004 Pbilastrio
1526 2964 1685 3005 cons-

121 3035 376 3103 criptum,
411 3038 670 3093 nonnulla
694 3038 802 3093 alia
831 3038 1005 3093 eidem
1036 3040 1365 3105 tribuuntur,
1407 3055 1524 3110 quas
1552 3040 1680 3094 Plii-
1728 3068 1735 3072 -

120 3123 351 3181 lastrium
381 3137 659 3184 auctorem
691 3129 912 3184 minime
933 3140 1261 3199 agnoscunt;
1305 3145 1501 3201 nempe
1527 3140 1683 3186 vetus

1780 1950 1927 1995 certe
1948 1942 2037 2010 qui
2058 1942 2440 1997 Corbeiensem
2462 1944 2583 1998 cod.
2614 1947 2991 2011 contrectavit,
3022 1954 3181 2015 atque
3204 1962 3268 2001 ex
3291 1963 3357 2002 eo

1781 2034 2024 2089 Latinam
2076 2036 2220 2089 illam
2276 2035 2781 2105 lnterpretationem
2813 2038 3111 2106 desumpsit
3150 2039 3349 2107 (nam,

1779 2124 1969 2178 eodem
1993 2124 2358 2194 Papebrochio
2376 2135 2627 2180 narrante
2668 2126 2773 2197 (ἡ),
2804 2125 3049 2182 Graecum
3084 2130 3357 2197 exemplar

1781 2214 1967 2268 habuit
1997 2230 2063 2269 ex
2090 2214 2303 2270 scltedis
2325 2215 2632 2286 Turriani),
2676 2216 2765 2269 ubi
2813 2216 2865 2270 in
2895 2215 3211 2273 Corbeiensi
3252 2234 3353 2273 ms.

1780 2308 2083 2362 versionem
2106 2308 2254 2362 illam
2280 2308 2553 2363 Philastrii
2596 2309 2814 2362 nomine
2844 2309 3067 2364 vidisset
3094 2319 3359 2380 praenota-

1783 2408 1921 2463 tam,
1962 2399 2182 2453 minime
2232 2399 2335 2454 hoc
2365 2390 2523 2454 silere
2573 2400 2867 2454 debuisset.
2918 2400 3201 2455 Pbilastrio
3228 2401 3354 2456 item

1780 2487 2121 2566 ascribuntur
2141 2488 2267 2541 Acta
2295 2486 2402 2542 SS.
2438 2486 2708 2553 Faustini,
2736 2498 2783 2542 et
2810 2486 3025 2555 levitas,
3071 2504 3135 2544 ex
3165 2491 3356 2560 quibus

1782 2594 1967 2634 eorum
1998 2579 2173 2633 Vitam
2222 2579 2459 2635 edidisse
2510 2579 2793 2647 proﬁtetur
2821 2579 3056 2636 Iacobus
3101 2581 3352 2647 Biccius,

1781 2669 1876 2736 qui
1904 2683 2022 2722 eam
2049 2668 2187 2738 typis
2226 2667 2622 2737 vulgavitanno
2654 2666 2826 2733 1511,
2869 2667 3141 2723 referente
3188 2670 3356 2724 Asca-

1782 2758 1873 2814 nio
1904 2757 2241 2828 Martiuengo
2265 2753 2323 2811 in
2346 2756 2618 2813 Prommio
2633 2757 2771 2813 Vitae
2787 2757 3098 2812 eorumdem
3116 2757 3260 2813 SS.a
3290 2773 3351 2814 se

1782 2850 1964 2906 ltalice
1977 2851 2136 2905 editae
2165 2850 2357 2905 Brixia:
2379 2865 2520 2905 anno
2546 2850 2713 2918 1602,
2737 2866 2922 2906 verum
2951 2866 3017 2905 an
3049 2850 3357 2921 hujusmodi

1781 2943 1909 2996 Acta
1930 2958 2055 2997 vere
2082 2942 2347 2995 Pliilastrii
2374 2942 2511 3006 sint,
2530 2941 2653 3011 jure
2676 2941 2880 2996 dubitat
2899 2941 3042 2997 idem
3064 2941 3360 2997 Martinen-

1781 3052 1877 3106 gus
1898 3053 1912 3101 ;
1937 3035 2099 3106 idque
2127 3035 2300 3089 innuit
2322 3035 2483 3089 etiam
2521 3034 2897 3089 Henschenius
2928 3032 3024 3104 (i),
3072 3047 3138 3089 eo
3157 3033 3300 3103 quod
3328 3048 3360 3088 a

1780 3127 1919 3184 libro
1948 3127 2012 3181 de
2048 3125 2341 3182 Iliensibus
2370 3127 2510 3196 stylo
2546 3141 2610 3180 ac
2640 3126 2799 3180 modo
2841 3126 3111 3182 scribendi
3140 3140 3358 3196 prorsus

120 3214 297 3271 Latina
324 3217 576 3287 Episton
604 3218 667 3274 S.
689 3217 942 3274 Barnabas
962 3219 1346 3291 Interpretatio,
1369 3235 1525 3290 quam
1553 3218 1680 3274 Pbi-
1705 3217 1748 3279 C
1780 3219 2050 3275 differant.
2074 3217 2184 3272 Nos
2212 3219 2337 3271 Acta
2358 3216 2621 3286 ejusmodi
2642 3216 2930 3271 Pbilastrio
2955 3216 3188 3272 libenter
3211 3217 3362 3286 abju-

116 3305 295 3361 lastrio
313 3308 538 3362 ascribit
562 3308 963 3378 Papebrocbius
984 3311 1037 3364 in
1064 3312 1213 3365 Actis
1230 3311 1327 3367 SS.
1356 3311 1523 3377 Junii,
1548 3319 1677 3365 tom.

117 3397 189 3461 ll,
216 3412 266 3466 p.
290 3398 419 3467 457,
462 3407 519 3454 et
558 3400 928 3467 Papebrochio
969 3403 1126 3469 vade,
1164 3402 1443 3458 Fabricius
1471 3389 1682 3473 quoqbe

116 3485 166 3538 in
217 3486 541 3553 Rrasl'atione
590 3488 656 3541 ad
695 3487 1041 3543 Philastrium
1069 3530 1085 3553 ,
1143 3506 1262 3560 qua:
1291 3491 1680 3561 Hamburgensi

116 3575 329 3631 editioni
384 3578 602 3648 prteﬁxa
649 3590 770 3645 est,
821 3589 982 3650 atque
1004 3581 1227 3635 editioni
1270 3580 1393 3636 huic
1417 3582 1682 3636 Brixianas

115 3670 283 3725 denuo
312 3672 666 3743 prmpouitur.
726 3672 1018 3728 Prolitetur
1057 3683 1235 3728 autem
1280 3673 1683 3749 Papebrocliius

115 3758 609 3828 loterpretationetn
656 3760 797 3816 illam
843 3776 903 3816 se
951 3762 1051 3816 ltoc
1103 3764 1399 3831 prmsertint
1461 3762 1679 3818 nomine

114 3850 284 3919 magni
310 3850 516 3917 facere,
539 3852 687 3922 ‘quod
712 3852 1054 3939 Pbilastrittm
1086 3862 1358 3909 auctorem
1390 3852 1678 3923 prtelerat:

113 3948 274 4007 estque
300 3958 359 3994 ea
390 3942 409 4009 (
432 3942 595 3997 verba
636 3952 762 3997 sunt
810 3944 877 3996 Pa
888 3942 1195 4015 pebl'ocltii)
1224 3954 1362 3998 tanto
1382 3945 1685 3999 aestimanda

112 4031 289 4097 pluris,
320 4032 535 4102 quodin
562 4034 717 4087 ueteri
744 4050 840 4087 ms.
890 4034 1191 4088 Corbeiense
1214 4037 1517 4103 reperiatur,
1548 4045 1680 4088 tam-

111 4136 256 4185 quam
280 4119 464 4175 Latine
486 4122 686 4176 reddita
706 4126 736 4175 tt
768 4123 827 4178 S.
851 4121 1193 4191 Philostorgio
1210 4122 1355 4189 (lege
1376 4119 1680 4187 Philastrio)

112 4208 365 4265 Brixiensi
387 4214 648 4283 episcopo.
683 4213 870 4267 Hausit
898 4212 1000 4267 hoc
1028 4211 1258 4264 fortasse
1283 4209 1682 4278 Papebrochius

110 4316 137 4353 a
160 4301 471 4358 Puccinello
502 4306 552 4357 in
583 4303 702 4357 Vita
729 4303 785 4358 S.
815 4302 1070 4355 Barnaba:
1096 4301 1189 4353 lib.
1216 4316 1283 4367 tt,
1314 4315 1433 4369 pag.
1466 4298 1556 4365 69,
1586 4300 1681 4354 sed

112 4394 241 4447 mira
286 4409 514 4464 prorsus
569 4395 621 4447 in
667 4408 733 4448 eo
784 4390 883 4445 fuit
926 4405 1259 4445 summorum
1286 4391 1545 4456 virorum,
1572 4399 1679 4443 tum

112 4486 462 4554 Papebrocltii
492 4487 659 4555 ipsius
689 4525 705 4549 ,
764 4493 876 4538 tum
919 4483 1145 4539 Fabricii
1168 4484 1330 4538 etiam
1381 4482 1678 4537 hallucina-

1781 3309 2051 3372 dicamus;
2085 3306 2240 3361 sicuti
2272 3308 2431 3359 ctiam
2454 3305 2645 3376 Aphrar
2671 3304 3004 3371 Passionem,
3036 3321 3193 3375 quam
3228 3305 3357 3359 Phi-

1736 3400 1739 3401 ⁷
1780 3397 2161 3451 lastriotribuit
2176 3394 2432 3464 Ugbellus
2448 3396 2500 3448 in
2518 3395 2791 3451 Procemio
2812 3397 2877 3450 ad
2892 3395 3199 3450 Brixienses
3220 3396 3362 3465 epis-

1780 3504 1941 3557 copos
1971 3487 2068 3557 (j);
2097 3487 2148 3540 id
2185 3498 2364 3542 autem
2388 3487 2645 3557 Ugltellus
2674 3500 2958 3556 acceperat
2987 3504 3019 3543 a
3047 3488 3320 3544 Galesinio
3342 3530 3356 3553 ,

1780 3579 1871 3649 qui
1901 3578 2095 3645 Apltrre
2120 3576 2397 3631 historiam
2421 3592 2450 3629 a
2477 3576 2737 3630 Faustino
2758 3586 2813 3631 et
2836 3577 3121 3631 Pbilastrio
3150 3579 3360 3647 episco-

1781 3669 1865 3737 pis
1888 3667 2081 3721 Brixia:
2096 3666 2457 3734 conscriptam
2474 3680 2595 3720 esse
2619 3665 2797 3735 prodit
2815 3665 2995 3720 Nutat.
3026 3666 3093 3719 ad
3121 3666 3191 3720 ΞΑ
3214 3668 3358 3721 Maii.

1782 3759 1839 3814 Si
1870 3759 1989 3827 quis
2046 3771 2204 3826 porro
2238 3756 2523 3811 Pbilastrio
2549 3758 2849 3812 ascriberet
2879 3758 3184 3828 Symbolum
3213 3762 3357 3829 quod

1782 3851 1944 3921 vulgo
1970 3850 2164 3903 dicitur
2188 3850 2485 3916 Athanasii,
2516 3849 2772 3918 cujusque
2798 3848 3061 3919 Expositio
3074 3845 3361 3920 aliquando

1784 3942 2085 3997 Gaudentio
2111 3942 2273 3995 etiam
2301 3951 2489 3995 nostro
2521 3942 2719 3996 tributa
2747 3942 2989 4007 fuit,non
3011 3944 3102 3997 ille
3130 3943 3356 3997 lorsitan

1783 4034 2002 4087 omnino
2054 4032 2392 4101 improbabili
2438 4032 2727 4087 duceretur
2771 4034 3110 4100 conjectura;
3164 4049 3351 4089 occur-

1785 4108 1911 4178 runt
1932 4124 2072 4177 enim
2096 4122 2294 4191 saepius
2322 4122 2372 4175 in
2392 4122 2681 4176 Pbilastrio
2707 4123 2846 4176 illius
2867 4123 3105 4194 Symboli
3138 4136 3356 4181 senten-

1784 4214 1869 4267 tia:
1901 4228 2007 4266 non
2029 4213 2229 4276 solum,
2265 4212 2356 4265 sed
2385 4213 2545 4265 etiam
2570 4212 2730 4265 verba
2762 4214 2909 4281 ipsa;
2969 4230 3087 4267 nam
3118 4215 3231 4272 ibi:
3262 4217 3356 4271 Est

1783 4321 1901 4374 ergo
1930 4303 2085 4357 Fides
2106 4313 2262 4366 recta,
2288 4312 2341 4356 ut
2362 4304 2626 4357 credamus
2646 4313 2694 4357 et
2724 4305 3078 4373 conﬁteamur,
3106 4308 3225 4374 quia
3246 4307 3355 4363 Do-

1782 4397 1952 4450 minus
1974 4406 2143 4449 noster
2166 4392 2318 4448 Jesus
2368 4394 2601 4448 Christus
2632 4436 2646 4457 ,
2698 4394 2837 4449 Deus
2865 4406 2938 4449 est
2966 4414 3027 4450 ea:
3070 4400 3357 4454 substantia

1784 4485 1958 4539 Patris
1978 4497 2093 4539 ante
2119 4488 2304 4541 stecula
2331 4487 2565 4557 genitus;
2594 4486 2909 4543 Pbilastritts
2921 4503 3050 4543 vero
3082 4489 3184 4560 (Is):
3220 4489 3359 4561 Ergo

110 4576 175 4627 tio
204 4575 299 4647 (ης
333 4591 461 4630 cum
488 4575 632 4630 enim
662 4574 715 4628 in
742 4590 843 4629 ms.
871 4574 964 4628 illo
982 4572 1293 4628 Corbeiensi
1316 4613 1329 4637 ,
1350 4572 1504 4641 cujus
1533 4580 1675 4626 uter—
1702 4569 1754 4628 D
1779 4586 1990 4641 rectum,
2022 4587 2066 4629 et
2090 4573 2242 4629 Fidei
2263 4576 2639 4644 ﬁrmamentum
2666 4577 2967 4642 ostenditur,
2995 4590 3048 4630 ut
3074 4588 3120 4630 et
3134 4582 3359 4648 genitum

109 4680 205 4731 que
236 4666 510 4731 meminit,
533 4665 933 4735 prmterlibrum
964 4662 1239 4717 Pliilastrii
1270 4664 1333 4716 de
1362 4662 1678 4727 llwresibus,

110 4756 485 4812 contineretur
533 4756 721 4812 Latina
753 4754 1001 4825 Epistola:
1026 4754 1088 4809 S.
1133 4752 1386 4808 Barnabas
1415 4752 1680 4824 Interpre-

110 4852 258 4916 tatio,
316 4849 755 4918 baberenturque
794 4848 896 4901 alia
935 4847 1095 4901 etiam
1126 4846 1419 4910 nonnulla;
1478 4845 1685 4914 putavit

110 4949 351 5012 uterque,
382 4957 445 5005 re
473 4956 578 4995 non
606 4941 735 4995 satis
752 4948 1062 5010 perspecta,
1092 4938 1143 4992 in
1175 4938 1268 4992 illo
1294 4937 1413 4991 cod.
1447 4945 1681 4992 veterem

111 5034 249 5088 illam
295 5032 808 5103 lnterpretationem
863 5035 963 5087 sub
992 5033 1209 5086 nomine
1236 5032 1505 5086 Pbilastrii
1528 5031 1681 5085 exhi-

110 5124 234 5180 beri.
264 5126 474 5181 Verum
504 5140 598 5189 nec
620 5124 894 5187 Menardo,
921 5138 1021 5178 nec
1043 5122 1330 5188 Cotelerio,
1353 5121 1679 5176 doctissimis

109 5215 244 5271 illius
267 5216 523 5287 epistolae
552 5213 849 5270 editoribus
873 5228 1123 5281 umquam
1154 5214 1300 5268 venit
1328 5214 1380 5268 in
1409 5221 1640 5268 mentem
1664 5254 1679 5278 ,

192 5375 245 5450 ᾳ)
273 5374 442 5450 lium.
472 5372 585 5450 ᾗδὲ

195 5438 246 5512 ιή
284 5445 454 5501 Tom.
487 5438 577 5509 IV,
608 5443 713 5499 col.
746 5441 835 5496 78.

177 5510 243 5587 (c)
284 5514 477 5571 Serm.
496 5513 563 5587 de
592 5513 782 5587 Eruet
811 5512 958 5587 obitu
987 5511 1133 5565 beati
1151 5510 1451 5587 Pbilastrii,
1474 5525 1527 5580 p.
1562 5510 1683 5566 574.

176 5581 253 5652 ω’)
293 5587 484 5641 Serm.
511 5584 577 5636 de
598 5582 808 5637 Transl.
832 5581 1104 5652 Philasth,
1129 5595 1183 5649 p.
1208 5581 1333 5635 387.

199 5650 248 5727 e)
288 5656 422 5711 Not.
458 5653 525 5706 ad
549 5652 721 5708 Gaud.
745 5666 797 5721 p.
832 5650 955 5707 574.

176 5658 247 5799 ξι)
284 5724 565 5799 Eumdem
587 5736 827 5778 errorem
845 5734 955 5776 erra

201 5718 247 5801 [ᾗ
284 5724 565 5801 Eumdem
587 5718 827 5778 errorem
845 5721 1041 5776 erravit
1062 5718 1273 5790 lttigius
1299 5719 1433 5774 Hist.
1459 5720 1687 5785 Eccles.,

118 5794 263 5855 Scel]
282 5840 297 5867 ,
321 5809 453 5869 pag.
478 5794 569 5849 ἥδ.

1779 4685 1891 4722 eum
1912 4684 2275 4739 cognoscamus
2304 4668 2367 4719 de
2387 4666 2547 4720 Patre
2566 4669 2800 4737 praprie,
2829 4685 2935 4720 non
2964 4678 3128 4721 tamen
3154 4670 3207 4722 in
3232 4679 3359 4722 tem-

1779 4773 1900 4828 pore
1929 4798 1944 4822 ,
1975 4757 2063 4810 sed
2084 4764 2200 4808 ante
2241 4755 2412 4807 omnia
2431 4756 2639 4807 sazcula.
2688 4754 3095 4809 Nolaveralhoc
3117 4756 3256 4809 idem
3282 4759 3353 4811 cl.

1777 4853 1940 4905 etiam
1969 4847 2243 4903 Fabricius
2265 4846 2330 4899 ad
2359 4845 2449 4898 illa
2490 4844 2759 4923 Philasty‘i
2804 4845 2965 4900 verba
3021 4847 3126 4917 (l):
3172 4847 3355 4914 Qualis

1781 4940 2059 4992 immensus
2089 4948 2162 4991 est
2215 4936 2391 4997 Pater,
2436 4936 2553 4989 talis
2595 4945 2665 4988 est
2704 4946 2746 4990 et
2778 4936 2976 5002 Filius,
3024 4937 3140 4989 talis
3184 4948 3257 4991 est
3307 4948 3357 4991 et

1786 5028 2017 5095 Spiritus
2033 5035 2265 5090 sanctus,
2292 5025 2407 5081 banc
2435 5025 2676 5081 subdens
2706 5044 2717 5077 :
2754 5025 2945 5079 Iisdem
2968 5026 3073 5092 [ere
3102 5026 3266 5078 verbis
3294 5027 3349 5078 in

1787 5118 2032 5188 Symbolo
2076 5118 2212 5184 quod
2274 5132 2510 5171 uocamus
2558 5116 2967 5170 Athanasianum
2996 5132 3014 5168 :
3069 5114 3356 5177 Immensae

1788 5214 1964 5280 Pater,
1994 5216 2273 5269 immensus
2300 5213 2471 5269 Filius
2492 5256 2507 5279 ,
2550 5216 2826 5269 immensus
2851 5210 3079 5285 Spiritus
3128 5222 3355 5268 sanctus.

1882 5378 1938 5494 g3
1972 5370 2130 5494 gum.
2151 5370 2243 5426 20.

2024 5456 2131 5494 om.
2156 5440 2203 5494 ll
2228 5442 2243 5494 ξ

1894 5440 1938 5523 te)
1968 5440 2324 5523 Limn-11$.-
2352 5441 2518 5523 Junii.
2549 5457 2602 5510 ρ-

1888 5512 1932 5649 2';
1968 5511 2121 5565 Tom.
2154 5510 2198 5565 ll
2219 5511 2525 5577 Februarii,
2554 5528 2607 5582 p.
2640 5511 2761 5567 806.

1881 5584 1939 5680 1;"
2144 5581 2243 5680 ξξᾶ
2265 5582 2369 5637 col.
2399 5581 2523 5638 525.
