  <div class='ocr_page' id='page_1' title='image "/cluster/home/n/w/nwhite01/storage/ocr_20150623/12-13/uc1.31175013632818/545.png"; bbox 0 0 3922 6456; ppageno 0'>
   <div class='ocr_carea' id='block_1_1' title="bbox 669 411 806 470">
    <p class='ocr_par' dir='ltr' id='par_1_1' title="bbox 669 411 806 470">
     <span class='ocr_line' id='line_1_1' title="bbox 669 411 806 470; baseline 0.022 -3"><span class='ocrx_word' id='word_1_1' title='bbox 669 411 806 470; x_wconf 72' lang='grc'><strong>1075</strong></span> 
     </span>
    </p>
   </div>
   <div class='ocr_carea' id='block_1_2' title="bbox 1885 411 2697 475">
    <p class='ocr_par' dir='ltr' id='par_1_2' title="bbox 1885 411 2697 475">
     <span class='ocr_line' id='line_1_2' title="bbox 1885 411 2697 475; baseline 0.01 -7"><span class='ocrx_word' id='word_1_2' title='bbox 1885 411 2191 474; x_wconf 76' lang='lat' dir='ltr'><strong>SANCTUS</strong></span> <span class='ocrx_word' id='word_1_3' title='bbox 2228 412 2697 475; x_wconf 73' lang='lat' dir='ltr'><strong>PHILASTRIUS.</strong></span> 
     </span>
    </p>
   </div>
   <div class='ocr_carea' id='block_1_3' title="bbox 3719 388 3907 477">
    <p class='ocr_par' dir='ltr' id='par_1_3' title="bbox 3719 388 3907 477">
     <span class='ocr_line' id='line_1_3' title="bbox 3719 388 3907 477; baseline -0.011 0"><span class='ocrx_word' id='word_1_4' title='bbox 3719 388 3862 477; x_wconf 69' lang='lat' dir='ltr'><strong>ton</strong></span> <span class='ocrx_word' id='word_1_5' title='bbox 3906 396 3907 415; x_wconf 71' lang='lat'>‘</span> 
     </span>
    </p>
   </div>
   <div class='ocr_carea' id='block_1_4' title="bbox 661 491 3865 606">
    <p class='ocr_par' dir='ltr' id='par_1_4' title="bbox 661 491 3865 606">
     <span class='ocr_line' id='line_1_4' title="bbox 661 491 3865 606; baseline 0.002 -25"><span class='ocrx_word' id='word_1_6' title='bbox 661 527 801 581; x_wconf 83' lang='lat' dir='ltr'><strong>Alibi</strong></span> <span class='ocrx_word' id='word_1_7' title='bbox 828 541 1043 598; x_wconf 83' lang='lat' dir='ltr'><strong>quoque</strong></span> <span class='ocrx_word' id='word_1_8' title='bbox 1068 528 1385 586; x_wconf 73' lang='lat' dir='ltr'><strong>Pliilastrins</strong></span> <span class='ocrx_word' id='word_1_9' title='bbox 1405 529 1484 602; x_wconf 78' lang='lat' dir='ltr'><strong>(ti)</strong></span> <span class='ocrx_word' id='word_1_10' title='bbox 1508 526 1636 589; x_wconf 78' lang='lat' dir='ltr'><strong>:Est</strong></span> <span class='ocrx_word' id='word_1_11' title='bbox 1654 544 1769 585; x_wconf 74' lang='lat' dir='ltr'><strong>uera</strong></span> <span class='ocrx_word' id='word_1_12' title='bbox 1789 546 2005 602; x_wconf 76' lang='lat' dir='ltr'><strong>persona</strong></span> <span class='ocrx_word' id='word_1_13' title='bbox 2029 531 2224 597; x_wconf 81' lang='lat' dir='ltr'><strong>Patris,</strong></span> <span class='ocrx_word' id='word_1_14' title='bbox 2254 527 2306 594; x_wconf 76' lang='grc' dir='ltr'><strong>Α</strong></span> <span class='ocrx_word' id='word_1_15' title='bbox 2332 542 2514 603; x_wconf 86' lang='lat' dir='ltr'><strong>aperte</strong></span> <span class='ocrx_word' id='word_1_16' title='bbox 2540 534 2793 604; x_wconf 76' lang='lat' dir='ltr'><strong>loquitur,</strong></span> <span class='ocrx_word' id='word_1_17' title='bbox 2826 543 2879 588; x_wconf 91' lang='lat' dir='ltr'><strong>ut</strong></span> <span class='ocrx_word' id='word_1_18' title='bbox 2905 533 3052 603; x_wconf 88' lang='lat' dir='ltr'><strong>plura</strong></span> <span class='ocrx_word' id='word_1_19' title='bbox 3083 549 3204 604; x_wconf 84' lang='lat' dir='ltr'><strong>qu:e</strong></span> <span class='ocrx_word' id='word_1_20' title='bbox 3236 534 3286 588; x_wconf 91' lang='lat' dir='ltr'><strong>in</strong></span> <span class='ocrx_word' id='word_1_21' title='bbox 3312 491 3597 606; x_wconf 77' lang='lat' dir='ltr'><strong>Symbolo,</strong></span> <span class='ocrx_word' id='word_1_22' title='bbox 3611 533 3740 605; x_wconf 88' lang='lat' dir='ltr'><strong>quod</strong></span> <span class='ocrx_word' id='word_1_23' title='bbox 3766 537 3865 588; x_wconf 87' lang='lat' dir='ltr'><strong>vul-</strong></span> 
     </span>
    </p>
   </div>
   <div class='ocr_carea' id='block_1_5' title="bbox 663 617 2223 692">
    <p class='ocr_par' dir='ltr' id='par_1_5' title="bbox 663 617 2223 692">
     <span class='ocr_line' id='line_1_5' title="bbox 663 617 2223 692; baseline 0.004 -21"><span class='ocrx_word' id='word_1_24' title='bbox 663 626 711 671; x_wconf 88' lang='lat' dir='ltr'><strong>et</strong></span> <span class='ocrx_word' id='word_1_25' title='bbox 741 627 811 672; x_wconf 89' lang='lat' dir='ltr'><strong>est</strong></span> <span class='ocrx_word' id='word_1_26' title='bbox 832 632 946 672; x_wconf 79' lang='lat' dir='ltr'><strong>vera</strong></span> <span class='ocrx_word' id='word_1_27' title='bbox 966 634 1183 686; x_wconf 76' lang='lat' dir='ltr'><strong>persona</strong></span> <span class='ocrx_word' id='word_1_28' title='bbox 1213 617 1371 687; x_wconf 82' lang='lat' dir='ltr'><strong>Filii,</strong></span> <span class='ocrx_word' id='word_1_29' title='bbox 1402 629 1451 675; x_wconf 79' lang='lat' dir='ltr'><strong>et</strong></span> <span class='ocrx_word' id='word_1_30' title='bbox 1476 632 1547 676; x_wconf 76' lang='lat' dir='ltr'><strong>est</strong></span> <span class='ocrx_word' id='word_1_31' title='bbox 1572 638 1690 675; x_wconf 77' lang='lat' dir='ltr'><strong>vera</strong></span> <span class='ocrx_word' id='word_1_32' title='bbox 1719 637 1933 687; x_wconf 79' lang='lat' dir='ltr'><strong>persona</strong></span> <span class='ocrx_word' id='word_1_33' title='bbox 1979 622 2223 692; x_wconf 85' lang='lat' dir='ltr'><strong>Spiritus.</strong></span> 
     </span>
    </p>
   </div>
   <div class='ocr_carea' id='block_1_6' title="bbox 2330 616 3907 691">
    <p class='ocr_par' dir='ltr' id='par_1_6' title="bbox 2330 616 3907 691">
     <span class='ocr_line' id='line_1_6' title="bbox 2330 616 3907 691; baseline 0.003 -16"><span class='ocrx_word' id='word_1_34' title='bbox 2330 638 2396 690; x_wconf 77' lang='lat' dir='ltr'><strong>go</strong></span> <span class='ocrx_word' id='word_1_35' title='bbox 2421 621 2716 677; x_wconf 72' lang='lat' dir='ltr'><strong>Athanasio</strong></span> <span class='ocrx_word' id='word_1_36' title='bbox 2756 625 3027 691; x_wconf 91' lang='lat' dir='ltr'><strong>tribuitur,</strong></span> <span class='ocrx_word' id='word_1_37' title='bbox 3062 634 3372 691; x_wconf 87' lang='lat' dir='ltr'><strong>occurrunt,</strong></span> <span class='ocrx_word' id='word_1_38' title='bbox 3415 625 3690 681; x_wconf 87' lang='lat' dir='ltr'><strong>videantur</strong></span> <span class='ocrx_word' id='word_1_39' title='bbox 3712 642 3740 681; x_wconf 89' lang='lat' dir='ltr'><strong>e</strong></span> <span class='ocrx_word' id='word_1_40' title='bbox 3762 626 3867 679; x_wconf 88' lang='lat' dir='ltr'><strong>Pbi-</strong></span> <span class='ocrx_word' id='word_1_41' title='bbox 3906 616 3907 621; x_wconf 43' lang='grc'><em>“</em></span> 
     </span>
    </p>
   </div>
   <div class='ocr_carea' id='block_1_7' title="bbox 660 708 3907 797">
    <p class='ocr_par' dir='ltr' id='par_1_7' title="bbox 660 708 3907 797">
     <span class='ocr_line' id='line_1_7' title="bbox 660 708 3907 797; baseline 0.002 -34"><span class='ocrx_word' id='word_1_42' title='bbox 660 708 838 764; x_wconf 80' lang='lat' dir='ltr'><strong>Trium</strong></span> <span class='ocrx_word' id='word_1_43' title='bbox 864 711 1027 781; x_wconf 81' lang='lat' dir='ltr'><strong>itaque</strong></span> <span class='ocrx_word' id='word_1_44' title='bbox 1069 712 1249 765; x_wconf 85' lang='lat' dir='ltr'><strong>harum</strong></span> <span class='ocrx_word' id='word_1_45' title='bbox 1277 728 1612 780; x_wconf 74' lang='lat' dir='ltr'><strong>personarum</strong></span> <span class='ocrx_word' id='word_1_46' title='bbox 1638 730 1741 768; x_wconf 71' lang='lat' dir='ltr'><strong>una</strong></span> <span class='ocrx_word' id='word_1_47' title='bbox 1767 725 1841 769; x_wconf 88' lang='lat' dir='ltr'><strong>est</strong></span> <span class='ocrx_word' id='word_1_48' title='bbox 1865 715 2051 768; x_wconf 78' lang='lat' dir='ltr'><strong>veritas</strong></span> <span class='ocrx_word' id='word_1_49' title='bbox 2072 756 2085 777; x_wconf 92' lang='lat'><strong>,</strong></span> <span class='ocrx_word' id='word_1_50' title='bbox 2117 731 2229 769; x_wconf 80' lang='lat' dir='ltr'><strong>ma-</strong></span> <span class='ocrx_word' id='word_1_51' title='bbox 2328 711 2514 767; x_wconf 72' lang='lat' dir='ltr'><strong>lastrio</strong></span> <span class='ocrx_word' id='word_1_52' title='bbox 2538 714 2815 783; x_wconf 82' lang='lat' dir='ltr'><strong>desumpta</strong></span> <span class='ocrx_word' id='word_1_53' title='bbox 2837 758 2851 781; x_wconf 93' lang='lat'><strong>,</strong></span> <span class='ocrx_word' id='word_1_54' title='bbox 2886 716 3044 769; x_wconf 89' lang='lat' dir='ltr'><strong>siculi</strong></span> <span class='ocrx_word' id='word_1_55' title='bbox 3096 730 3218 769; x_wconf 82' lang='lat' dir='ltr'><strong>mox</strong></span> <span class='ocrx_word' id='word_1_56' title='bbox 3246 716 3648 772; x_wconf 77' lang='lat' dir='ltr'><strong>observavimus</strong></span> <span class='ocrx_word' id='word_1_57' title='bbox 3667 715 3746 787; x_wconf 87' lang='lat' dir='ltr'><strong>(i);</strong></span> <span class='ocrx_word' id='word_1_58' title='bbox 3787 730 3867 770; x_wconf 91' lang='lat' dir='ltr'><strong>no-</strong></span> <span class='ocrx_word' id='word_1_59' title='bbox 3906 728 3907 797; x_wconf 45' lang='grc' dir='ltr'>ξ</span> 
     </span>
    </p>
   </div>
   <div class='ocr_carea' id='block_1_8' title="bbox 650 804 2226 877">
    <p class='ocr_par' dir='ltr' id='par_1_8' title="bbox 650 804 2226 877">
     <span class='ocr_line' id='line_1_8' title="bbox 650 804 2226 877; baseline 0.002 -21"><span class='ocrx_word' id='word_1_60' title='bbox 650 806 838 872; x_wconf 69' lang='lat' dir='ltr'><strong>festas,</strong></span> <span class='ocrx_word' id='word_1_61' title='bbox 864 815 910 858; x_wconf 89' lang='lat' dir='ltr'><strong>et</strong></span> <span class='ocrx_word' id='word_1_62' title='bbox 935 804 1230 859; x_wconf 74' lang='lat' dir='ltr'><strong>substantia:</strong></span> <span class='ocrx_word' id='word_1_63' title='bbox 1265 807 1550 875; x_wconf 71' lang='lat' dir='ltr'><strong>wquatitas,</strong></span> <span class='ocrx_word' id='word_1_64' title='bbox 1583 816 1629 862; x_wconf 88' lang='lat' dir='ltr'><strong>et</strong></span> <span class='ocrx_word' id='word_1_65' title='bbox 1656 805 1931 872; x_wconf 70' lang='lat' dir='ltr'><strong>divinitas;</strong></span> <span class='ocrx_word' id='word_1_66' title='bbox 1971 808 2023 860; x_wconf 93' lang='lat' dir='ltr'><strong>in</strong></span> <span class='ocrx_word' id='word_1_67' title='bbox 2073 806 2226 877; x_wconf 85' lang='lat' dir='ltr'><strong>Sym-</strong></span> 
     </span>
    </p>
   </div>
   <div class='ocr_carea' id='block_1_9' title="bbox 660 893 2227 966">
    <p class='ocr_par' dir='ltr' id='par_1_9' title="bbox 660 893 2227 966">
     <span class='ocr_line' id='line_1_9' title="bbox 660 893 2227 966; baseline -0.001 -15"><span class='ocrx_word' id='word_1_68' title='bbox 660 893 782 959; x_wconf 87' lang='lat' dir='ltr'><strong>bolo</strong></span> <span class='ocrx_word' id='word_1_69' title='bbox 810 906 986 952; x_wconf 84' lang='lat' dir='ltr'><strong>autem</strong></span> <span class='ocrx_word' id='word_1_70' title='bbox 1013 912 1025 949; x_wconf 89' lang='lat'><strong>:</strong></span> <span class='ocrx_word' id='word_1_71' title='bbox 1070 895 1184 948; x_wconf 83' lang='lat' dir='ltr'><strong>Alia</strong></span> <span class='ocrx_word' id='word_1_72' title='bbox 1212 905 1287 947; x_wconf 90' lang='lat' dir='ltr'><strong>est</strong></span> <span class='ocrx_word' id='word_1_73' title='bbox 1322 912 1541 966; x_wconf 89' lang='lat' dir='ltr'><strong>persona</strong></span> <span class='ocrx_word' id='word_1_74' title='bbox 1567 894 1740 949; x_wconf 88' lang='lat' dir='ltr'><strong>Patris</strong></span> <span class='ocrx_word' id='word_1_75' title='bbox 1764 937 1778 959; x_wconf 84' lang='lat'><strong>,</strong></span> <span class='ocrx_word' id='word_1_76' title='bbox 1826 896 1929 949; x_wconf 89' lang='lat' dir='ltr'><strong>alia</strong></span> <span class='ocrx_word' id='word_1_77' title='bbox 1959 895 2101 961; x_wconf 84' lang='lat' dir='ltr'><strong>Filii,</strong></span> <span class='ocrx_word' id='word_1_78' title='bbox 2125 897 2227 950; x_wconf 89' lang='lat' dir='ltr'><strong>alia</strong></span> 
     </span>
    </p>
   </div>
   <div class='ocr_carea' id='block_1_10' title="bbox 658 970 2224 1053">
    <p class='ocr_par' dir='ltr' id='par_1_10' title="bbox 658 970 2224 1053">
     <span class='ocr_line' id='line_1_10' title="bbox 658 970 2224 1053; baseline -0.001 -12"><span class='ocrx_word' id='word_1_79' title='bbox 658 986 884 1053; x_wconf 76' lang='lat' dir='ltr'><strong>Spiritus</strong></span> <span class='ocrx_word' id='word_1_80' title='bbox 911 988 1110 1053; x_wconf 78' lang='lat' dir='ltr'><strong>sancti;</strong></span> <span class='ocrx_word' id='word_1_81' title='bbox 1137 985 1226 1039; x_wconf 84' lang='lat' dir='ltr'><strong>sed</strong></span> <span class='ocrx_word' id='word_1_82' title='bbox 1250 984 1447 1051; x_wconf 87' lang='lat' dir='ltr'><strong>Patris,</strong></span> <span class='ocrx_word' id='word_1_83' title='bbox 1489 995 1535 1041; x_wconf 93' lang='lat' dir='ltr'><strong>et</strong></span> <span class='ocrx_word' id='word_1_84' title='bbox 1561 984 1711 1051; x_wconf 85' lang='lat' dir='ltr'><strong>Filii,</strong></span> <span class='ocrx_word' id='word_1_85' title='bbox 1741 996 1788 1039; x_wconf 89' lang='lat' dir='ltr'><strong>et</strong></span> <span class='ocrx_word' id='word_1_86' title='bbox 1809 970 2036 1053; x_wconf 79' lang='lat' dir='ltr'><strong>Spiritus</strong></span> <span class='ocrx_word' id='word_1_87' title='bbox 2063 988 2224 1041; x_wconf 87' lang='lat' dir='ltr'><strong>sancti</strong></span> 
     </span>
    </p>
   </div>
   <div class='ocr_carea' id='block_1_11' title="bbox 656 1077 2226 1152">
    <p class='ocr_par' dir='ltr' id='par_1_11' title="bbox 656 1077 2226 1152">
     <span class='ocr_line' id='line_1_11' title="bbox 656 1077 2226 1152; baseline 0.001 -22"><span class='ocrx_word' id='word_1_88' title='bbox 656 1092 758 1130; x_wconf 80' lang='lat' dir='ltr'><strong>una</strong></span> <span class='ocrx_word' id='word_1_89' title='bbox 777 1087 851 1131; x_wconf 84' lang='lat' dir='ltr'><strong>est</strong></span> <span class='ocrx_word' id='word_1_90' title='bbox 877 1077 1118 1130; x_wconf 82' lang='lat' dir='ltr'><strong>divinitas</strong></span> <span class='ocrx_word' id='word_1_91' title='bbox 1142 1117 1157 1141; x_wconf 96' lang='lat'><strong>,</strong></span> <span class='ocrx_word' id='word_1_92' title='bbox 1208 1078 1418 1144; x_wconf 64' lang='lat' dir='ltr'><strong>(aqualis</strong></span> <span class='ocrx_word' id='word_1_93' title='bbox 1444 1078 1610 1152; x_wconf 83' lang='lat' dir='ltr'><strong>gloria</strong></span> <span class='ocrx_word' id='word_1_94' title='bbox 1627 1120 1641 1145; x_wconf 87' lang='lat'><strong>,</strong></span> <span class='ocrx_word' id='word_1_95' title='bbox 1671 1086 1917 1132; x_wconf 78' lang='lat' dir='ltr'><strong>coceterna</strong></span> <span class='ocrx_word' id='word_1_96' title='bbox 1938 1081 2173 1147; x_wconf 82' lang='lat' dir='ltr'><strong>majestas</strong></span> <span class='ocrx_word' id='word_1_97' title='bbox 2207 1093 2226 1131; x_wconf 91' lang='lat'><strong><em>:</em></strong></span> 
     </span>
    </p>
   </div>
   <div class='ocr_carea' id='block_1_12' title="bbox 653 1167 2224 1238">
    <p class='ocr_par' dir='ltr' id='par_1_12' title="bbox 653 1167 2224 1238">
     <span class='ocr_line' id='line_1_12' title="bbox 653 1167 2224 1238; baseline 0.002 -16"><span class='ocrx_word' id='word_1_98' title='bbox 653 1183 822 1238; x_wconf 83' lang='lat' dir='ltr'><strong>quare</strong></span> <span class='ocrx_word' id='word_1_99' title='bbox 844 1183 946 1224; x_wconf 86' lang='lat' dir='ltr'><strong>non</strong></span> <span class='ocrx_word' id='word_1_100' title='bbox 973 1167 1201 1222; x_wconf 80' lang='lat' dir='ltr'><strong>alienum</strong></span> <span class='ocrx_word' id='word_1_101' title='bbox 1231 1168 1459 1235; x_wconf 85' lang='lat' dir='ltr'><strong>videtur,</strong></span> <span class='ocrx_word' id='word_1_102' title='bbox 1514 1178 1573 1224; x_wconf 90' lang='lat' dir='ltr'><strong>ut</strong></span> <span class='ocrx_word' id='word_1_103' title='bbox 1618 1178 1708 1223; x_wconf 86' lang='lat' dir='ltr'><strong>aut</strong></span> <span class='ocrx_word' id='word_1_104' title='bbox 1744 1168 2055 1225; x_wconf 88' lang='lat' dir='ltr'><strong>Pbilastrius</strong></span> <span class='ocrx_word' id='word_1_105' title='bbox 2083 1169 2224 1225; x_wconf 87' lang='lat' dir='ltr'><strong>illius</strong></span> 
     </span>
    </p>
   </div>
   <div class='ocr_carea' id='block_1_13' title="bbox 658 1258 2224 1335">
    <p class='ocr_par' dir='ltr' id='par_1_13' title="bbox 658 1258 2224 1335">
     <span class='ocr_line' id='line_1_13' title="bbox 658 1258 2224 1335; baseline 0.001 -18"><span class='ocrx_word' id='word_1_106' title='bbox 658 1258 897 1331; x_wconf 75' lang='lat' dir='ltr'><strong>Symbdli</strong></span> <span class='ocrx_word' id='word_1_107' title='bbox 926 1271 1113 1318; x_wconf 80' lang='lat' dir='ltr'><strong>auctor</strong></span> <span class='ocrx_word' id='word_1_108' title='bbox 1139 1264 1227 1331; x_wconf 89' lang='lat' dir='ltr'><strong>sit,</strong></span> <span class='ocrx_word' id='word_1_109' title='bbox 1259 1275 1350 1319; x_wconf 91' lang='lat' dir='ltr'><strong>aut</strong></span> <span class='ocrx_word' id='word_1_110' title='bbox 1380 1264 1619 1335; x_wconf 82' lang='lat' dir='ltr'><strong>Symboli</strong></span> <span class='ocrx_word' id='word_1_111' title='bbox 1643 1274 1915 1319; x_wconf 83' lang='lat' dir='ltr'><strong>auctorem</strong></span> <span class='ocrx_word' id='word_1_112' title='bbox 1940 1305 1955 1329; x_wconf 95' lang='lat'><strong>,</strong></span> <span class='ocrx_word' id='word_1_113' title='bbox 1979 1265 2224 1333; x_wconf 67' lang='lat' dir='ltr'><strong>quicumo</strong></span> 
     </span>
    </p>
   </div>
   <div class='ocr_carea' id='block_1_14' title="bbox 654 1353 2271 1427">
    <p class='ocr_par' dir='ltr' id='par_1_14' title="bbox 654 1353 2271 1427">
     <span class='ocr_line' id='line_1_14' title="bbox 654 1353 2271 1427; baseline 0.002 -19"><span class='ocrx_word' id='word_1_114' title='bbox 654 1370 758 1424; x_wconf 90' lang='lat' dir='ltr'><strong>que</strong></span> <span class='ocrx_word' id='word_1_115' title='bbox 807 1353 993 1420; x_wconf 80' lang='lat' dir='ltr'><strong>fuerit,</strong></span> <span class='ocrx_word' id='word_1_116' title='bbox 1040 1369 1070 1408; x_wconf 87' lang='lat' dir='ltr'><strong>a</strong></span> <span class='ocrx_word' id='word_1_117' title='bbox 1117 1354 1407 1411; x_wconf 87' lang='lat' dir='ltr'><strong>Pbilastrio</strong></span> <span class='ocrx_word' id='word_1_118' title='bbox 1456 1371 1561 1410; x_wconf 90' lang='lat' dir='ltr'><strong>non</strong></span> <span class='ocrx_word' id='word_1_119' title='bbox 1609 1357 1784 1410; x_wconf 90' lang='lat' dir='ltr'><strong>solum</strong></span> <span class='ocrx_word' id='word_1_120' title='bbox 1811 1354 2094 1427; x_wconf 81' lang='lat' dir='ltr'><strong>dogmata,</strong></span> <span class='ocrx_word' id='word_1_121' title='bbox 2125 1354 2221 1411; x_wconf 82' lang='lat' dir='ltr'><strong>sed</strong></span> <span class='ocrx_word' id='word_1_122' title='bbox 2261 1388 2271 1393; x_wconf 81' lang='lat'><strong>~</strong></span> 
     </span>
    </p>
   </div>
   <div class='ocr_carea' id='block_1_15' title="bbox 652 1445 2009 1518">
    <p class='ocr_par' dir='ltr' id='par_1_15' title="bbox 652 1445 2009 1518">
     <span class='ocr_line' id='line_1_15' title="bbox 652 1445 2009 1518; baseline 0.001 -20"><span class='ocrx_word' id='word_1_123' title='bbox 652 1446 813 1501; x_wconf 82' lang='lat' dir='ltr'><strong>verba</strong></span> <span class='ocrx_word' id='word_1_124' title='bbox 843 1446 1003 1502; x_wconf 87' lang='lat' dir='ltr'><strong>etiam</strong></span> <span class='ocrx_word' id='word_1_125' title='bbox 1032 1445 1145 1516; x_wconf 87' lang='lat' dir='ltr'><strong>ipsa</strong></span> <span class='ocrx_word' id='word_1_126' title='bbox 1172 1446 1461 1517; x_wconf 83' lang='lat' dir='ltr'><strong>aliquando</strong></span> <span class='ocrx_word' id='word_1_127' title='bbox 1490 1456 1673 1502; x_wconf 78' lang='lat' dir='ltr'><strong>annua</strong></span> <span class='ocrx_word' id='word_1_128' title='bbox 1700 1447 1969 1518; x_wconf 85' lang='lat' dir='ltr'><strong>accepisse</strong></span> <span class='ocrx_word' id='word_1_129' title='bbox 1998 1466 2009 1500; x_wconf 91' lang='lat'><strong>:</strong></span> 
     </span>
    </p>
   </div>
   <div class='ocr_carea' id='block_1_16' title="bbox 656 1583 2219 1654">
    <p class='ocr_par' dir='ltr' id='par_1_16' title="bbox 656 1583 2219 1654">
     <span class='ocr_line' id='line_1_16' title="bbox 656 1583 2219 1654; baseline 0 -15"><span class='ocrx_word' id='word_1_130' title='bbox 656 1585 683 1654; x_wconf 67' lang='lat'><strong>5</strong></span> <span class='ocrx_word' id='word_1_131' title='bbox 723 1585 763 1639; x_wconf 84' lang='grc'><strong>1.</strong></span> <span class='ocrx_word' id='word_1_132' title='bbox 800 1583 875 1640; x_wconf 85' lang='lat' dir='ltr'><strong>De</strong></span> <span class='ocrx_word' id='word_1_133' title='bbox 902 1584 1123 1639; x_wconf 71' lang='lat' dir='ltr'><strong>utilitate</strong></span> <span class='ocrx_word' id='word_1_134' title='bbox 1151 1594 1197 1639; x_wconf 91' lang='lat' dir='ltr'><strong>et</strong></span> <span class='ocrx_word' id='word_1_135' title='bbox 1223 1601 1321 1639; x_wconf 85' lang='lat' dir='ltr'><strong>usu</strong></span> <span class='ocrx_word' id='word_1_136' title='bbox 1348 1584 1466 1638; x_wconf 84' lang='lat' dir='ltr'><strong>libri</strong></span> <span class='ocrx_word' id='word_1_137' title='bbox 1496 1584 1562 1640; x_wconf 87' lang='lat' dir='ltr'><strong>de</strong></span> <span class='ocrx_word' id='word_1_138' title='bbox 1585 1584 1893 1640; x_wconf 75' lang='lat' dir='ltr'><strong>literesibus</strong></span> <span class='ocrx_word' id='word_1_139' title='bbox 1933 1602 1963 1638; x_wconf 90' lang='lat' dir='ltr'><strong>a</strong></span> <span class='ocrx_word' id='word_1_140' title='bbox 2015 1584 2219 1640; x_wconf 83' lang='lat' dir='ltr'><strong>Philas-</strong></span> 
     </span>
    </p>
   </div>
   <div class='ocr_carea' id='block_1_17' title="bbox 1213 1678 1684 1748">
    <p class='ocr_par' dir='ltr' id='par_1_17' title="bbox 1213 1678 1684 1748">
     <span class='ocr_line' id='line_1_17' title="bbox 1213 1678 1684 1748; baseline 0.002 -18"><span class='ocrx_word' id='word_1_141' title='bbox 1213 1678 1307 1731; x_wconf 90' lang='lat' dir='ltr'><strong>trio</strong></span> <span class='ocrx_word' id='word_1_142' title='bbox 1337 1678 1631 1748; x_wconf 85' lang='lat' dir='ltr'><strong>conscripti.</strong></span> <span class='ocrx_word' id='word_1_143' title='bbox 1656 1694 1684 1701; x_wconf 70' lang='grc'><strong><em>-</em></strong></span> 
     </span>
    </p>
   </div>
   <div class='ocr_carea' id='block_1_18' title="bbox 704 1808 2217 1882">
    <p class='ocr_par' dir='ltr' id='par_1_18' title="bbox 704 1808 2217 1882">
     <span class='ocr_line' id='line_1_18' title="bbox 704 1808 2217 1882; baseline 0.007 -21"><span class='ocrx_word' id='word_1_144' title='bbox 704 1809 808 1864; x_wconf 64' lang='grc'><strong>14.</strong></span> <span class='ocrx_word' id='word_1_145' title='bbox 843 1808 1059 1866; x_wconf 87' lang='lat' dir='ltr'><strong>Librum</strong></span> <span class='ocrx_word' id='word_1_146' title='bbox 1090 1811 1153 1864; x_wconf 87' lang='lat' dir='ltr'><strong>de</strong></span> <span class='ocrx_word' id='word_1_147' title='bbox 1177 1809 1467 1865; x_wconf 75' lang='lat' dir='ltr'><strong>eresibus</strong></span> <span class='ocrx_word' id='word_1_148' title='bbox 1493 1825 1521 1864; x_wconf 91' lang='lat' dir='ltr'><strong>a</strong></span> <span class='ocrx_word' id='word_1_149' title='bbox 1546 1810 1830 1866; x_wconf 84' lang='lat' dir='ltr'><strong>Philastrio</strong></span> <span class='ocrx_word' id='word_1_150' title='bbox 1856 1814 2217 1882; x_wconf 84' lang='lat' dir='ltr'><strong>conscriptum</strong></span> 
     </span>
    </p>
   </div>
   <div class='ocr_carea' id='block_1_19' title="bbox 2329 803 3867 876">
    <p class='ocr_par' dir='ltr' id='par_1_19' title="bbox 2329 803 3867 876">
     <span class='ocr_line' id='line_1_19' title="bbox 2329 803 3867 876; baseline 0.005 -21"><span class='ocrx_word' id='word_1_151' title='bbox 2329 803 2484 856; x_wconf 84' lang='lat' dir='ltr'><strong>tanda</strong></span> <span class='ocrx_word' id='word_1_152' title='bbox 2511 813 2689 858; x_wconf 89' lang='lat' dir='ltr'><strong>autem</strong></span> <span class='ocrx_word' id='word_1_153' title='bbox 2721 805 2993 874; x_wconf 69' lang='lat' dir='ltr'><strong>prtecipue</strong></span> <span class='ocrx_word' id='word_1_154' title='bbox 3019 822 3137 874; x_wconf 78' lang='lat' dir='ltr'><strong>qua:</strong></span> <span class='ocrx_word' id='word_1_155' title='bbox 3170 805 3332 861; x_wconf 82' lang='lat' dir='ltr'><strong>habet</strong></span> <span class='ocrx_word' id='word_1_156' title='bbox 3355 821 3477 876; x_wconf 88' lang='lat' dir='ltr'><strong>cap.</strong></span> <span class='ocrx_word' id='word_1_157' title='bbox 3507 806 3595 871; x_wconf 81' lang='grc'><strong>95,</strong></span> <span class='ocrx_word' id='word_1_158' title='bbox 3624 805 3709 861; x_wconf 86' lang='lat' dir='ltr'><strong>ubi</strong></span> <span class='ocrx_word' id='word_1_159' title='bbox 3748 806 3867 861; x_wconf 85' lang='lat' dir='ltr'><strong>inter</strong></span> 
     </span>
    </p>
   </div>
   <div class='ocr_carea' id='block_1_20' title="bbox 2326 897 3907 971">
    <p class='ocr_par' dir='ltr' id='par_1_20' title="bbox 2326 897 3907 971">
     <span class='ocr_line' id='line_1_20' title="bbox 2326 897 3907 971; baseline 0.004 -23"><span class='ocrx_word' id='word_1_160' title='bbox 2326 909 2540 950; x_wconf 90' lang='lat' dir='ltr'><strong>errores</strong></span> <span class='ocrx_word' id='word_1_161' title='bbox 2571 906 2819 951; x_wconf 86' lang='lat' dir='ltr'><strong>recenset</strong></span> <span class='ocrx_word' id='word_1_162' title='bbox 2849 897 3099 952; x_wconf 69' lang='lat' dir='ltr'><strong>haeresim</strong></span> <span class='ocrx_word' id='word_1_163' title='bbox 3119 898 3405 969; x_wconf 86' lang='lat' dir='ltr'><strong>quamdam</strong></span> <span class='ocrx_word' id='word_1_164' title='bbox 3432 901 3708 971; x_wconf 82' lang='lat' dir='ltr'><strong>triformem</strong></span> <span class='ocrx_word' id='word_1_165' title='bbox 3729 900 3867 954; x_wconf 78' lang='lat' dir='ltr'><strong>Deum</strong></span> <span class='ocrx_word' id='word_1_166' title='bbox 3906 906 3907 937; x_wconf 52' lang='grc' dir='ltr'><strong>ι</strong></span> 
     </span>
    </p>
   </div>
   <div class='ocr_carea' id='block_1_21' title="bbox 2327 986 3862 1059">
    <p class='ocr_par' dir='ltr' id='par_1_21' title="bbox 2327 986 3862 1059">
     <span class='ocr_line' id='line_1_21' title="bbox 2327 986 3862 1059; baseline 0.005 -21"><span class='ocrx_word' id='word_1_167' title='bbox 2327 986 2626 1053; x_wconf 74' lang='lat' dir='ltr'><strong>facientem;</strong></span> <span class='ocrx_word' id='word_1_168' title='bbox 2674 1000 2725 1041; x_wconf 89' lang='lat' dir='ltr'><strong>et</strong></span> <span class='ocrx_word' id='word_1_169' title='bbox 2776 1002 2895 1057; x_wconf 87' lang='lat' dir='ltr'><strong>cap.</strong></span> <span class='ocrx_word' id='word_1_170' title='bbox 2947 988 3071 1054; x_wconf 72' lang='lat'><strong>109,</strong></span> <span class='ocrx_word' id='word_1_171' title='bbox 3120 1006 3226 1059; x_wconf 89' lang='lat' dir='ltr'><strong>quo</strong></span> <span class='ocrx_word' id='word_1_172' title='bbox 3265 990 3862 1056; x_wconf 79' lang='lat' dir='ltr'><strong>Trinitatisscientiam,</strong></span> 
     </span>
    </p>
   </div>
   <div class='ocr_carea' id='block_1_22' title="bbox 2322 1077 3868 1154">
    <p class='ocr_par' dir='ltr' id='par_1_22' title="bbox 2322 1077 3868 1154">
     <span class='ocr_line' id='line_1_22' title="bbox 2322 1077 3868 1154; baseline 0.005 -24"><span class='ocrx_word' id='word_1_173' title='bbox 2322 1077 2670 1149; x_wconf 89' lang='lat' dir='ltr'><strong>jamprimum</strong></span> <span class='ocrx_word' id='word_1_174' title='bbox 2722 1082 2783 1135; x_wconf 87' lang='lat' dir='ltr'><strong>ab</strong></span> <span class='ocrx_word' id='word_1_175' title='bbox 2814 1083 3008 1154; x_wconf 86' lang='lat' dir='ltr'><strong>origine</strong></span> <span class='ocrx_word' id='word_1_176' title='bbox 3034 1082 3213 1137; x_wconf 83' lang='lat' dir='ltr'><strong>mundi</strong></span> <span class='ocrx_word' id='word_1_177' title='bbox 3255 1080 3559 1137; x_wconf 87' lang='lat' dir='ltr'><strong>hominibus</strong></span> <span class='ocrx_word' id='word_1_178' title='bbox 3598 1084 3868 1138; x_wconf 84' lang='lat' dir='ltr'><strong>nuntiatam</strong></span> 
     </span>
    </p>
   </div>
   <div class='ocr_carea' id='block_1_23' title="bbox 2327 1162 3871 1244">
    <p class='ocr_par' dir='ltr' id='par_1_23' title="bbox 2327 1162 3871 1244">
     <span class='ocr_line' id='line_1_23' title="bbox 2327 1162 3871 1244; baseline 0.004 -21"><span class='ocrx_word' id='word_1_179' title='bbox 2327 1169 2511 1237; x_wconf 83' lang='lat' dir='ltr'><strong>fuisse,</strong></span> <span class='ocrx_word' id='word_1_180' title='bbox 2539 1171 2939 1241; x_wconf 91' lang='lat' dir='ltr'><strong>Scripturarum</strong></span> <span class='ocrx_word' id='word_1_181' title='bbox 2969 1162 3288 1231; x_wconf 78' lang='lat' dir='ltr'><strong>testimoniis</strong></span> <span class='ocrx_word' id='word_1_182' title='bbox 3332 1173 3588 1231; x_wconf 75' lang='lat' dir='ltr'><strong>ostendit.</strong></span> <span class='ocrx_word' id='word_1_183' title='bbox 3616 1175 3687 1230; x_wconf 92' lang='lat' dir='ltr'><strong>De</strong></span> <span class='ocrx_word' id='word_1_184' title='bbox 3718 1174 3871 1244; x_wconf 80' lang='lat' dir='ltr'><strong>gratia</strong></span> 
     </span>
    </p>
   </div>
   <div class='ocr_carea' id='block_1_24' title="bbox 2327 1264 3873 1337">
    <p class='ocr_par' dir='ltr' id='par_1_24' title="bbox 2327 1264 3873 1337">
     <span class='ocr_line' id='line_1_24' title="bbox 2327 1264 3873 1337; baseline 0.001 -17"><span class='ocrx_word' id='word_1_185' title='bbox 2327 1264 2443 1331; x_wconf 87' lang='lat' dir='ltr'><strong>Dei,</strong></span> <span class='ocrx_word' id='word_1_186' title='bbox 2471 1266 2630 1336; x_wconf 84' lang='lat' dir='ltr'><strong>cujus</strong></span> <span class='ocrx_word' id='word_1_187' title='bbox 2655 1266 2898 1322; x_wconf 82' lang='lat' dir='ltr'><strong>doctrina</strong></span> <span class='ocrx_word' id='word_1_188' title='bbox 2929 1276 3053 1321; x_wconf 88' lang='lat' dir='ltr'><strong>ante</strong></span> <span class='ocrx_word' id='word_1_189' title='bbox 3086 1268 3442 1337; x_wconf 79' lang='lat' dir='ltr'><strong>Augustinum</strong></span> <span class='ocrx_word' id='word_1_190' title='bbox 3485 1281 3590 1320; x_wconf 86' lang='lat' dir='ltr'><strong>non</strong></span> <span class='ocrx_word' id='word_1_191' title='bbox 3630 1268 3753 1322; x_wconf 75' lang='lat' dir='ltr'><strong>satis</strong></span> <span class='ocrx_word' id='word_1_192' title='bbox 3790 1282 3873 1322; x_wconf 81' lang='lat' dir='ltr'><strong>ex-</strong></span> 
     </span>
    </p>
   </div>
   <div class='ocr_carea' id='block_1_25' title="bbox 2324 1354 3907 1427">
    <p class='ocr_par' dir='ltr' id='par_1_25' title="bbox 2324 1354 3907 1427">
     <span class='ocr_line' id='line_1_25' title="bbox 2324 1354 3907 1427; baseline -0.001 -16"><span class='ocrx_word' id='word_1_193' title='bbox 2324 1355 2519 1425; x_wconf 76' lang='lat' dir='ltr'><strong>pliCaIa</strong></span> <span class='ocrx_word' id='word_1_194' title='bbox 2556 1358 2748 1422; x_wconf 81' lang='lat' dir='ltr'><strong>fuerat,</strong></span> <span class='ocrx_word' id='word_1_195' title='bbox 2783 1358 3079 1412; x_wconf 83' lang='lat' dir='ltr'><strong>luculenter</strong></span> <span class='ocrx_word' id='word_1_196' title='bbox 3107 1358 3342 1427; x_wconf 84' lang='lat' dir='ltr'><strong>loquitur</strong></span> <span class='ocrx_word' id='word_1_197' title='bbox 3371 1370 3475 1410; x_wconf 89' lang='lat' dir='ltr'><strong>non</strong></span> <span class='ocrx_word' id='word_1_198' title='bbox 3509 1368 3613 1409; x_wconf 92' lang='lat' dir='ltr'><strong>uno</strong></span> <span class='ocrx_word' id='word_1_199' title='bbox 3653 1354 3703 1407; x_wconf 85' lang='lat' dir='ltr'><strong>in</strong></span> <span class='ocrx_word' id='word_1_200' title='bbox 3742 1355 3871 1421; x_wconf 75' lang='lat' dir='ltr'><strong>loco.</strong></span> <span class='ocrx_word' id='word_1_201' title='bbox 3906 1394 3907 1401; x_wconf 58' lang='grc' dir='ltr'><strong>η</strong></span> 
     </span>
    </p>
   </div>
   <div class='ocr_carea' id='block_1_26' title="bbox 2325 1440 3875 1520">
    <p class='ocr_par' dir='ltr' id='par_1_26' title="bbox 2325 1440 3875 1520">
     <span class='ocr_line' id='line_1_26' title="bbox 2325 1440 3875 1520; baseline -0.002 -18"><span class='ocrx_word' id='word_1_202' title='bbox 2325 1463 2517 1519; x_wconf 86' lang='lat' dir='ltr'><strong>nempe</strong></span> <span class='ocrx_word' id='word_1_203' title='bbox 2540 1465 2660 1518; x_wconf 76' lang='lat' dir='ltr'><strong>cap.</strong></span> <span class='ocrx_word' id='word_1_204' title='bbox 2690 1448 2760 1505; x_wconf 84' lang='lat'><strong>98</strong></span> <span class='ocrx_word' id='word_1_205' title='bbox 2793 1467 2804 1501; x_wconf 93' lang='lat'>:</span> <span class='ocrx_word' id='word_1_206' title='bbox 2832 1447 3115 1520; x_wconf 88' lang='lat' dir='ltr'><strong>Inspiratio</strong></span> <span class='ocrx_word' id='word_1_207' title='bbox 3141 1440 3307 1517; x_wconf 80' lang='lat' dir='ltr'><strong>itaque</strong></span> <span class='ocrx_word' id='word_1_208' title='bbox 3346 1455 3543 1501; x_wconf 83' lang='lat' dir='ltr'><strong>nonest</strong></span> <span class='ocrx_word' id='word_1_209' title='bbox 3588 1446 3772 1509; x_wconf 86' lang='lat' dir='ltr'><strong>anima,</strong></span> <span class='ocrx_word' id='word_1_210' title='bbox 3796 1446 3875 1499; x_wconf 78' lang='lat' dir='ltr'><strong>sed</strong></span> 
     </span>
    </p>
   </div>
   <div class='ocr_carea' id='block_1_27' title="bbox 2322 1538 3873 1611">
    <p class='ocr_par' dir='ltr' id='par_1_27' title="bbox 2322 1538 3873 1611">
     <span class='ocr_line' id='line_1_27' title="bbox 2322 1538 3873 1611; baseline 0 -20"><span class='ocrx_word' id='word_1_211' title='bbox 2322 1540 2490 1611; x_wconf 84' lang='lat' dir='ltr'><strong>gratia</strong></span> <span class='ocrx_word' id='word_1_212' title='bbox 2519 1541 2783 1611; x_wconf 86' lang='lat' dir='ltr'><strong>dignitatis</strong></span> <span class='ocrx_word' id='word_1_213' title='bbox 2804 1541 2866 1594; x_wconf 91' lang='lat' dir='ltr'><strong>de</strong></span> <span class='ocrx_word' id='word_1_214' title='bbox 2910 1540 3079 1593; x_wconf 87' lang='lat' dir='ltr'><strong>divino</strong></span> <span class='ocrx_word' id='word_1_215' title='bbox 3133 1540 3361 1610; x_wconf 79' lang='lat' dir='ltr'><strong>Spiritu;</strong></span> <span class='ocrx_word' id='word_1_216' title='bbox 3386 1549 3440 1595; x_wconf 88' lang='lat' dir='ltr'><strong>et</strong></span> <span class='ocrx_word' id='word_1_217' title='bbox 3491 1538 3648 1608; x_wconf 87' lang='lat' dir='ltr'><strong>paulo</strong></span> <span class='ocrx_word' id='word_1_218' title='bbox 3684 1552 3873 1609; x_wconf 79' lang='lat' dir='ltr'><strong>supra:</strong></span> 
     </span>
    </p>
   </div>
   <div class='ocr_carea' id='block_1_28' title="bbox 2323 1628 3879 1703">
    <p class='ocr_par' dir='ltr' id='par_1_28' title="bbox 2323 1628 3879 1703">
     <span class='ocr_line' id='line_1_28' title="bbox 2323 1628 3879 1703; baseline 0 -21"><span class='ocrx_word' id='word_1_219' title='bbox 2323 1629 2603 1703; x_wconf 87' lang='lat' dir='ltr'><strong>Inspiratio</strong></span> <span class='ocrx_word' id='word_1_220' title='bbox 2629 1633 2787 1685; x_wconf 85' lang='lat' dir='ltr'><strong>divini</strong></span> <span class='ocrx_word' id='word_1_221' title='bbox 2826 1631 3048 1703; x_wconf 74' lang='lat' dir='ltr'><strong>Spiritus</strong></span> <span class='ocrx_word' id='word_1_222' title='bbox 3074 1643 3149 1685; x_wconf 88' lang='lat' dir='ltr'><strong>est</strong></span> <span class='ocrx_word' id='word_1_223' title='bbox 3176 1632 3409 1702; x_wconf 73' lang='lat' dir='ltr'><strong>quwdam</strong></span> <span class='ocrx_word' id='word_1_224' title='bbox 3435 1631 3602 1703; x_wconf 84' lang='lat' dir='ltr'><strong>gratia</strong></span> <span class='ocrx_word' id='word_1_225' title='bbox 3626 1638 3671 1683; x_wconf 89' lang='lat' dir='ltr'><strong>et</strong></span> <span class='ocrx_word' id='word_1_226' title='bbox 3694 1628 3879 1699; x_wconf 75' lang='lat' dir='ltr'><strong>profec-</strong></span> 
     </span>
    </p>
   </div>
   <div class='ocr_carea' id='block_1_29' title="bbox 2322 1721 3878 1793">
    <p class='ocr_par' dir='ltr' id='par_1_29' title="bbox 2322 1721 3878 1793">
     <span class='ocr_line' id='line_1_29' title="bbox 2322 1721 3878 1793; baseline -0.002 -18"><span class='ocrx_word' id='word_1_227' title='bbox 2322 1725 2393 1776; x_wconf 88' lang='lat' dir='ltr'><strong>tio</strong></span> <span class='ocrx_word' id='word_1_228' title='bbox 2423 1724 2725 1792; x_wconf 77' lang='lat' dir='ltr'><strong>dignitatis;</strong></span> <span class='ocrx_word' id='word_1_229' title='bbox 2754 1724 2828 1778; x_wconf 91' lang='lat' dir='ltr'><strong>uti</strong></span> <span class='ocrx_word' id='word_1_230' title='bbox 2855 1734 2907 1779; x_wconf 91' lang='lat' dir='ltr'><strong>et</strong></span> <span class='ocrx_word' id='word_1_231' title='bbox 2945 1739 3062 1793; x_wconf 87' lang='lat' dir='ltr'><strong>cap.</strong></span> <span class='ocrx_word' id='word_1_232' title='bbox 3098 1724 3421 1791; x_wconf 69' lang='lat' dir='ltr'><strong>prtecedenti</strong></span> <span class='ocrx_word' id='word_1_233' title='bbox 3452 1740 3467 1778; x_wconf 88' lang='lat'><strong>:</strong></span> <span class='ocrx_word' id='word_1_234' title='bbox 3499 1721 3618 1776; x_wconf 86' lang='lat' dir='ltr'><strong>Non</strong></span> <span class='ocrx_word' id='word_1_235' title='bbox 3660 1731 3728 1775; x_wconf 83' lang='lat' dir='ltr'><strong>est</strong></span> <span class='ocrx_word' id='word_1_236' title='bbox 3773 1737 3878 1773; x_wconf 89' lang='lat' dir='ltr'><strong>am-</strong></span> 
     </span>
    </p>
   </div>
   <div class='ocr_carea' id='block_1_30' title="bbox 2321 1812 3881 1886">
    <p class='ocr_par' dir='ltr' id='par_1_30' title="bbox 2321 1812 3881 1886">
     <span class='ocr_line' id='line_1_30' title="bbox 2321 1812 3881 1886; baseline -0.001 -21"><span class='ocrx_word' id='word_1_237' title='bbox 2321 1812 2528 1886; x_wconf 85' lang='lat' dir='ltr'><strong>biguum</strong></span> <span class='ocrx_word' id='word_1_238' title='bbox 2553 1814 2688 1884; x_wconf 88' lang='lat' dir='ltr'><strong>quod</strong></span> <span class='ocrx_word' id='word_1_239' title='bbox 2727 1814 2898 1867; x_wconf 91' lang='lat' dir='ltr'><strong>anima</strong></span> <span class='ocrx_word' id='word_1_240' title='bbox 2927 1825 3043 1869; x_wconf 85' lang='lat' dir='ltr'><strong>ante</strong></span> <span class='ocrx_word' id='word_1_241' title='bbox 3067 1815 3204 1882; x_wconf 80' lang='lat' dir='ltr'><strong>facta</strong></span> <span class='ocrx_word' id='word_1_242' title='bbox 3248 1814 3337 1879; x_wconf 85' lang='lat' dir='ltr'><strong>sit,</strong></span> <span class='ocrx_word' id='word_1_243' title='bbox 3361 1829 3481 1866; x_wconf 89' lang='lat' dir='ltr'><strong>caro</strong></span> <span class='ocrx_word' id='word_1_244' title='bbox 3526 1822 3693 1866; x_wconf 85' lang='lat' dir='ltr'><strong>autem</strong></span> <span class='ocrx_word' id='word_1_245' title='bbox 3717 1819 3881 1879; x_wconf 87' lang='lat' dir='ltr'><strong>postea</strong></span> 
     </span>
    </p>
   </div>
   <div class='ocr_carea' id='block_1_31' title="bbox 647 1884 3907 1976">
    <p class='ocr_par' dir='ltr' id='par_1_31' title="bbox 647 1884 3907 1976">
     <span class='ocr_line' id='line_1_31' title="bbox 647 1884 3907 1976; baseline -0.001 -20"><span class='ocrx_word' id='word_1_246' title='bbox 647 1912 775 1957; x_wconf 87' lang='lat' dir='ltr'><strong>ante</strong></span> <span class='ocrx_word' id='word_1_247' title='bbox 805 1901 1146 1957; x_wconf 75' lang='lat' dir='ltr'><strong>Parmenioni</strong></span> <span class='ocrx_word' id='word_1_248' title='bbox 1170 1912 1417 1969; x_wconf 87' lang='lat' dir='ltr'><strong>mortem,</strong></span> <span class='ocrx_word' id='word_1_249' title='bbox 1455 1904 1557 1958; x_wconf 88' lang='lat' dir='ltr'><strong>hoc</strong></span> <span class='ocrx_word' id='word_1_250' title='bbox 1581 1914 1666 1959; x_wconf 88' lang='lat' dir='ltr'><strong>est</strong></span> <span class='ocrx_word' id='word_1_251' title='bbox 1702 1914 1827 1961; x_wconf 84' lang='lat' dir='ltr'><strong>ante</strong></span> <span class='ocrx_word' id='word_1_252' title='bbox 1854 1920 2050 1960; x_wconf 90' lang='lat' dir='ltr'><strong>annum</strong></span> <span class='ocrx_word' id='word_1_253' title='bbox 2084 1906 2215 1972; x_wconf 70' lang='lat'><strong>391;</strong></span> <span class='ocrx_word' id='word_1_254' title='bbox 2250 1911 2296 1969; x_wconf 87' lang='grc' dir='ltr'><strong>Β</strong></span> <span class='ocrx_word' id='word_1_255' title='bbox 2321 1884 2604 1976; x_wconf 72' lang='lat' dir='ltr'><strong>plasmata;</strong></span> <span class='ocrx_word' id='word_1_256' title='bbox 2635 1914 2681 1959; x_wconf 91' lang='lat' dir='ltr'><strong>et</strong></span> <span class='ocrx_word' id='word_1_257' title='bbox 2710 1908 2781 1959; x_wconf 89' lang='lat' dir='ltr'><strong>sic</strong></span> <span class='ocrx_word' id='word_1_258' title='bbox 2817 1914 2990 1973; x_wconf 87' lang='lat' dir='ltr'><strong>postea</strong></span> <span class='ocrx_word' id='word_1_259' title='bbox 3016 1905 3352 1974; x_wconf 86' lang='lat' dir='ltr'><strong>inspiratione</strong></span> <span class='ocrx_word' id='word_1_260' title='bbox 3385 1902 3556 1971; x_wconf 79' lang='lat' dir='ltr'><strong>infusa</strong></span> <span class='ocrx_word' id='word_1_261' title='bbox 3595 1897 3709 1963; x_wconf 89' lang='lat' dir='ltr'><strong>Dei,</strong></span> <span class='ocrx_word' id='word_1_262' title='bbox 3739 1884 3907 1969; x_wconf 40' lang='lat' dir='ltr'><strong>spiriH</strong></span> 
     </span>
    </p>
   </div>
   <div class='ocr_carea' id='block_1_32' title="bbox 648 1998 2218 2069">
    <p class='ocr_par' dir='ltr' id='par_1_32' title="bbox 648 1998 2218 2069">
     <span class='ocr_line' id='line_1_32' title="bbox 648 1998 2218 2069; baseline 0.001 -16"><span class='ocrx_word' id='word_1_263' title='bbox 648 2008 796 2053; x_wconf 82' lang='lat' dir='ltr'><strong>recte</strong></span> <span class='ocrx_word' id='word_1_264' title='bbox 822 1998 1131 2052; x_wconf 77' lang='lat' dir='ltr'><strong>observavit</strong></span> <span class='ocrx_word' id='word_1_265' title='bbox 1176 1998 1474 2065; x_wconf 84' lang='lat' dir='ltr'><strong>Fabricius,</strong></span> <span class='ocrx_word' id='word_1_266' title='bbox 1505 1998 1647 2069; x_wconf 92' lang='lat' dir='ltr'><strong>quod</strong></span> <span class='ocrx_word' id='word_1_267' title='bbox 1674 2014 1772 2053; x_wconf 91' lang='lat' dir='ltr'><strong>nos</strong></span> <span class='ocrx_word' id='word_1_268' title='bbox 1805 2014 2016 2069; x_wconf 91' lang='lat' dir='ltr'><strong>quoque</strong></span> <span class='ocrx_word' id='word_1_269' title='bbox 2054 2015 2218 2069; x_wconf 87' lang='lat' dir='ltr'><strong>supra</strong></span> 
     </span>
    </p>
   </div>
   <div class='ocr_carea' id='block_1_33' title="bbox 647 2089 2219 2159">
    <p class='ocr_par' dir='ltr' id='par_1_33' title="bbox 647 2089 2219 2159">
     <span class='ocr_line' id='line_1_33' title="bbox 647 2089 2219 2159; baseline 0.003 -16"><span class='ocrx_word' id='word_1_270' title='bbox 647 2090 1027 2143; x_wconf 88' lang='lat' dir='ltr'><strong>annotavimus</strong></span> <span class='ocrx_word' id='word_1_271' title='bbox 1057 2089 1161 2159; x_wconf 86' lang='lat' dir='ltr'><strong>(b);</strong></span> <span class='ocrx_word' id='word_1_272' title='bbox 1191 2089 1282 2143; x_wconf 89' lang='lat' dir='ltr'><strong>sed</strong></span> <span class='ocrx_word' id='word_1_273' title='bbox 1342 2098 1467 2159; x_wconf 86' lang='lat' dir='ltr'><strong>post</strong></span> <span class='ocrx_word' id='word_1_274' title='bbox 1502 2106 1702 2145; x_wconf 89' lang='lat' dir='ltr'><strong>annum</strong></span> <span class='ocrx_word' id='word_1_275' title='bbox 1750 2091 1855 2146; x_wconf 79' lang='lat'><strong>380</strong></span> <span class='ocrx_word' id='word_1_276' title='bbox 1882 2090 2047 2145; x_wconf 82' lang='lat' dir='ltr'><strong>fuisse</strong></span> <span class='ocrx_word' id='word_1_277' title='bbox 2090 2107 2219 2147; x_wconf 80' lang='lat' dir='ltr'><strong>exa-</strong></span> 
     </span>
    </p>
   </div>
   <div class='ocr_carea' id='block_1_34' title="bbox 650 2168 2218 2251">
    <p class='ocr_par' dir='ltr' id='par_1_34' title="bbox 650 2168 2218 2251">
     <span class='ocr_line' id='line_1_34' title="bbox 650 2168 2218 2251; baseline 0.001 -17"><span class='ocrx_word' id='word_1_278' title='bbox 650 2191 823 2235; x_wconf 87' lang='lat' dir='ltr'><strong>ratum</strong></span> <span class='ocrx_word' id='word_1_279' title='bbox 861 2180 880 2249; x_wconf 95' lang='lat'><strong>(</strong></span> <span class='ocrx_word' id='word_1_280' title='bbox 904 2179 1044 2249; x_wconf 85' lang='lat' dir='ltr'><strong>quod</strong></span> <span class='ocrx_word' id='word_1_281' title='bbox 1088 2178 1366 2236; x_wconf 85' lang='lat' dir='ltr'><strong>Fabricius</strong></span> <span class='ocrx_word' id='word_1_282' title='bbox 1406 2196 1511 2237; x_wconf 89' lang='lat' dir='ltr'><strong>non</strong></span> <span class='ocrx_word' id='word_1_283' title='bbox 1554 2178 1784 2251; x_wconf 87' lang='lat' dir='ltr'><strong>monuit)</strong></span> <span class='ocrx_word' id='word_1_284' title='bbox 1830 2180 1956 2235; x_wconf 90' lang='lat' dir='ltr'><strong>illud</strong></span> <span class='ocrx_word' id='word_1_285' title='bbox 1994 2168 2218 2245; x_wconf 80' lang='lat' dir='ltr'><strong>indicat,</strong></span> 
     </span>
    </p>
   </div>
   <div class='ocr_carea' id='block_1_35' title="bbox 648 2270 2218 2343">
    <p class='ocr_par' dir='ltr' id='par_1_35' title="bbox 648 2270 2218 2343">
     <span class='ocr_line' id='line_1_35' title="bbox 648 2270 2218 2343; baseline 0.001 -19"><span class='ocrx_word' id='word_1_286' title='bbox 648 2285 841 2338; x_wconf 84' lang='lat' dir='ltr'><strong>nempe</strong></span> <span class='ocrx_word' id='word_1_287' title='bbox 869 2287 898 2325; x_wconf 88' lang='lat' dir='ltr'><strong>a</strong></span> <span class='ocrx_word' id='word_1_288' title='bbox 930 2270 1224 2341; x_wconf 83' lang='lat' dir='ltr'><strong>Philastros</strong></span> <span class='ocrx_word' id='word_1_289' title='bbox 1271 2272 1363 2343; x_wconf 89' lang='lat' dir='ltr'><strong>(c),</strong></span> <span class='ocrx_word' id='word_1_290' title='bbox 1414 2272 1557 2326; x_wconf 89' lang='lat' dir='ltr'><strong>inter</strong></span> <span class='ocrx_word' id='word_1_291' title='bbox 1611 2271 1894 2326; x_wconf 71' lang='lat' dir='ltr'><strong>haereticos</strong></span> <span class='ocrx_word' id='word_1_292' title='bbox 1944 2272 2218 2325; x_wconf 89' lang='lat' dir='ltr'><strong>recenseri</strong></span> 
     </span>
    </p>
   </div>
   <div class='ocr_carea' id='block_1_36' title="bbox 642 2360 2219 2430">
    <p class='ocr_par' dir='ltr' id='par_1_36' title="bbox 642 2360 2219 2430">
     <span class='ocr_line' id='line_1_36' title="bbox 642 2360 2219 2430; baseline 0.002 -16"><span class='ocrx_word' id='word_1_293' title='bbox 642 2360 981 2421; x_wconf 81' lang='lat' dir='ltr'><strong>Abstinentes,</strong></span> <span class='ocrx_word' id='word_1_294' title='bbox 1012 2360 1447 2415; x_wconf 84' lang='lat' dir='ltr'><strong>Priscillianistas</strong></span> <span class='ocrx_word' id='word_1_295' title='bbox 1474 2361 1681 2416; x_wconf 89' lang='lat' dir='ltr'><strong>scilicet</strong></span> <span class='ocrx_word' id='word_1_296' title='bbox 1702 2377 1835 2430; x_wconf 91' lang='lat' dir='ltr'><strong>quos</strong></span> <span class='ocrx_word' id='word_1_297' title='bbox 1873 2362 1973 2417; x_wconf 91' lang='lat' dir='ltr'><strong>hoc</strong></span> <span class='ocrx_word' id='word_1_298' title='bbox 1999 2362 2219 2417; x_wconf 90' lang='lat' dir='ltr'><strong>nomine</strong></span> 
     </span>
    </p>
   </div>
   <div class='ocr_carea' id='block_1_37' title="bbox 644 2450 2219 2523">
    <p class='ocr_par' dir='ltr' id='par_1_37' title="bbox 644 2450 2219 2523">
     <span class='ocr_line' id='line_1_37' title="bbox 644 2450 2219 2523; baseline 0.002 -19"><span class='ocrx_word' id='word_1_299' title='bbox 644 2466 674 2504; x_wconf 89' lang='lat' dir='ltr'><strong>a</strong></span> <span class='ocrx_word' id='word_1_300' title='bbox 700 2451 991 2506; x_wconf 80' lang='lat' dir='ltr'><strong>Philastrio</strong></span> <span class='ocrx_word' id='word_1_301' title='bbox 1014 2450 1298 2523; x_wconf 78' lang='lat' dir='ltr'><strong>perstringi</strong></span> <span class='ocrx_word' id='word_1_302' title='bbox 1338 2453 1681 2521; x_wconf 88' lang='lat' dir='ltr'><strong>perspicuum</strong></span> <span class='ocrx_word' id='word_1_303' title='bbox 1713 2461 1796 2507; x_wconf 91' lang='lat' dir='ltr'><strong>est</strong></span> <span class='ocrx_word' id='word_1_304' title='bbox 1826 2451 1931 2523; x_wconf 77' lang='grc' dir='ltr'><strong>(ά),</strong></span> <span class='ocrx_word' id='word_1_305' title='bbox 1965 2470 2219 2523; x_wconf 89' lang='lat' dir='ltr'><strong>quorum-</strong></span> 
     </span>
    </p>
   </div>
   <div class='ocr_carea' id='block_1_38' title="bbox 641 2541 2217 2615">
    <p class='ocr_par' dir='ltr' id='par_1_38' title="bbox 641 2541 2217 2615">
     <span class='ocr_line' id='line_1_38' title="bbox 641 2541 2217 2615; baseline 0.001 -18"><span class='ocrx_word' id='word_1_306' title='bbox 641 2557 746 2613; x_wconf 85' lang='lat' dir='ltr'><strong>que</strong></span> <span class='ocrx_word' id='word_1_307' title='bbox 785 2541 1008 2599; x_wconf 78' lang='lat' dir='ltr'><strong>hzcresis</strong></span> <span class='ocrx_word' id='word_1_308' title='bbox 1048 2543 1189 2599; x_wconf 83' lang='lat' dir='ltr'><strong>circa</strong></span> <span class='ocrx_word' id='word_1_309' title='bbox 1226 2558 1422 2597; x_wconf 87' lang='lat' dir='ltr'><strong>annum</strong></span> <span class='ocrx_word' id='word_1_310' title='bbox 1471 2543 1575 2599; x_wconf 83' lang='grc'><strong>580</strong></span> <span class='ocrx_word' id='word_1_311' title='bbox 1604 2558 1879 2613; x_wconf 79' lang='lat' dir='ltr'><strong>emergere</strong></span> <span class='ocrx_word' id='word_1_312' title='bbox 1908 2546 2070 2614; x_wconf 66' lang='lat' dir='ltr'><strong>coepit</strong></span> <span class='ocrx_word' id='word_1_313' title='bbox 2120 2543 2217 2615; x_wconf 87' lang='lat' dir='ltr'><strong>(e).</strong></span> 
     </span>
    </p>
   </div>
   <div class='ocr_carea' id='block_1_39' title="bbox 643 2633 2216 2705">
    <p class='ocr_par' dir='ltr' id='par_1_39' title="bbox 643 2633 2216 2705">
     <span class='ocr_line' id='line_1_39' title="bbox 643 2633 2216 2705; baseline -0.001 -14"><span class='ocrx_word' id='word_1_314' title='bbox 643 2636 811 2705; x_wconf 85' lang='lat' dir='ltr'><strong>Hujus</strong></span> <span class='ocrx_word' id='word_1_315' title='bbox 840 2633 993 2690; x_wconf 85' lang='lat' dir='ltr'><strong>Libri</strong></span> <span class='ocrx_word' id='word_1_316' title='bbox 1023 2634 1313 2691; x_wconf 85' lang='lat' dir='ltr'><strong>utilitatem</strong></span> <span class='ocrx_word' id='word_1_317' title='bbox 1368 2646 1529 2705; x_wconf 88' lang='lat' dir='ltr'><strong>atque</strong></span> <span class='ocrx_word' id='word_1_318' title='bbox 1578 2651 1752 2701; x_wconf 90' lang='lat' dir='ltr'><strong>usum,</strong></span> <span class='ocrx_word' id='word_1_319' title='bbox 1783 2637 2024 2705; x_wconf 78' lang='lat' dir='ltr'><strong>quamvis</strong></span> <span class='ocrx_word' id='word_1_320' title='bbox 2079 2635 2216 2689; x_wconf 87' lang='lat' dir='ltr'><strong>nihil</strong></span> 
     </span>
    </p>
   </div>
   <div class='ocr_carea' id='block_1_40' title="bbox 642 2725 2215 2793">
    <p class='ocr_par' dir='ltr' id='par_1_40' title="bbox 642 2725 2215 2793">
     <span class='ocr_line' id='line_1_40' title="bbox 642 2725 2215 2793; baseline 0.003 -16"><span class='ocrx_word' id='word_1_321' title='bbox 642 2728 863 2781; x_wconf 87' lang='lat' dir='ltr'><strong>omnino</strong></span> <span class='ocrx_word' id='word_1_322' title='bbox 892 2725 1038 2780; x_wconf 81' lang='lat' dir='ltr'><strong>aliud</strong></span> <span class='ocrx_word' id='word_1_323' title='bbox 1083 2727 1516 2792; x_wconf 86' lang='lat' dir='ltr'><strong>commendaret,</strong></span> <span class='ocrx_word' id='word_1_324' title='bbox 1547 2727 1646 2781; x_wconf 90' lang='lat' dir='ltr'><strong>hoc</strong></span> <span class='ocrx_word' id='word_1_325' title='bbox 1690 2736 1839 2782; x_wconf 87' lang='lat' dir='ltr'><strong>certe</strong></span> <span class='ocrx_word' id='word_1_326' title='bbox 1879 2727 2215 2793; x_wconf 76' lang='lat' dir='ltr'><strong>ostenderet,</strong></span> 
     </span>
    </p>
   </div>
   <div class='ocr_carea' id='block_1_41' title="bbox 644 2820 2213 2889">
    <p class='ocr_par' dir='ltr' id='par_1_41' title="bbox 644 2820 2213 2889">
     <span class='ocr_line' id='line_1_41' title="bbox 644 2820 2213 2889; baseline -0.001 -16"><span class='ocrx_word' id='word_1_327' title='bbox 644 2824 784 2887; x_wconf 88' lang='lat' dir='ltr'><strong>quod</strong></span> <span class='ocrx_word' id='word_1_328' title='bbox 837 2820 1165 2889; x_wconf 77' lang='lat' dir='ltr'><strong>Augustinus</strong></span> <span class='ocrx_word' id='word_1_329' title='bbox 1211 2820 1413 2889; x_wconf 82' lang='lat' dir='ltr'><strong>ipsein</strong></span> <span class='ocrx_word' id='word_1_330' title='bbox 1453 2835 1552 2875; x_wconf 79' lang='lat' dir='ltr'><strong>suo</strong></span> <span class='ocrx_word' id='word_1_331' title='bbox 1582 2820 1643 2875; x_wconf 86' lang='lat' dir='ltr'><strong>de</strong></span> <span class='ocrx_word' id='word_1_332' title='bbox 1689 2820 1980 2875; x_wconf 67' lang='lat' dir='ltr'><strong>Haeresibu‘s</strong></span> <span class='ocrx_word' id='word_1_333' title='bbox 2011 2820 2213 2886; x_wconf 89' lang='lat' dir='ltr'><strong>libello,</strong></span> 
     </span>
    </p>
   </div>
   <div class='ocr_carea' id='block_1_42' title="bbox 642 2909 2217 2983">
    <p class='ocr_par' dir='ltr' id='par_1_42' title="bbox 642 2909 2217 2983">
     <span class='ocr_line' id='line_1_42' title="bbox 642 2909 2217 2983; baseline -0.001 -18"><span class='ocrx_word' id='word_1_334' title='bbox 642 2911 794 2978; x_wconf 77' lang='lat' dir='ltr'><strong>plura</strong></span> <span class='ocrx_word' id='word_1_335' title='bbox 820 2926 849 2965; x_wconf 78' lang='grc' dir='ltr'><strong>ιι</strong></span> <span class='ocrx_word' id='word_1_336' title='bbox 880 2911 1171 2966; x_wconf 87' lang='lat' dir='ltr'><strong>Philastrio</strong></span> <span class='ocrx_word' id='word_1_337' title='bbox 1193 2909 1548 2981; x_wconf 85' lang='lat' dir='ltr'><strong>decerpserit,</strong></span> <span class='ocrx_word' id='word_1_338' title='bbox 1591 2911 1707 2983; x_wconf 79' lang='lat' dir='ltr'><strong>ejus</strong></span> <span class='ocrx_word' id='word_1_339' title='bbox 1734 2912 1949 2966; x_wconf 90' lang='lat' dir='ltr'><strong>nomine</strong></span> <span class='ocrx_word' id='word_1_340' title='bbox 1996 2912 2217 2964; x_wconf 86' lang='lat' dir='ltr'><strong>minime</strong></span> 
     </span>
    </p>
   </div>
   <div class='ocr_carea' id='block_1_43' title="bbox 644 3002 2215 3073">
    <p class='ocr_par' dir='ltr' id='par_1_43' title="bbox 644 3002 2215 3073">
     <span class='ocr_line' id='line_1_43' title="bbox 644 3002 2215 3073; baseline -0.001 -16"><span class='ocrx_word' id='word_1_341' title='bbox 644 3003 1011 3069; x_wconf 86' lang='lat' dir='ltr'><strong>dissimulato,</strong></span> <span class='ocrx_word' id='word_1_342' title='bbox 1041 3002 1338 3057; x_wconf 88' lang='lat' dir='ltr'><strong>utcuilibet</strong></span> <span class='ocrx_word' id='word_1_343' title='bbox 1366 3014 1703 3072; x_wconf 86' lang='lat' dir='ltr'><strong>compertum</strong></span> <span class='ocrx_word' id='word_1_344' title='bbox 1737 3013 1902 3069; x_wconf 82' lang='lat' dir='ltr'><strong>esset,</strong></span> <span class='ocrx_word' id='word_1_345' title='bbox 1934 3020 2030 3073; x_wconf 81' lang='lat' dir='ltr'><strong>per</strong></span> <span class='ocrx_word' id='word_1_346' title='bbox 2059 3017 2215 3072; x_wconf 89' lang='lat' dir='ltr'><strong>quem</strong></span> 
     </span>
    </p>
   </div>
   <div class='ocr_carea' id='block_1_44' title="bbox 606 3084 2216 3163">
    <p class='ocr_par' dir='ltr' id='par_1_44' title="bbox 606 3084 2216 3163">
     <span class='ocr_line' id='line_1_44' title="bbox 606 3084 2216 3163; baseline -0.001 -15"><span class='ocrx_word' id='word_1_347' title='bbox 606 3084 611 3087; x_wconf 21' lang='lat'><strong><em>1</em></strong></span> <span class='ocrx_word' id='word_1_348' title='bbox 643 3094 967 3159; x_wconf 76' lang='lat' dir='ltr'><strong>proiecerit;</strong></span> <span class='ocrx_word' id='word_1_349' title='bbox 1013 3111 1074 3148; x_wconf 88' lang='lat' dir='ltr'><strong>ea</strong></span> <span class='ocrx_word' id='word_1_350' title='bbox 1108 3105 1284 3148; x_wconf 85' lang='lat' dir='ltr'><strong>autem</strong></span> <span class='ocrx_word' id='word_1_351' title='bbox 1318 3111 1375 3148; x_wconf 76' lang='lat' dir='ltr'><strong>re</strong></span> <span class='ocrx_word' id='word_1_352' title='bbox 1422 3109 1527 3149; x_wconf 88' lang='lat' dir='ltr'><strong>non</strong></span> <span class='ocrx_word' id='word_1_353' title='bbox 1576 3096 1711 3148; x_wconf 84' lang='lat' dir='ltr'><strong>satis</strong></span> <span class='ocrx_word' id='word_1_354' title='bbox 1740 3095 1807 3151; x_wconf 81' lang='lat' dir='ltr'><strong>ab</strong></span> <span class='ocrx_word' id='word_1_355' title='bbox 1846 3095 2131 3163; x_wconf 87' lang='lat' dir='ltr'><strong>aliquibus,</strong></span> <span class='ocrx_word' id='word_1_356' title='bbox 2161 3105 2216 3147; x_wconf 91' lang='lat' dir='ltr'><strong>ut</strong></span> 
     </span>
    </p>
   </div>
   <div class='ocr_carea' id='block_1_45' title="bbox 639 3184 2214 3255">
    <p class='ocr_par' dir='ltr' id='par_1_45' title="bbox 639 3184 2214 3255">
     <span class='ocr_line' id='line_1_45' title="bbox 639 3184 2214 3255; baseline 0.001 -18"><span class='ocrx_word' id='word_1_357' title='bbox 639 3184 846 3245; x_wconf 85' lang='lat' dir='ltr'><strong>debuit.</strong></span> <span class='ocrx_word' id='word_1_358' title='bbox 906 3202 1188 3255; x_wconf 82' lang='lat' dir='ltr'><strong>perpensa,</strong></span> <span class='ocrx_word' id='word_1_359' title='bbox 1235 3189 1377 3241; x_wconf 87' lang='lat' dir='ltr'><strong>visus</strong></span> <span class='ocrx_word' id='word_1_360' title='bbox 1432 3198 1515 3241; x_wconf 87' lang='lat' dir='ltr'><strong>est</strong></span> <span class='ocrx_word' id='word_1_361' title='bbox 1572 3185 1839 3241; x_wconf 89' lang='lat' dir='ltr'><strong>immerito</strong></span> <span class='ocrx_word' id='word_1_362' title='bbox 1886 3186 2214 3254; x_wconf 81' lang='lat' dir='ltr'><strong>Augustinus</strong></span> 
     </span>
    </p>
   </div>
   <div class='ocr_carea' id='block_1_46' title="bbox 2322 1992 3879 2066">
    <p class='ocr_par' dir='ltr' id='par_1_46' title="bbox 2322 1992 3879 2066">
     <span class='ocr_line' id='line_1_46' title="bbox 2322 1992 3879 2066; baseline -0.002 -20"><span class='ocrx_word' id='word_1_363' title='bbox 2322 1995 2440 2048; x_wconf 82' lang='lat' dir='ltr'><strong>talis</strong></span> <span class='ocrx_word' id='word_1_364' title='bbox 2466 1995 2652 2048; x_wconf 87' lang='lat' dir='ltr'><strong>collata</strong></span> <span class='ocrx_word' id='word_1_365' title='bbox 2674 1996 2739 2046; x_wconf 89' lang='lat' dir='ltr'><strong>sit</strong></span> <span class='ocrx_word' id='word_1_366' title='bbox 2768 1996 2954 2066; x_wconf 88' lang='lat' dir='ltr'><strong>gratia,</strong></span> <span class='ocrx_word' id='word_1_367' title='bbox 2984 2004 3038 2047; x_wconf 86' lang='lat' dir='ltr'><strong>ut</strong></span> <span class='ocrx_word' id='word_1_368' title='bbox 3064 1997 3137 2047; x_wconf 88' lang='lat' dir='ltr'><strong>sic</strong></span> <span class='ocrx_word' id='word_1_369' title='bbox 3158 1996 3274 2065; x_wconf 86' lang='lat' dir='ltr'><strong>jam</strong></span> <span class='ocrx_word' id='word_1_370' title='bbox 3296 2009 3459 2063; x_wconf 73' lang='lat' dir='ltr'><strong>capax</strong></span> <span class='ocrx_word' id='word_1_371' title='bbox 3482 1992 3630 2045; x_wconf 84' lang='lat' dir='ltr'><strong>homo</strong></span> <span class='ocrx_word' id='word_1_372' title='bbox 3656 1993 3774 2062; x_wconf 82' lang='lat' dir='ltr'><strong>legis</strong></span> <span class='ocrx_word' id='word_1_373' title='bbox 3802 1992 3879 2044; x_wconf 87' lang='lat' dir='ltr'><strong>di-</strong></span> 
     </span>
    </p>
   </div>
   <div class='ocr_carea' id='block_1_47' title="bbox 2320 2084 3593 2155">
    <p class='ocr_par' dir='ltr' id='par_1_47' title="bbox 2320 2084 3593 2155">
     <span class='ocr_line' id='line_1_47' title="bbox 2320 2084 3593 2155; baseline -0.001 -17"><span class='ocrx_word' id='word_1_374' title='bbox 2320 2087 2449 2139; x_wconf 71' lang='lat' dir='ltr'><strong>vina:</strong></span> <span class='ocrx_word' id='word_1_375' title='bbox 2487 2103 2587 2138; x_wconf 90' lang='lat' dir='ltr'><strong>non</strong></span> <span class='ocrx_word' id='word_1_376' title='bbox 2612 2086 2861 2155; x_wconf 85' lang='lat' dir='ltr'><strong>impotens</strong></span> <span class='ocrx_word' id='word_1_377' title='bbox 2889 2101 2920 2137; x_wconf 89' lang='lat' dir='ltr'><strong>a</strong></span> <span class='ocrx_word' id='word_1_378' title='bbox 2948 2084 3171 2139; x_wconf 89' lang='lat' dir='ltr'><strong>Domino</strong></span> <span class='ocrx_word' id='word_1_379' title='bbox 3204 2094 3593 2138; x_wconf 83' lang='lat' dir='ltr'><strong>monstraretur.</strong></span> 
     </span>
    </p>
   </div>
   <div class='ocr_carea' id='block_1_48' title="bbox 2394 2174 3886 2243">
    <p class='ocr_par' dir='ltr' id='par_1_48' title="bbox 2394 2174 3886 2243">
     <span class='ocr_line' id='line_1_48' title="bbox 2394 2174 3886 2243; baseline 0 -16"><span class='ocrx_word' id='word_1_380' title='bbox 2394 2175 2477 2228; x_wconf 83' lang='grc'><strong>15.</strong></span> <span class='ocrx_word' id='word_1_381' title='bbox 2533 2175 2638 2229; x_wconf 85' lang='lat' dir='ltr'><strong>Sed</strong></span> <span class='ocrx_word' id='word_1_382' title='bbox 2688 2175 2943 2243; x_wconf 88' lang='lat' dir='ltr'><strong>quoniam</strong></span> <span class='ocrx_word' id='word_1_383' title='bbox 2994 2175 3097 2229; x_wconf 91' lang='lat' dir='ltr'><strong>boc</strong></span> <span class='ocrx_word' id='word_1_384' title='bbox 3149 2176 3267 2233; x_wconf 91' lang='lat' dir='ltr'><strong>loco</strong></span> <span class='ocrx_word' id='word_1_385' title='bbox 3314 2174 3383 2229; x_wconf 90' lang='lat' dir='ltr'><strong>de</strong></span> <span class='ocrx_word' id='word_1_386' title='bbox 3421 2174 3653 2228; x_wconf 88' lang='lat' dir='ltr'><strong>utilitate</strong></span> <span class='ocrx_word' id='word_1_387' title='bbox 3695 2182 3748 2227; x_wconf 89' lang='lat' dir='ltr'><strong>et</strong></span> <span class='ocrx_word' id='word_1_388' title='bbox 3793 2188 3886 2227; x_wconf 89' lang='lat' dir='ltr'><strong>usu</strong></span> 
     </span>
    </p>
   </div>
   <div class='ocr_carea' id='block_1_49' title="bbox 2321 2265 3883 2337">
    <p class='ocr_par' dir='ltr' id='par_1_49' title="bbox 2321 2265 3883 2337">
     <span class='ocr_line' id='line_1_49' title="bbox 2321 2265 3883 2337; baseline 0.001 -18"><span class='ocrx_word' id='word_1_389' title='bbox 2321 2265 2659 2320; x_wconf 87' lang='lat' dir='ltr'><strong>Philastriani</strong></span> <span class='ocrx_word' id='word_1_390' title='bbox 2688 2267 2878 2336; x_wconf 89' lang='lat' dir='ltr'><strong>Operis</strong></span> <span class='ocrx_word' id='word_1_391' title='bbox 2904 2266 3239 2331; x_wconf 81' lang='lat' dir='ltr'><strong>disserimus,</strong></span> <span class='ocrx_word' id='word_1_392' title='bbox 3270 2267 3491 2320; x_wconf 90' lang='lat' dir='ltr'><strong>minime</strong></span> <span class='ocrx_word' id='word_1_393' title='bbox 3518 2266 3883 2337; x_wconf 69' lang='lat' dir='ltr'><strong>praetereunda</strong></span> 
     </span>
    </p>
   </div>
   <div class='ocr_carea' id='block_1_50' title="bbox 2320 2357 3885 2426">
    <p class='ocr_par' dir='ltr' id='par_1_50' title="bbox 2320 2357 3885 2426">
     <span class='ocr_line' id='line_1_50' title="bbox 2320 2357 3885 2426; baseline 0 -15"><span class='ocrx_word' id='word_1_394' title='bbox 2320 2367 2403 2411; x_wconf 74' lang='lat' dir='ltr'><strong>est</strong></span> <span class='ocrx_word' id='word_1_395' title='bbox 2426 2357 2582 2426; x_wconf 87' lang='lat' dir='ltr'><strong>hujus</strong></span> <span class='ocrx_word' id='word_1_396' title='bbox 2607 2357 2724 2410; x_wconf 92' lang='lat' dir='ltr'><strong>libri</strong></span> <span class='ocrx_word' id='word_1_397' title='bbox 2749 2370 2994 2422; x_wconf 84' lang='lat' dir='ltr'><strong>censura,</strong></span> <span class='ocrx_word' id='word_1_398' title='bbox 3011 2367 3065 2411; x_wconf 91' lang='lat' dir='ltr'><strong>et</strong></span> <span class='ocrx_word' id='word_1_399' title='bbox 3084 2357 3217 2419; x_wconf 82' lang='lat' dir='ltr'><strong>laus,</strong></span> <span class='ocrx_word' id='word_1_400' title='bbox 3241 2369 3399 2424; x_wconf 80' lang='lat' dir='ltr'><strong>quam</strong></span> <span class='ocrx_word' id='word_1_401' title='bbox 3425 2357 3763 2411; x_wconf 75' lang='lat' dir='ltr'><strong>Bibliotheca:</strong></span> <span class='ocrx_word' id='word_1_402' title='bbox 3783 2371 3885 2411; x_wconf 75' lang='lat' dir='ltr'><strong>sum</strong></span> 
     </span>
    </p>
   </div>
   <div class='ocr_carea' id='block_1_51' title="bbox 2322 2450 3883 2524">
    <p class='ocr_par' dir='ltr' id='par_1_51' title="bbox 2322 2450 3883 2524">
     <span class='ocr_line' id='line_1_51' title="bbox 2322 2450 3883 2524; baseline -0.001 -20"><span class='ocrx_word' id='word_1_403' title='bbox 2322 2450 2712 2505; x_wconf 51' lang='lat' dir='ltr'><strong>Ecclesiasticae</strong></span> <span class='ocrx_word' id='word_1_404' title='bbox 2741 2450 2809 2524; x_wconf 83' lang='lat' dir='ltr'><strong>(j)</strong></span> <span class='ocrx_word' id='word_1_405' title='bbox 2859 2451 3193 2522; x_wconf 75' lang='lat' dir='ltr'><strong>consignavit</strong></span> <span class='ocrx_word' id='word_1_406' title='bbox 3230 2450 3533 2505; x_wconf 78' lang='lat' dir='ltr'><strong>Ludovicus</strong></span> <span class='ocrx_word' id='word_1_407' title='bbox 3574 2450 3735 2505; x_wconf 87' lang='lat' dir='ltr'><strong>Ellies</strong></span> <span class='ocrx_word' id='word_1_408' title='bbox 3784 2450 3883 2503; x_wconf 87' lang='lat' dir='ltr'><strong>Du-</strong></span> 
     </span>
    </p>
   </div>
   <div class='ocr_carea' id='block_1_52' title="bbox 2321 2541 3883 2613">
    <p class='ocr_par' dir='ltr' id='par_1_52' title="bbox 2321 2541 3883 2613">
     <span class='ocr_line' id='line_1_52' title="bbox 2321 2541 3883 2613; baseline -0.001 -18"><span class='ocrx_word' id='word_1_409' title='bbox 2321 2542 2516 2610; x_wconf 89' lang='lat' dir='ltr'><strong>pinius.</strong></span> <span class='ocrx_word' id='word_1_410' title='bbox 2551 2543 2790 2597; x_wconf 88' lang='lat' dir='ltr'><strong>Censura</strong></span> <span class='ocrx_word' id='word_1_411' title='bbox 2829 2541 3041 2612; x_wconf 91' lang='lat' dir='ltr'><strong>Dupinii</strong></span> <span class='ocrx_word' id='word_1_412' title='bbox 3075 2542 3307 2613; x_wconf 89' lang='lat' dir='ltr'><strong>primum</strong></span> <span class='ocrx_word' id='word_1_413' title='bbox 3341 2552 3587 2596; x_wconf 86' lang='lat' dir='ltr'><strong>versatur</strong></span> <span class='ocrx_word' id='word_1_414' title='bbox 3628 2541 3679 2595; x_wconf 93' lang='lat' dir='ltr'><strong>in</strong></span> <span class='ocrx_word' id='word_1_415' title='bbox 3711 2555 3796 2605; x_wconf 88' lang='lat' dir='ltr'><strong>eo,</strong></span> <span class='ocrx_word' id='word_1_416' title='bbox 3821 2541 3883 2595; x_wconf 92' lang='lat' dir='ltr'><strong>de</strong></span> 
     </span>
    </p>
   </div>
   <div class='ocr_carea' id='block_1_53' title="bbox 2317 2636 3884 2707">
    <p class='ocr_par' dir='ltr' id='par_1_53' title="bbox 2317 2636 3884 2707">
     <span class='ocr_line' id='line_1_53' title="bbox 2317 2636 3884 2707; baseline -0.001 -18"><span class='ocrx_word' id='word_1_417' title='bbox 2317 2653 2422 2707; x_wconf 91' lang='lat' dir='ltr'><strong>quo</strong></span> <span class='ocrx_word' id='word_1_418' title='bbox 2442 2636 2786 2692; x_wconf 78' lang='lat' dir='ltr'><strong>PhilaSIrium</strong></span> <span class='ocrx_word' id='word_1_419' title='bbox 2811 2648 3051 2692; x_wconf 88' lang='lat' dir='ltr'><strong>nostrum</strong></span> <span class='ocrx_word' id='word_1_420' title='bbox 3074 2637 3677 2699; x_wconf 85' lang='lat' dir='ltr'><strong>lereomnesaccusant,</strong></span> <span class='ocrx_word' id='word_1_421' title='bbox 3699 2648 3884 2701; x_wconf 83' lang='lat' dir='ltr'><strong>nempe</strong></span> 
     </span>
    </p>
   </div>
   <div class='ocr_carea' id='block_1_54' title="bbox 2316 2726 3883 2799">
    <p class='ocr_par' dir='ltr' id='par_1_54' title="bbox 2316 2726 3883 2799">
     <span class='ocr_line' id='line_1_54' title="bbox 2316 2726 3883 2799; baseline -0.005 -14"><span class='ocrx_word' id='word_1_422' title='bbox 2316 2728 2454 2799; x_wconf 84' lang='lat' dir='ltr'><strong>quod</strong></span> <span class='ocrx_word' id='word_1_423' title='bbox 2486 2731 2667 2797; x_wconf 87' lang='lat' dir='ltr'><strong>plures</strong></span> <span class='ocrx_word' id='word_1_424' title='bbox 2696 2728 2798 2782; x_wconf 90' lang='lat' dir='ltr'><strong>sibi</strong></span> <span class='ocrx_word' id='word_1_425' title='bbox 2838 2727 3154 2783; x_wconf 80' lang='lat' dir='ltr'><strong>conﬂuxerit</strong></span> <span class='ocrx_word' id='word_1_426' title='bbox 3192 2728 3429 2782; x_wconf 73' lang='lat' dir='ltr'><strong>haereses</strong></span> <span class='ocrx_word' id='word_1_427' title='bbox 3481 2742 3597 2797; x_wconf 65' lang='lat' dir='ltr'><strong>quae</strong></span> <span class='ocrx_word' id='word_1_428' title='bbox 3647 2726 3883 2795; x_wconf 87' lang='lat' dir='ltr'><strong>nuspiam</strong></span> 
     </span>
    </p>
   </div>
   <div class='ocr_carea' id='block_1_55' title="bbox 2318 2816 3887 2891">
    <p class='ocr_par' dir='ltr' id='par_1_55' title="bbox 2318 2816 3887 2891">
     <span class='ocr_line' id='line_1_55' title="bbox 2318 2816 3887 2891; baseline -0.004 -18"><span class='ocrx_word' id='word_1_429' title='bbox 2318 2820 2532 2876; x_wconf 84' lang='lat' dir='ltr'><strong>fuerunt</strong></span> <span class='ocrx_word' id='word_1_430' title='bbox 2556 2822 2651 2891; x_wconf 75' lang='lat' dir='ltr'><strong>(Ii),</strong></span> <span class='ocrx_word' id='word_1_431' title='bbox 2682 2829 2837 2889; x_wconf 86' lang='lat' dir='ltr'><strong>prout</strong></span> <span class='ocrx_word' id='word_1_432' title='bbox 2882 2819 3187 2881; x_wconf 76' lang='lat' dir='ltr'><strong>Nazarmos,</strong></span> <span class='ocrx_word' id='word_1_433' title='bbox 3218 2820 3626 2889; x_wconf 78' lang='lat' dir='ltr'><strong>ileliognostos,</strong></span> <span class='ocrx_word' id='word_1_434' title='bbox 3668 2816 3887 2871; x_wconf 67' lang='grc' dir='ltr'><strong>Μηδοτί-</strong></span> 
     </span>
    </p>
   </div>
   <div class='ocr_carea' id='block_1_56' title="bbox 2318 2907 3883 2981">
    <p class='ocr_par' dir='ltr' id='par_1_56' title="bbox 2318 2907 3883 2981">
     <span class='ocr_line' id='line_1_56' title="bbox 2318 2907 3883 2981; baseline -0.003 -17"><span class='ocrx_word' id='word_1_435' title='bbox 2318 2921 2419 2979; x_wconf 88' lang='lat' dir='ltr'><strong>tas,</strong></span> <span class='ocrx_word' id='word_1_436' title='bbox 2452 2911 2959 2975; x_wconf 83' lang='lat' dir='ltr'><strong>Museaccaronitas,</strong></span> <span class='ocrx_word' id='word_1_437' title='bbox 3009 2910 3383 2981; x_wconf 85' lang='lat' dir='ltr'><strong>Troglodytas,</strong></span> <span class='ocrx_word' id='word_1_438' title='bbox 3440 2907 3883 2971; x_wconf 66' lang='lat' dir='ltr'><strong>Fortunatianos,</strong></span> 
     </span>
    </p>
   </div>
   <div class='ocr_carea' id='block_1_57' title="bbox 2315 2998 3889 3076">
    <p class='ocr_par' dir='ltr' id='par_1_57' title="bbox 2315 2998 3889 3076">
     <span class='ocr_line' id='line_1_57' title="bbox 2315 2998 3889 3076; baseline -0.005 -17"><span class='ocrx_word' id='word_1_439' title='bbox 2315 3016 2494 3076; x_wconf 88' lang='lat' dir='ltr'><strong>atque,</strong></span> <span class='ocrx_word' id='word_1_440' title='bbox 2530 3015 2585 3058; x_wconf 93' lang='lat' dir='ltr'><strong>ut</strong></span> <span class='ocrx_word' id='word_1_441' title='bbox 2613 3005 2747 3058; x_wconf 86' lang='lat' dir='ltr'><strong>alios</strong></span> <span class='ocrx_word' id='word_1_442' title='bbox 2775 3014 3113 3071; x_wconf 71' lang='lat' dir='ltr'><strong>prmteream,</strong></span> <span class='ocrx_word' id='word_1_443' title='bbox 3155 3004 3317 3056; x_wconf 87' lang='lat' dir='ltr'><strong>etiam</strong></span> <span class='ocrx_word' id='word_1_444' title='bbox 3342 3002 3648 3073; x_wconf 81' lang='lat' dir='ltr'><strong>Cybelitas,</strong></span> <span class='ocrx_word' id='word_1_445' title='bbox 3679 2998 3889 3071; x_wconf 77' lang='lat' dir='ltr'><strong>Cybelis</strong></span> 
     </span>
    </p>
   </div>
   <div class='ocr_carea' id='block_1_58' title="bbox 2314 3088 3889 3163">
    <p class='ocr_par' dir='ltr' id='par_1_58' title="bbox 2314 3088 3889 3163">
     <span class='ocr_line' id='line_1_58' title="bbox 2314 3088 3889 3163; baseline -0.007 -12"><span class='ocrx_word' id='word_1_446' title='bbox 2314 3098 2521 3151; x_wconf 87' lang='lat' dir='ltr'><strong>scilicet</strong></span> <span class='ocrx_word' id='word_1_447' title='bbox 2550 3097 2818 3150; x_wconf 84' lang='lat' dir='ltr'><strong>cultorum</strong></span> <span class='ocrx_word' id='word_1_448' title='bbox 2852 3094 3170 3148; x_wconf 67' lang='lat' dir='ltr'><strong>imitatores.</strong></span> <span class='ocrx_word' id='word_1_449' title='bbox 3198 3094 3273 3147; x_wconf 89' lang='lat' dir='ltr'><strong>De</strong></span> <span class='ocrx_word' id='word_1_450' title='bbox 3295 3092 3555 3163; x_wconf 80' lang='lat' dir='ltr'><strong>Cyln-litis</strong></span> <span class='ocrx_word' id='word_1_451' title='bbox 3582 3091 3667 3158; x_wconf 89' lang='lat' dir='ltr'><strong>qui</strong></span> <span class='ocrx_word' id='word_1_452' title='bbox 3710 3100 3763 3143; x_wconf 87' lang='lat' dir='ltr'><strong>et</strong></span> <span class='ocrx_word' id='word_1_453' title='bbox 3791 3088 3889 3141; x_wconf 80' lang='lat' dir='ltr'><strong>Va-</strong></span> 
     </span>
    </p>
   </div>
   <div class='ocr_carea' id='block_1_59' title="bbox 2316 3182 3889 3257">
    <p class='ocr_par' dir='ltr' id='par_1_59' title="bbox 2316 3182 3889 3257">
     <span class='ocr_line' id='line_1_59' title="bbox 2316 3182 3889 3257; baseline -0.004 -13"><span class='ocrx_word' id='word_1_454' title='bbox 2316 3189 2431 3244; x_wconf 91' lang='lat' dir='ltr'><strong>lesii</strong></span> <span class='ocrx_word' id='word_1_455' title='bbox 2483 3188 2807 3257; x_wconf 87' lang='lat' dir='ltr'><strong>Epiphanio,</strong></span> <span class='ocrx_word' id='word_1_456' title='bbox 2849 3195 2903 3241; x_wconf 89' lang='lat' dir='ltr'><strong>et</strong></span> <span class='ocrx_word' id='word_1_457' title='bbox 2954 3186 3254 3254; x_wconf 80' lang='lat' dir='ltr'><strong>Augustino</strong></span> <span class='ocrx_word' id='word_1_458' title='bbox 3309 3186 3408 3252; x_wconf 82' lang='grc' dir='ltr'><strong>(ι),</strong></span> <span class='ocrx_word' id='word_1_459' title='bbox 3450 3182 3767 3236; x_wconf 84' lang='lat' dir='ltr'><strong>Philastrius</strong></span> <span class='ocrx_word' id='word_1_460' title='bbox 3828 3196 3889 3237; x_wconf 88' lang='lat' dir='ltr'><strong>ne</strong></span> 
     </span>
    </p>
   </div>
   <div class='ocr_carea' id='block_1_60' title="bbox 642 3275 3891 3358">
    <p class='ocr_par' dir='ltr' id='par_1_60' title="bbox 642 3275 3891 3358">
     <span class='ocr_line' id='line_1_60' title="bbox 642 3275 3891 3358; baseline 0 -29"><span class='ocrx_word' id='word_1_461' title='bbox 642 3275 931 3341; x_wconf 69' lang='lat' dir='ltr'><strong>Philastrio</strong></span> <span class='ocrx_word' id='word_1_462' title='bbox 972 3286 1155 3329; x_wconf 88' lang='lat' dir='ltr'><strong>nostro</strong></span> <span class='ocrx_word' id='word_1_463' title='bbox 1222 3292 1410 3346; x_wconf 89' lang='lat' dir='ltr'><strong>parum</strong></span> <span class='ocrx_word' id='word_1_464' title='bbox 1458 3278 1715 3331; x_wconf 88' lang='lat' dir='ltr'><strong>tribuere.</strong></span> <span class='ocrx_word' id='word_1_465' title='bbox 1761 3278 1930 3331; x_wconf 88' lang='lat' dir='ltr'><strong>Porro</strong></span> <span class='ocrx_word' id='word_1_466' title='bbox 1978 3293 2097 3346; x_wconf 72' lang='lat' dir='ltr'><strong>qua:</strong></span> <span class='ocrx_word' id='word_1_467' title='bbox 2149 3275 2284 3337; x_wconf 85' lang='lat' dir='ltr'><strong>abC</strong></span> <span class='ocrx_word' id='word_1_468' title='bbox 2317 3282 2536 3334; x_wconf 85' lang='lat' dir='ltr'><strong>verbum</strong></span> <span class='ocrx_word' id='word_1_469' title='bbox 2562 3278 2775 3351; x_wconf 77' lang='lat' dir='ltr'><strong>quidem</strong></span> <span class='ocrx_word' id='word_1_470' title='bbox 2818 3276 2943 3329; x_wconf 79' lang='lat' dir='ltr'><strong>facit</strong></span> <span class='ocrx_word' id='word_1_471' title='bbox 2982 3276 3181 3338; x_wconf 88' lang='lat' dir='ltr'><strong>ullum;</strong></span> <span class='ocrx_word' id='word_1_472' title='bbox 3210 3286 3440 3358; x_wconf 74' lang='lat' dir='ltr'><strong>czeteros</strong></span> <span class='ocrx_word' id='word_1_473' title='bbox 3488 3289 3635 3340; x_wconf 90' lang='lat' dir='ltr'><strong>vero,</strong></span> <span class='ocrx_word' id='word_1_474' title='bbox 3666 3287 3891 3343; x_wconf 79' lang='lat' dir='ltr'><strong>quorum</strong></span> 
     </span>
    </p>
   </div>
   <div class='ocr_carea' id='block_1_61' title="bbox 547 3367 2211 3441">
    <p class='ocr_par' dir='ltr' id='par_1_61' title="bbox 547 3367 2211 3441">
     <span class='ocr_line' id='line_1_61' title="bbox 547 3367 2211 3441; baseline 0.005 -22"><span class='ocrx_word' id='word_1_475' title='bbox 547 3374 550 3377; x_wconf 83' lang='grc'><strong>’</strong></span> <span class='ocrx_word' id='word_1_476' title='bbox 642 3371 757 3438; x_wconf 88' lang='lat' dir='ltr'><strong>ipso</strong></span> <span class='ocrx_word' id='word_1_477' title='bbox 795 3367 1124 3437; x_wconf 76' lang='lat' dir='ltr'><strong>Augustinus</strong></span> <span class='ocrx_word' id='word_1_478' title='bbox 1176 3371 1496 3439; x_wconf 88' lang='lat' dir='ltr'><strong>desumpsit,</strong></span> <span class='ocrx_word' id='word_1_479' title='bbox 1542 3380 1607 3424; x_wconf 85' lang='lat' dir='ltr'><strong>ea</strong></span> <span class='ocrx_word' id='word_1_480' title='bbox 1657 3378 1904 3437; x_wconf 88' lang='lat' dir='ltr'><strong>prostant</strong></span> <span class='ocrx_word' id='word_1_481' title='bbox 1946 3372 1997 3424; x_wconf 93' lang='lat' dir='ltr'><strong>in</strong></span> <span class='ocrx_word' id='word_1_482' title='bbox 2054 3371 2211 3441; x_wconf 84' lang='lat' dir='ltr'><strong>hujus</strong></span> 
     </span>
    </p>
   </div>
   <div class='ocr_carea' id='block_1_62' title="bbox 642 3460 2215 3531">
    <p class='ocr_par' dir='ltr' id='par_1_62' title="bbox 642 3460 2215 3531">
     <span class='ocr_line' id='line_1_62' title="bbox 642 3460 2215 3531; baseline 0.003 -19"><span class='ocrx_word' id='word_1_483' title='bbox 642 3462 905 3530; x_wconf 84' lang='lat' dir='ltr'><strong>opusculo</strong></span> <span class='ocrx_word' id='word_1_484' title='bbox 932 3462 993 3514; x_wconf 88' lang='lat' dir='ltr'><strong>de</strong></span> <span class='ocrx_word' id='word_1_485' title='bbox 1037 3462 1325 3515; x_wconf 78' lang='lat' dir='ltr'><strong>eresibns</strong></span> <span class='ocrx_word' id='word_1_486' title='bbox 1357 3479 1381 3512; x_wconf 86' lang='lat' dir='ltr'><strong>a</strong></span> <span class='ocrx_word' id='word_1_487' title='bbox 1415 3477 1532 3529; x_wconf 87' lang='lat' dir='ltr'><strong>cap.</strong></span> <span class='ocrx_word' id='word_1_488' title='bbox 1566 3460 1636 3516; x_wconf 84' lang='lat'><strong>58</strong></span> <span class='ocrx_word' id='word_1_489' title='bbox 1670 3479 1680 3513; x_wconf 93' lang='lat'>:</span> <span class='ocrx_word' id='word_1_490' title='bbox 1721 3460 1831 3516; x_wconf 87' lang='lat' dir='ltr'><strong>illic</strong></span> <span class='ocrx_word' id='word_1_491' title='bbox 1875 3462 2017 3516; x_wconf 90' lang='lat' dir='ltr'><strong>enim</strong></span> <span class='ocrx_word' id='word_1_492' title='bbox 2068 3472 2215 3531; x_wconf 89' lang='lat' dir='ltr'><strong>post-</strong></span> 
     </span>
    </p>
   </div>
   <div class='ocr_carea' id='block_1_63' title="bbox 641 3552 2214 3623">
    <p class='ocr_par' dir='ltr' id='par_1_63' title="bbox 641 3552 2214 3623">
     <span class='ocr_line' id='line_1_63' title="bbox 641 3552 2214 3623; baseline 0.004 -22"><span class='ocrx_word' id='word_1_493' title='bbox 641 3567 798 3621; x_wconf 83' lang='lat' dir='ltr'><strong>quam</strong></span> <span class='ocrx_word' id='word_1_494' title='bbox 827 3552 1057 3606; x_wconf 65' lang='lat' dir='ltr'><strong>lttereses</strong></span> <span class='ocrx_word' id='word_1_495' title='bbox 1106 3553 1173 3605; x_wconf 87' lang='lat' dir='ltr'><strong>ab</strong></span> <span class='ocrx_word' id='word_1_496' title='bbox 1200 3552 1503 3623; x_wconf 79' lang='lat' dir='ltr'><strong>Epiphanio</strong></span> <span class='ocrx_word' id='word_1_497' title='bbox 1551 3562 1994 3619; x_wconf 79' lang='lat' dir='ltr'><strong>commemoratas</strong></span> <span class='ocrx_word' id='word_1_498' title='bbox 2026 3568 2214 3607; x_wconf 86' lang='lat' dir='ltr'><strong>recen—</strong></span> 
     </span>
    </p>
   </div>
   <div class='ocr_carea' id='block_1_64' title="bbox 639 3639 2213 3713">
    <p class='ocr_par' dir='ltr' id='par_1_64' title="bbox 639 3639 2213 3713">
     <span class='ocr_line' id='line_1_64' title="bbox 639 3639 2213 3713; baseline 0.001 -18"><span class='ocrx_word' id='word_1_499' title='bbox 639 3643 767 3706; x_wconf 83' lang='lat' dir='ltr'><strong>suit,</strong></span> <span class='ocrx_word' id='word_1_500' title='bbox 796 3644 872 3696; x_wconf 62' lang='lat' dir='ltr'><strong>sic</strong></span> <span class='ocrx_word' id='word_1_501' title='bbox 897 3644 972 3696; x_wconf 89' lang='lat' dir='ltr'><strong>ait</strong></span> <span class='ocrx_word' id='word_1_502' title='bbox 1010 3660 1021 3695; x_wconf 89' lang='lat'>:</span> <span class='ocrx_word' id='word_1_503' title='bbox 1070 3641 1225 3696; x_wconf 82' lang='lat' dir='ltr'><strong>Nunc</strong></span> <span class='ocrx_word' id='word_1_504' title='bbox 1269 3643 1404 3694; x_wconf 84' lang='lat' dir='ltr'><strong>addo</strong></span> <span class='ocrx_word' id='word_1_505' title='bbox 1431 3658 1557 3712; x_wconf 81' lang='lat' dir='ltr'><strong>quas</strong></span> <span class='ocrx_word' id='word_1_506' title='bbox 1598 3639 1857 3695; x_wconf 80' lang='lat' dir='ltr'><strong>Philoster</strong></span> <span class='ocrx_word' id='word_1_507' title='bbox 1887 3644 2074 3713; x_wconf 85' lang='lat' dir='ltr'><strong>posuit,</strong></span> <span class='ocrx_word' id='word_1_508' title='bbox 2124 3660 2213 3696; x_wconf 85' lang='lat' dir='ltr'><strong>nec</strong></span> 
     </span>
    </p>
   </div>
   <div class='ocr_carea' id='block_1_65' title="bbox 642 3734 2211 3805">
    <p class='ocr_par' dir='ltr' id='par_1_65' title="bbox 642 3734 2211 3805">
     <span class='ocr_line' id='line_1_65' title="bbox 642 3734 2211 3805; baseline 0.003 -19"><span class='ocrx_word' id='word_1_509' title='bbox 642 3737 812 3800; x_wconf 85' lang='lat' dir='ltr'><strong>posuit</strong></span> <span class='ocrx_word' id='word_1_510' title='bbox 841 3734 1179 3804; x_wconf 75' lang='lat' dir='ltr'><strong>Epiphanius.</strong></span> <span class='ocrx_word' id='word_1_511' title='bbox 1215 3738 1395 3805; x_wconf 87' lang='lat' dir='ltr'><strong>Itaque</strong></span> <span class='ocrx_word' id='word_1_512' title='bbox 1422 3736 1521 3789; x_wconf 86' lang='lat' dir='ltr'><strong>nisi</strong></span> <span class='ocrx_word' id='word_1_513' title='bbox 1547 3734 1820 3790; x_wconf 84' lang='lat' dir='ltr'><strong>Philastrii</strong></span> <span class='ocrx_word' id='word_1_514' title='bbox 1856 3736 1982 3789; x_wconf 89' lang='lat' dir='ltr'><strong>liber</strong></span> <span class='ocrx_word' id='word_1_515' title='bbox 2003 3737 2066 3790; x_wconf 89' lang='lat' dir='ltr'><strong>de</strong></span> <span class='ocrx_word' id='word_1_516' title='bbox 2089 3735 2211 3790; x_wconf 74' lang='lat' dir='ltr'><strong>Ha:-</strong></span> 
     </span>
    </p>
   </div>
   <div class='ocr_carea' id='block_1_66' title="bbox 642 3824 2211 3896">
    <p class='ocr_par' dir='ltr' id='par_1_66' title="bbox 642 3824 2211 3896">
     <span class='ocr_line' id='line_1_66' title="bbox 642 3824 2211 3896; baseline 0.001 -16"><span class='ocrx_word' id='word_1_517' title='bbox 642 3829 837 3881; x_wconf 83' lang='lat' dir='ltr'><strong>resibns</strong></span> <span class='ocrx_word' id='word_1_518' title='bbox 884 3838 1141 3891; x_wconf 76' lang='lat' dir='ltr'><strong>exstaret,</strong></span> <span class='ocrx_word' id='word_1_519' title='bbox 1175 3828 1332 3896; x_wconf 87' lang='lat' dir='ltr'><strong>plane</strong></span> <span class='ocrx_word' id='word_1_520' title='bbox 1372 3827 1586 3881; x_wconf 89' lang='lat' dir='ltr'><strong>Seleuci</strong></span> <span class='ocrx_word' id='word_1_521' title='bbox 1631 3834 1686 3881; x_wconf 87' lang='lat' dir='ltr'><strong>et</strong></span> <span class='ocrx_word' id='word_1_522' title='bbox 1715 3824 1944 3881; x_wconf 61' lang='lat' dir='ltr'><strong>Hormiae</strong></span> <span class='ocrx_word' id='word_1_523' title='bbox 1976 3827 2211 3881; x_wconf 67' lang='lat' dir='ltr'><strong>haereses</strong></span> 
     </span>
    </p>
   </div>
   <div class='ocr_carea' id='block_1_67' title="bbox 643 3914 2213 3983">
    <p class='ocr_par' dir='ltr' id='par_1_67' title="bbox 643 3914 2213 3983">
     <span class='ocr_line' id='line_1_67' title="bbox 643 3914 2213 3983; baseline 0.001 -14"><span class='ocrx_word' id='word_1_524' title='bbox 643 3918 712 3970; x_wconf 88' lang='lat' dir='ltr'><strong>de</strong></span> <span class='ocrx_word' id='word_1_525' title='bbox 741 3917 851 3969; x_wconf 87' lang='lat' dir='ltr'><strong>Deo</strong></span> <span class='ocrx_word' id='word_1_526' title='bbox 902 3932 1183 3983; x_wconf 82' lang='lat' dir='ltr'><strong>corporeo,</strong></span> <span class='ocrx_word' id='word_1_527' title='bbox 1218 3916 1282 3967; x_wconf 82' lang='lat' dir='ltr'><strong>de</strong></span> <span class='ocrx_word' id='word_1_528' title='bbox 1328 3914 1507 3967; x_wconf 83' lang='lat' dir='ltr'><strong>Mundi</strong></span> <span class='ocrx_word' id='word_1_529' title='bbox 1561 3914 1803 3975; x_wconf 81' lang='lat' dir='ltr'><strong>materia,</strong></span> <span class='ocrx_word' id='word_1_530' title='bbox 1845 3914 1911 3968; x_wconf 90' lang='lat' dir='ltr'><strong>de</strong></span> <span class='ocrx_word' id='word_1_531' title='bbox 1940 3916 2213 3970; x_wconf 84' lang='lat' dir='ltr'><strong>creatione</strong></span> 
     </span>
    </p>
   </div>
   <div class='ocr_carea' id='block_1_68' title="bbox 642 4003 2213 4074">
    <p class='ocr_par' dir='ltr' id='par_1_68' title="bbox 642 4003 2213 4074">
     <span class='ocr_line' id='line_1_68' title="bbox 642 4003 2213 4074; baseline -0.003 -10"><span class='ocrx_word' id='word_1_532' title='bbox 642 4010 965 4073; x_wconf 88' lang='lat' dir='ltr'><strong>animarum,</strong></span> <span class='ocrx_word' id='word_1_533' title='bbox 997 4006 1235 4074; x_wconf 88' lang='lat' dir='ltr'><strong>aliasque</strong></span> <span class='ocrx_word' id='word_1_534' title='bbox 1266 4005 1474 4058; x_wconf 87' lang='lat' dir='ltr'><strong>similes</strong></span> <span class='ocrx_word' id='word_1_535' title='bbox 1501 4003 1884 4071; x_wconf 79' lang='lat' dir='ltr'><strong>ignoraremus,</strong></span> <span class='ocrx_word' id='word_1_536' title='bbox 1930 4020 2059 4073; x_wconf 86' lang='lat' dir='ltr'><strong>quas</strong></span> <span class='ocrx_word' id='word_1_537' title='bbox 2092 4007 2213 4062; x_wconf 91' lang='lat' dir='ltr'><strong>toti-</strong></span> 
     </span>
    </p>
   </div>
   <div class='ocr_carea' id='block_1_69' title="bbox 640 4095 2208 4167">
    <p class='ocr_par' dir='ltr' id='par_1_69' title="bbox 640 4095 2208 4167">
     <span class='ocr_line' id='line_1_69' title="bbox 640 4095 2208 4167; baseline -0.004 -11"><span class='ocrx_word' id='word_1_538' title='bbox 640 4101 764 4156; x_wconf 89' lang='lat' dir='ltr'><strong>dem</strong></span> <span class='ocrx_word' id='word_1_539' title='bbox 795 4099 961 4155; x_wconf 85' lang='lat' dir='ltr'><strong>l&#39;erme</strong></span> <span class='ocrx_word' id='word_1_540' title='bbox 981 4099 1159 4152; x_wconf 83' lang='lat' dir='ltr'><strong>verbis</strong></span> <span class='ocrx_word' id='word_1_541' title='bbox 1188 4112 1217 4150; x_wconf 90' lang='lat' dir='ltr'><strong>a</strong></span> <span class='ocrx_word' id='word_1_542' title='bbox 1244 4095 1530 4151; x_wconf 88' lang='lat' dir='ltr'><strong>Philastrio</strong></span> <span class='ocrx_word' id='word_1_543' title='bbox 1553 4096 1884 4165; x_wconf 82' lang='lat' dir='ltr'><strong>Augustinus</strong></span> <span class='ocrx_word' id='word_1_544' title='bbox 1907 4096 2208 4167; x_wconf 77' lang='lat' dir='ltr'><strong>exscripsit;</strong></span> 
     </span>
    </p>
   </div>
   <div class='ocr_carea' id='block_1_70' title="bbox 641 4186 2215 4261">
    <p class='ocr_par' dir='ltr' id='par_1_70' title="bbox 641 4186 2215 4261">
     <span class='ocr_line' id='line_1_70' title="bbox 641 4186 2215 4261; baseline -0.002 -15"><span class='ocrx_word' id='word_1_545' title='bbox 641 4201 803 4261; x_wconf 85' lang='lat' dir='ltr'><strong>prout.</strong></span> <span class='ocrx_word' id='word_1_546' title='bbox 852 4191 1223 4260; x_wconf 76' lang='lat' dir='ltr'><strong>ignoraremus</strong></span> <span class='ocrx_word' id='word_1_547' title='bbox 1273 4186 1650 4253; x_wconf 86' lang='lat' dir='ltr'><strong>Proclianitas,</strong></span> <span class='ocrx_word' id='word_1_548' title='bbox 1682 4188 2036 4256; x_wconf 85' lang='lat' dir='ltr'><strong>Patricianos,</strong></span> <span class='ocrx_word' id='word_1_549' title='bbox 2064 4189 2215 4243; x_wconf 85' lang='lat' dir='ltr'><strong>Asci-</strong></span> 
     </span>
    </p>
   </div>
   <div class='ocr_carea' id='block_1_71' title="bbox 640 4279 2211 4349">
    <p class='ocr_par' dir='ltr' id='par_1_71' title="bbox 640 4279 2211 4349">
     <span class='ocr_line' id='line_1_71' title="bbox 640 4279 2211 4349; baseline 0.001 -15"><span class='ocrx_word' id='word_1_550' title='bbox 640 4293 744 4345; x_wconf 91' lang='lat' dir='ltr'><strong>tas,</strong></span> <span class='ocrx_word' id='word_1_551' title='bbox 776 4281 1056 4349; x_wconf 86' lang='lat' dir='ltr'><strong>Aquarios,</strong></span> <span class='ocrx_word' id='word_1_552' title='bbox 1081 4279 1317 4347; x_wconf 89' lang='lat' dir='ltr'><strong>aliosque</strong></span> <span class='ocrx_word' id='word_1_553' title='bbox 1344 4279 1669 4347; x_wconf 86' lang='lat' dir='ltr'><strong>complures,</strong></span> <span class='ocrx_word' id='word_1_554' title='bbox 1698 4295 1831 4348; x_wconf 89' lang='lat' dir='ltr'><strong>quos</strong></span> <span class='ocrx_word' id='word_1_555' title='bbox 1867 4295 1894 4333; x_wconf 89' lang='lat' dir='ltr'><strong>a</strong></span> <span class='ocrx_word' id='word_1_556' title='bbox 1922 4280 2211 4335; x_wconf 90' lang='lat' dir='ltr'><strong>Philastrio</strong></span> 
     </span>
    </p>
   </div>
   <div class='ocr_carea' id='block_1_72' title="bbox 638 4374 2210 4445">
    <p class='ocr_par' dir='ltr' id='par_1_72' title="bbox 638 4374 2210 4445">
     <span class='ocr_line' id='line_1_72' title="bbox 638 4374 2210 4445; baseline 0.003 -16"><span class='ocrx_word' id='word_1_557' title='bbox 638 4386 890 4445; x_wconf 87' lang='lat' dir='ltr'><strong>acceptos</strong></span> <span class='ocrx_word' id='word_1_558' title='bbox 942 4375 995 4428; x_wconf 90' lang='lat' dir='ltr'><strong>in</strong></span> <span class='ocrx_word' id='word_1_559' title='bbox 1046 4389 1326 4428; x_wconf 89' lang='lat' dir='ltr'><strong>numerum</strong></span> <span class='ocrx_word' id='word_1_560' title='bbox 1376 4374 1580 4444; x_wconf 81' lang='lat' dir='ltr'><strong>redegit</strong></span> <span class='ocrx_word' id='word_1_561' title='bbox 1609 4376 1951 4445; x_wconf 88' lang='lat' dir='ltr'><strong>Augustinus.</strong></span> <span class='ocrx_word' id='word_1_562' title='bbox 2004 4379 2210 4433; x_wconf 72' lang='lat' dir='ltr'><strong>Anima:</strong></span> 
     </span>
    </p>
   </div>
   <div class='ocr_carea' id='block_1_73' title="bbox 639 4464 2212 4531">
    <p class='ocr_par' dir='ltr' id='par_1_73' title="bbox 639 4464 2212 4531">
     <span class='ocr_line' id='line_1_73' title="bbox 639 4464 2212 4531; baseline 0.003 -11"><span class='ocrx_word' id='word_1_563' title='bbox 639 4466 1095 4520; x_wconf 86' lang='lat' dir='ltr'><strong>immortalitatem</strong></span> <span class='ocrx_word' id='word_1_564' title='bbox 1126 4464 1364 4531; x_wconf 90' lang='lat' dir='ltr'><strong>pluribus</strong></span> <span class='ocrx_word' id='word_1_565' title='bbox 1410 4466 1460 4517; x_wconf 91' lang='lat' dir='ltr'><strong>in</strong></span> <span class='ocrx_word' id='word_1_566' title='bbox 1513 4466 1643 4519; x_wconf 91' lang='lat' dir='ltr'><strong>locis</strong></span> <span class='ocrx_word' id='word_1_567' title='bbox 1688 4467 1966 4521; x_wconf 75' lang='lat' dir='ltr'><strong>confirmat</strong></span> <span class='ocrx_word' id='word_1_568' title='bbox 2006 4467 2212 4524; x_wconf 88' lang='lat' dir='ltr'><strong>Philas-</strong></span> 
     </span>
    </p>
   </div>
   <div class='ocr_carea' id='block_1_74' title="bbox 638 4553 2207 4627">
    <p class='ocr_par' dir='ltr' id='par_1_74' title="bbox 638 4553 2207 4627">
     <span class='ocr_line' id='line_1_74' title="bbox 638 4553 2207 4627; baseline -0.005 -18"><span class='ocrx_word' id='word_1_569' title='bbox 638 4556 809 4617; x_wconf 84' lang='lat' dir='ltr'><strong>trius,</strong></span> <span class='ocrx_word' id='word_1_570' title='bbox 856 4569 1081 4621; x_wconf 86' lang='lat' dir='ltr'><strong>eamque</strong></span> <span class='ocrx_word' id='word_1_571' title='bbox 1121 4568 1151 4605; x_wconf 89' lang='lat' dir='ltr'><strong>a</strong></span> <span class='ocrx_word' id='word_1_572' title='bbox 1194 4553 1517 4619; x_wconf 85' lang='lat' dir='ltr'><strong>Carpocrate</strong></span> <span class='ocrx_word' id='word_1_573' title='bbox 1547 4570 1756 4623; x_wconf 86' lang='lat' dir='ltr'><strong>quoque</strong></span> <span class='ocrx_word' id='word_1_574' title='bbox 1796 4556 1866 4627; x_wconf 69' lang='grc' dir='ltr'><strong>(ί)</strong></span> <span class='ocrx_word' id='word_1_575' title='bbox 1914 4566 1967 4611; x_wconf 76' lang='lat' dir='ltr'><strong>et</strong></span> <span class='ocrx_word' id='word_1_576' title='bbox 2011 4559 2207 4613; x_wconf 67' lang='lat' dir='ltr'><strong>Vale&quot;-</strong></span> 
     </span>
    </p>
   </div>
   <div class='ocr_carea' id='block_1_75' title="bbox 2318 3364 3890 3440">
    <p class='ocr_par' dir='ltr' id='par_1_75' title="bbox 2318 3364 3890 3440">
     <span class='ocr_line' id='line_1_75' title="bbox 2318 3364 3890 3440; baseline -0.002 -18"><span class='ocrx_word' id='word_1_577' title='bbox 2318 3371 2496 3440; x_wconf 89' lang='lat' dir='ltr'><strong>plures</strong></span> <span class='ocrx_word' id='word_1_578' title='bbox 2526 3384 2633 3423; x_wconf 91' lang='lat' dir='ltr'><strong>non</strong></span> <span class='ocrx_word' id='word_1_579' title='bbox 2689 3366 2945 3431; x_wconf 63' lang='lat' dir='ltr'><strong>haeretici,</strong></span> <span class='ocrx_word' id='word_1_580' title='bbox 2978 3366 3071 3420; x_wconf 90' lang='lat' dir='ltr'><strong>sed</strong></span> <span class='ocrx_word' id='word_1_581' title='bbox 3123 3366 3419 3422; x_wconf 64' lang='lat' dir='ltr'><strong>idololatria</strong></span> <span class='ocrx_word' id='word_1_582' title='bbox 3450 3368 3626 3435; x_wconf 82' lang='lat' dir='ltr'><strong>potius</strong></span> <span class='ocrx_word' id='word_1_583' title='bbox 3668 3364 3890 3420; x_wconf 81' lang='lat' dir='ltr'><strong>vorandi</strong></span> 
     </span>
    </p>
   </div>
   <div class='ocr_carea' id='block_1_76' title="bbox 2315 3458 3891 3527">
    <p class='ocr_par' dir='ltr' id='par_1_76' title="bbox 2315 3458 3891 3527">
     <span class='ocr_line' id='line_1_76' title="bbox 2315 3458 3891 3527; baseline -0.002 -10"><span class='ocrx_word' id='word_1_584' title='bbox 2315 3472 2489 3525; x_wconf 87' lang='lat' dir='ltr'><strong>erant,</strong></span> <span class='ocrx_word' id='word_1_585' title='bbox 2536 3460 2827 3527; x_wconf 62' lang='lat' dir='ltr'><strong>Scriptura;</strong></span> <span class='ocrx_word' id='word_1_586' title='bbox 2878 3468 3332 3524; x_wconf 84' lang='lat' dir='ltr'><strong>commemorant,</strong></span> <span class='ocrx_word' id='word_1_587' title='bbox 3383 3471 3607 3527; x_wconf 92' lang='lat' dir='ltr'><strong>quarum</strong></span> <span class='ocrx_word' id='word_1_588' title='bbox 3656 3458 3891 3527; x_wconf 76' lang='lat' dir='ltr'><strong>vestigiis</strong></span> 
     </span>
    </p>
   </div>
   <div class='ocr_carea' id='block_1_77' title="bbox 2315 3549 3892 3620">
    <p class='ocr_par' dir='ltr' id='par_1_77' title="bbox 2315 3549 3892 3620">
     <span class='ocr_line' id='line_1_77' title="bbox 2315 3549 3892 3620; baseline -0.001 -15"><span class='ocrx_word' id='word_1_589' title='bbox 2315 3551 2542 3607; x_wconf 63' lang='lat' dir='ltr'><strong>inhaeret</strong></span> <span class='ocrx_word' id='word_1_590' title='bbox 2588 3550 2923 3606; x_wconf 88' lang='lat' dir='ltr'><strong>Philastrius.</strong></span> <span class='ocrx_word' id='word_1_591' title='bbox 2970 3550 3251 3604; x_wconf 74' lang='lat' dir='ltr'><strong>Nazarams</strong></span> <span class='ocrx_word' id='word_1_592' title='bbox 3282 3550 3518 3620; x_wconf 77' lang='lat' dir='ltr'><strong>agnoscit</strong></span> <span class='ocrx_word' id='word_1_593' title='bbox 3550 3550 3713 3604; x_wconf 87' lang='lat' dir='ltr'><strong>etiam</strong></span> <span class='ocrx_word' id='word_1_594' title='bbox 3771 3549 3892 3619; x_wconf 86' lang='lat' dir='ltr'><strong>Epi-</strong></span> 
     </span>
    </p>
   </div>
   <div class='ocr_carea' id='block_1_78' title="bbox 2316 3642 3892 3716">
    <p class='ocr_par' dir='ltr' id='par_1_78' title="bbox 2316 3642 3892 3716">
     <span class='ocr_line' id='line_1_78' title="bbox 2316 3642 3892 3716; baseline -0.001 -19"><span class='ocrx_word' id='word_1_595' title='bbox 2316 3645 2543 3715; x_wconf 90' lang='lat' dir='ltr'><strong>phanius</strong></span> <span class='ocrx_word' id='word_1_596' title='bbox 2562 3653 2612 3697; x_wconf 84' lang='lat' dir='ltr'><strong>et</strong></span> <span class='ocrx_word' id='word_1_597' title='bbox 2633 3644 2963 3713; x_wconf 73' lang='lat' dir='ltr'><strong>Augustinus</strong></span> <span class='ocrx_word' id='word_1_598' title='bbox 2994 3642 3114 3716; x_wconf 87' lang='lat' dir='ltr'><strong>(m):</strong></span> <span class='ocrx_word' id='word_1_599' title='bbox 3139 3642 3493 3713; x_wconf 80' lang='lat' dir='ltr'><strong>Troglodytas</strong></span> <span class='ocrx_word' id='word_1_600' title='bbox 3514 3652 3691 3696; x_wconf 85' lang='lat' dir='ltr'><strong>autem</strong></span> <span class='ocrx_word' id='word_1_601' title='bbox 3714 3642 3892 3697; x_wconf 88' lang='lat' dir='ltr'><strong>Theo-</strong></span> 
     </span>
    </p>
   </div>
   <div class='ocr_carea' id='block_1_79' title="bbox 2313 3734 3892 3804">
    <p class='ocr_par' dir='ltr' id='par_1_79' title="bbox 2313 3734 3892 3804">
     <span class='ocr_line' id='line_1_79' title="bbox 2313 3734 3892 3804; baseline 0 -15"><span class='ocrx_word' id='word_1_602' title='bbox 2313 3737 2539 3801; x_wconf 82' lang='lat' dir='ltr'><strong>doritus,</strong></span> <span class='ocrx_word' id='word_1_603' title='bbox 2586 3736 2673 3804; x_wconf 87' lang='lat' dir='ltr'><strong>qui</strong></span> <span class='ocrx_word' id='word_1_604' title='bbox 2727 3734 2915 3788; x_wconf 87' lang='lat' dir='ltr'><strong>eadem</strong></span> <span class='ocrx_word' id='word_1_605' title='bbox 2989 3734 3354 3803; x_wconf 87' lang='lat' dir='ltr'><strong>appellatione</strong></span> <span class='ocrx_word' id='word_1_606' title='bbox 3413 3734 3782 3789; x_wconf 85' lang='lat' dir='ltr'><strong>Eunomianos</strong></span> <span class='ocrx_word' id='word_1_607' title='bbox 3843 3742 3892 3789; x_wconf 86' lang='lat' dir='ltr'><strong>et</strong></span> 
     </span>
    </p>
   </div>
   <div class='ocr_carea' id='block_1_80' title="bbox 2314 3824 3891 3892">
    <p class='ocr_par' dir='ltr' id='par_1_80' title="bbox 2314 3824 3891 3892">
     <span class='ocr_line' id='line_1_80' title="bbox 2314 3824 3891 3892; baseline -0.001 -11"><span class='ocrx_word' id='word_1_608' title='bbox 2314 3827 2564 3881; x_wconf 73' lang='lat' dir='ltr'><strong>Aelianas</strong></span> <span class='ocrx_word' id='word_1_609' title='bbox 2602 3835 2936 3892; x_wconf 82' lang='lat' dir='ltr'><strong>nuncupatos</strong></span> <span class='ocrx_word' id='word_1_610' title='bbox 2977 3825 3182 3889; x_wconf 88' lang='lat' dir='ltr'><strong>scribit,</strong></span> <span class='ocrx_word' id='word_1_611' title='bbox 3217 3840 3280 3877; x_wconf 86' lang='lat' dir='ltr'><strong>eo</strong></span> <span class='ocrx_word' id='word_1_612' title='bbox 3302 3824 3442 3892; x_wconf 88' lang='lat' dir='ltr'><strong>quod</strong></span> <span class='ocrx_word' id='word_1_613' title='bbox 3470 3826 3517 3877; x_wconf 79' lang='grc' dir='ltr'><strong>ἐν</strong></span> <span class='ocrx_word' id='word_1_614' title='bbox 3540 3825 3743 3884; x_wconf 74' lang='grc' dir='ltr'><strong>οἰκείαις</strong></span> <span class='ocrx_word' id='word_1_615' title='bbox 3778 3825 3891 3879; x_wconf 79' lang='grc' dir='ltr'><strong>λανο</strong></span> 
     </span>
    </p>
   </div>
   <div class='ocr_carea' id='block_1_81' title="bbox 2314 3913 3892 3983">
    <p class='ocr_par' dir='ltr' id='par_1_81' title="bbox 2314 3913 3892 3983">
     <span class='ocr_line' id='line_1_81' title="bbox 2314 3913 3892 3983; baseline 0.001 -15"><span class='ocrx_word' id='word_1_616' title='bbox 2314 3918 2583 3975; x_wconf 78' lang='grc' dir='ltr'><strong>θανούσαις</strong></span> <span class='ocrx_word' id='word_1_617' title='bbox 2606 3915 2978 3977; x_wconf 81' lang='lat' dir='ltr'><strong>convenirent,</strong></span> <span class='ocrx_word' id='word_1_618' title='bbox 3007 3915 3148 3981; x_wconf 86' lang='lat' dir='ltr'><strong>quod</strong></span> <span class='ocrx_word' id='word_1_619' title='bbox 3174 3914 3378 3983; x_wconf 89' lang='lat' dir='ltr'><strong>pridem</strong></span> <span class='ocrx_word' id='word_1_620' title='bbox 3407 3915 3679 3968; x_wconf 85' lang='lat' dir='ltr'><strong>annotavit</strong></span> <span class='ocrx_word' id='word_1_621' title='bbox 3703 3913 3892 3970; x_wconf 87' lang='lat' dir='ltr'><strong>Fabri-</strong></span> 
     </span>
    </p>
   </div>
   <div class='ocr_carea' id='block_1_82' title="bbox 2315 4002 3891 4077">
    <p class='ocr_par' dir='ltr' id='par_1_82' title="bbox 2315 4002 3891 4077">
     <span class='ocr_line' id='line_1_82' title="bbox 2315 4002 3891 4077; baseline 0 -18"><span class='ocrx_word' id='word_1_622' title='bbox 2315 4006 2426 4059; x_wconf 89' lang='lat' dir='ltr'><strong>cius</strong></span> <span class='ocrx_word' id='word_1_623' title='bbox 2456 4003 2554 4077; x_wconf 87' lang='grc' dir='ltr'><strong>(η).</strong></span> <span class='ocrx_word' id='word_1_624' title='bbox 2586 4003 2755 4071; x_wconf 84' lang='lat' dir='ltr'><strong>Quam</strong></span> <span class='ocrx_word' id='word_1_625' title='bbox 2808 4004 2945 4057; x_wconf 88' lang='lat' dir='ltr'><strong>male</strong></span> <span class='ocrx_word' id='word_1_626' title='bbox 2972 4019 3133 4071; x_wconf 91' lang='lat' dir='ltr'><strong>porro</strong></span> <span class='ocrx_word' id='word_1_627' title='bbox 3174 4003 3433 4072; x_wconf 90' lang='lat' dir='ltr'><strong>Dupinius</strong></span> <span class='ocrx_word' id='word_1_628' title='bbox 3462 4002 3693 4059; x_wconf 75' lang='lat' dir='ltr'><strong>afﬁrmet</strong></span> <span class='ocrx_word' id='word_1_629' title='bbox 3722 4006 3891 4061; x_wconf 88' lang='lat' dir='ltr'><strong>nemi-</strong></span> 
     </span>
    </p>
   </div>
   <div class='ocr_carea' id='block_1_83' title="bbox 2315 4093 3890 4165">
    <p class='ocr_par' dir='ltr' id='par_1_83' title="bbox 2315 4093 3890 4165">
     <span class='ocr_line' id='line_1_83' title="bbox 2315 4093 3890 4165; baseline -0.001 -15"><span class='ocrx_word' id='word_1_630' title='bbox 2315 4112 2433 4151; x_wconf 90' lang='lat' dir='ltr'><strong>nem</strong></span> <span class='ocrx_word' id='word_1_631' title='bbox 2476 4106 2669 4165; x_wconf 68' lang='lat' dir='ltr'><strong>praeter</strong></span> <span class='ocrx_word' id='word_1_632' title='bbox 2694 4094 3034 4150; x_wconf 88' lang='lat' dir='ltr'><strong>Philastrium</strong></span> <span class='ocrx_word' id='word_1_633' title='bbox 3060 4094 3292 4147; x_wconf 91' lang='lat' dir='ltr'><strong>locutum</strong></span> <span class='ocrx_word' id='word_1_634' title='bbox 3315 4108 3435 4148; x_wconf 89' lang='lat' dir='ltr'><strong>esse</strong></span> <span class='ocrx_word' id='word_1_635' title='bbox 3456 4095 3523 4149; x_wconf 90' lang='lat' dir='ltr'><strong>de</strong></span> <span class='ocrx_word' id='word_1_636' title='bbox 3548 4093 3803 4157; x_wconf 80' lang='lat' dir='ltr'><strong>Judaitis,</strong></span> <span class='ocrx_word' id='word_1_637' title='bbox 3827 4094 3890 4149; x_wconf 89' lang='lat' dir='ltr'><strong>de</strong></span> 
     </span>
    </p>
   </div>
   <div class='ocr_carea' id='block_1_84' title="bbox 2315 4183 3888 4251">
    <p class='ocr_par' dir='ltr' id='par_1_84' title="bbox 2315 4183 3888 4251">
     <span class='ocr_line' id='line_1_84' title="bbox 2315 4183 3888 4251; baseline -0.004 -8"><span class='ocrx_word' id='word_1_638' title='bbox 2315 4189 2801 4251; x_wconf 83' lang='lat' dir='ltr'><strong>Passaloriuchitis,</strong></span> <span class='ocrx_word' id='word_1_639' title='bbox 2840 4187 2907 4241; x_wconf 89' lang='lat' dir='ltr'><strong>de</strong></span> <span class='ocrx_word' id='word_1_640' title='bbox 2969 4184 3264 4247; x_wconf 82' lang='lat' dir='ltr'><strong>Rhetoriis,</strong></span> <span class='ocrx_word' id='word_1_641' title='bbox 3298 4183 3363 4238; x_wconf 89' lang='lat' dir='ltr'><strong>de</strong></span> <span class='ocrx_word' id='word_1_642' title='bbox 3414 4185 3768 4248; x_wconf 71' lang='lat' dir='ltr'><strong>Emolceatis,</strong></span> <span class='ocrx_word' id='word_1_643' title='bbox 3800 4185 3888 4237; x_wconf 86' lang='lat' dir='ltr'><strong>ad-</strong></span> 
     </span>
    </p>
   </div>
   <div class='ocr_carea' id='block_1_85' title="bbox 2308 4272 3891 4349">
    <p class='ocr_par' dir='ltr' id='par_1_85' title="bbox 2308 4272 3891 4349">
     <span class='ocr_line' id='line_1_85' title="bbox 2308 4272 3891 4349; baseline -0.006 -11"><span class='ocrx_word' id='word_1_644' title='bbox 2308 4272 2615 4338; x_wconf 85' lang='lat' dir='ltr'><strong>monuimus</strong></span> <span class='ocrx_word' id='word_1_645' title='bbox 2644 4282 2694 4335; x_wconf 92' lang='lat' dir='ltr'><strong>in</strong></span> <span class='ocrx_word' id='word_1_646' title='bbox 2725 4280 3008 4349; x_wconf 82' lang='lat' dir='ltr'><strong>Spicilegio</strong></span> <span class='ocrx_word' id='word_1_647' title='bbox 3038 4277 3131 4348; x_wconf 90' lang='grc' dir='ltr'><strong>(ο);</strong></span> <span class='ocrx_word' id='word_1_648' title='bbox 3169 4276 3417 4343; x_wconf 86' lang='lat' dir='ltr'><strong>idemque</strong></span> <span class='ocrx_word' id='word_1_649' title='bbox 3467 4276 3623 4345; x_wconf 87' lang='lat' dir='ltr'><strong>plane</strong></span> <span class='ocrx_word' id='word_1_650' title='bbox 3679 4286 3891 4329; x_wconf 80' lang='lat' dir='ltr'><strong>constat</strong></span> 
     </span>
    </p>
   </div>
   <div class='ocr_carea' id='block_1_86' title="bbox 2295 4367 3889 4439">
    <p class='ocr_par' dir='ltr' id='par_1_86' title="bbox 2295 4367 3889 4439">
     <span class='ocr_line' id='line_1_86' title="bbox 2295 4367 3889 4439; baseline -0.006 -9"><span class='ocrx_word' id='word_1_651' title='bbox 2295 4392 2380 4431; x_wconf 61' lang='lat' dir='ltr'><strong>&#39;ex</strong></span> <span class='ocrx_word' id='word_1_652' title='bbox 2404 4376 2651 4430; x_wconf 88' lang='lat' dir='ltr'><strong>Fabricio</strong></span> <span class='ocrx_word' id='word_1_653' title='bbox 2676 4376 2726 4428; x_wconf 90' lang='lat' dir='ltr'><strong>in</strong></span> <span class='ocrx_word' id='word_1_654' title='bbox 2750 4373 2898 4428; x_wconf 87' lang='lat' dir='ltr'><strong>Notis</strong></span> <span class='ocrx_word' id='word_1_655' title='bbox 2919 4372 2983 4426; x_wconf 89' lang='lat' dir='ltr'><strong>ad</strong></span> <span class='ocrx_word' id='word_1_656' title='bbox 3025 4372 3117 4424; x_wconf 90' lang='lat' dir='ltr'><strong>has</strong></span> <span class='ocrx_word' id='word_1_657' title='bbox 3145 4370 3379 4424; x_wconf 86' lang='lat' dir='ltr'><strong>haereses</strong></span> <span class='ocrx_word' id='word_1_658' title='bbox 3408 4367 3506 4439; x_wconf 74' lang='grc' dir='ltr'><strong>(ρ).</strong></span> <span class='ocrx_word' id='word_1_659' title='bbox 3544 4367 3889 4435; x_wconf 87' lang='lat' dir='ltr'><strong>Prosequitur</strong></span> 
     </span>
    </p>
   </div>
   <div class='ocr_carea' id='block_1_87' title="bbox 2313 4455 3887 4531">
    <p class='ocr_par' dir='ltr' id='par_1_87' title="bbox 2313 4455 3887 4531">
     <span class='ocr_line' id='line_1_87' title="bbox 2313 4455 3887 4531; baseline -0.006 -13"><span class='ocrx_word' id='word_1_660' title='bbox 2313 4464 2433 4518; x_wconf 85' lang='lat' dir='ltr'><strong>dein</strong></span> <span class='ocrx_word' id='word_1_661' title='bbox 2477 4463 2729 4531; x_wconf 82' lang='lat' dir='ltr'><strong>Dupinius</strong></span> <span class='ocrx_word' id='word_1_662' title='bbox 2770 4460 3113 4515; x_wconf 88' lang='lat' dir='ltr'><strong>Philastrimn</strong></span> <span class='ocrx_word' id='word_1_663' title='bbox 3146 4460 3392 4529; x_wconf 77' lang='lat' dir='ltr'><strong>culpatis,</strong></span> <span class='ocrx_word' id='word_1_664' title='bbox 3422 4457 3560 4528; x_wconf 78' lang='lat' dir='ltr'><strong>quod</strong></span> <span class='ocrx_word' id='word_1_665' title='bbox 3591 4455 3887 4527; x_wconf 86' lang='lat' dir='ltr'><strong>aliquando</strong></span> 
     </span>
    </p>
   </div>
   <div class='ocr_carea' id='block_1_88' title="bbox 2314 4555 3888 4623">
    <p class='ocr_par' dir='ltr' id='par_1_88' title="bbox 2314 4555 3888 4623">
     <span class='ocr_line' id='line_1_88' title="bbox 2314 4555 3888 4623; baseline -0.003 -15"><span class='ocrx_word' id='word_1_666' title='bbox 2314 4557 2452 4612; x_wconf 91' lang='lat' dir='ltr'><strong>inter</strong></span> <span class='ocrx_word' id='word_1_667' title='bbox 2483 4557 2714 4610; x_wconf 68' lang='lat' dir='ltr'><strong>haereses</strong></span> <span class='ocrx_word' id='word_1_668' title='bbox 2761 4563 2918 4623; x_wconf 89' lang='lat' dir='ltr'><strong>ponat</strong></span> <span class='ocrx_word' id='word_1_669' title='bbox 2952 4555 3246 4607; x_wconf 86' lang='lat' dir='ltr'><strong>sententias</strong></span> <span class='ocrx_word' id='word_1_670' title='bbox 3273 4563 3363 4605; x_wconf 86' lang='lat' dir='ltr'><strong>aut</strong></span> <span class='ocrx_word' id='word_1_671' title='bbox 3410 4566 3586 4615; x_wconf 91' lang='lat' dir='ltr'><strong>veras,</strong></span> <span class='ocrx_word' id='word_1_672' title='bbox 3616 4559 3711 4603; x_wconf 88' lang='lat' dir='ltr'><strong>aut</strong></span> <span class='ocrx_word' id='word_1_673' title='bbox 3755 4564 3888 4619; x_wconf 87' lang='lat' dir='ltr'><strong>quas</strong></span> 
     </span>
    </p>
   </div>
   <div class='ocr_carea' id='block_1_89' title="bbox 641 4642 3885 4715">
    <p class='ocr_par' dir='ltr' id='par_1_89' title="bbox 641 4642 3885 4715">
     <span class='ocr_line' id='line_1_89' title="bbox 641 4642 3885 4715; baseline -0.002 -15"><span class='ocrx_word' id='word_1_674' title='bbox 641 4647 755 4700; x_wconf 90' lang='lat' dir='ltr'><strong>tino</strong></span> <span class='ocrx_word' id='word_1_675' title='bbox 784 4642 860 4715; x_wconf 74' lang='lat' dir='ltr'><strong>lg)</strong></span> <span class='ocrx_word' id='word_1_676' title='bbox 884 4643 1113 4713; x_wconf 83' lang='lat' dir='ltr'><strong>agnitam</strong></span> <span class='ocrx_word' id='word_1_677' title='bbox 1145 4653 1200 4697; x_wconf 89' lang='lat' dir='ltr'><strong>et</strong></span> <span class='ocrx_word' id='word_1_678' title='bbox 1228 4652 1485 4696; x_wconf 83' lang='lat' dir='ltr'><strong>assertam</strong></span> <span class='ocrx_word' id='word_1_679' title='bbox 1521 4644 1727 4711; x_wconf 86' lang='lat' dir='ltr'><strong>prodit;</strong></span> <span class='ocrx_word' id='word_1_680' title='bbox 1756 4646 1886 4713; x_wconf 90' lang='lat' dir='ltr'><strong>quin</strong></span> <span class='ocrx_word' id='word_1_681' title='bbox 1916 4648 2078 4700; x_wconf 86' lang='lat' dir='ltr'><strong>etiam</strong></span> <span class='ocrx_word' id='word_1_682' title='bbox 2111 4650 2211 4703; x_wconf 59' lang='lat' dir='ltr'><strong>Sa:</strong></span> <span class='ocrx_word' id='word_1_683' title='bbox 2236 4643 2286 4700; x_wconf 93' lang='lat' dir='ltr'><strong>D</strong></span> <span class='ocrx_word' id='word_1_684' title='bbox 2311 4650 2499 4703; x_wconf 83' lang='lat' dir='ltr'><strong>saltem</strong></span> <span class='ocrx_word' id='word_1_685' title='bbox 2530 4649 2580 4700; x_wconf 92' lang='lat' dir='ltr'><strong>in</strong></span> <span class='ocrx_word' id='word_1_686' title='bbox 2604 4658 2885 4713; x_wconf 87' lang='lat' dir='ltr'><strong>utramque</strong></span> <span class='ocrx_word' id='word_1_687' title='bbox 2923 4653 3126 4713; x_wconf 88' lang='lat' dir='ltr'><strong>partem</strong></span> <span class='ocrx_word' id='word_1_688' title='bbox 3170 4644 3433 4711; x_wconf 80' lang='lat' dir='ltr'><strong>disputari</strong></span> <span class='ocrx_word' id='word_1_689' title='bbox 3484 4658 3639 4711; x_wconf 88' lang='lat' dir='ltr'><strong>posse</strong></span> <span class='ocrx_word' id='word_1_690' title='bbox 3676 4652 3885 4695; x_wconf 89' lang='lat' dir='ltr'><strong>certum</strong></span> 
     </span>
    </p>
   </div>
   <div class='ocr_carea' id='block_1_90' title="bbox 645 4734 2204 4798">
    <p class='ocr_par' dir='ltr' id='par_1_90' title="bbox 645 4734 2204 4798">
     <span class='ocr_line' id='line_1_90' title="bbox 645 4734 2204 4798; baseline 0.003 -10"><span class='ocrx_word' id='word_1_691' title='bbox 645 4736 961 4798; x_wconf 85' lang='lat' dir='ltr'><strong>maritanos,</strong></span> <span class='ocrx_word' id='word_1_692' title='bbox 989 4736 1211 4787; x_wconf 84' lang='lat' dir='ltr'><strong>animam</strong></span> <span class='ocrx_word' id='word_1_693' title='bbox 1231 4734 1570 4787; x_wconf 87' lang='lat' dir='ltr'><strong>immortalem</strong></span> <span class='ocrx_word' id='word_1_694' title='bbox 1599 4734 1780 4788; x_wconf 81' lang='lat' dir='ltr'><strong>habere</strong></span> <span class='ocrx_word' id='word_1_695' title='bbox 1828 4735 2081 4789; x_wconf 82' lang='lat' dir='ltr'><strong>hominem</strong></span> <span class='ocrx_word' id='word_1_696' title='bbox 2104 4755 2204 4792; x_wconf 88' lang='lat' dir='ltr'><strong>non</strong></span> 
     </span>
    </p>
   </div>
   <div class='ocr_carea' id='block_1_91' title="bbox 637 4825 2207 4897">
    <p class='ocr_par' dir='ltr' id='par_1_91' title="bbox 637 4825 2207 4897">
     <span class='ocr_line' id='line_1_91' title="bbox 637 4825 2207 4897; baseline 0.003 -18"><span class='ocrx_word' id='word_1_697' title='bbox 637 4828 903 4880; x_wconf 82' lang='lat' dir='ltr'><strong>sentientes</strong></span> <span class='ocrx_word' id='word_1_698' title='bbox 931 4826 1009 4896; x_wconf 77' lang='lat' dir='ltr'><strong>(ii)</strong></span> <span class='ocrx_word' id='word_1_699' title='bbox 1030 4866 1043 4889; x_wconf 89' lang='lat'><strong>,</strong></span> <span class='ocrx_word' id='word_1_700' title='bbox 1073 4825 1365 4895; x_wconf 80' lang='lat' dir='ltr'><strong>redarguit,</strong></span> <span class='ocrx_word' id='word_1_701' title='bbox 1393 4835 1550 4897; x_wconf 89' lang='lat' dir='ltr'><strong>atque</strong></span> <span class='ocrx_word' id='word_1_702' title='bbox 1582 4826 1719 4881; x_wconf 91' lang='lat' dir='ltr'><strong>inter</strong></span> <span class='ocrx_word' id='word_1_703' title='bbox 1760 4826 2039 4881; x_wconf 71' lang='lat' dir='ltr'><strong>hrereticos</strong></span> <span class='ocrx_word' id='word_1_704' title='bbox 2079 4843 2207 4883; x_wconf 87' lang='lat' dir='ltr'><strong>con-</strong></span> 
     </span>
    </p>
   </div>
   <div class='ocr_carea' id='block_1_92' title="bbox 638 4916 2207 4988">
    <p class='ocr_par' dir='ltr' id='par_1_92' title="bbox 638 4916 2207 4988">
     <span class='ocr_line' id='line_1_92' title="bbox 638 4916 2207 4988; baseline -0.001 -16"><span class='ocrx_word' id='word_1_705' title='bbox 638 4924 904 4973; x_wconf 88' lang='lat' dir='ltr'><strong>numerat.</strong></span> <span class='ocrx_word' id='word_1_706' title='bbox 950 4917 1022 4972; x_wconf 90' lang='lat' dir='ltr'><strong>De</strong></span> <span class='ocrx_word' id='word_1_707' title='bbox 1060 4916 1332 4970; x_wconf 90' lang='lat' dir='ltr'><strong>Trinitatis</strong></span> <span class='ocrx_word' id='word_1_708' title='bbox 1373 4917 1625 4987; x_wconf 85' lang='lat' dir='ltr'><strong>mysterio</strong></span> <span class='ocrx_word' id='word_1_709' title='bbox 1671 4917 1950 4988; x_wconf 81' lang='lat' dir='ltr'><strong>perSpicue</strong></span> <span class='ocrx_word' id='word_1_710' title='bbox 1994 4917 2126 4972; x_wconf 88' lang='lat' dir='ltr'><strong>adeo</strong></span> <span class='ocrx_word' id='word_1_711' title='bbox 2154 4928 2207 4973; x_wconf 91' lang='lat' dir='ltr'><strong>et</strong></span> 
     </span>
    </p>
   </div>
   <div class='ocr_carea' id='block_1_93' title="bbox 713 5069 1146 5155">
    <p class='ocr_par' dir='ltr' id='par_1_93' title="bbox 713 5069 1146 5155">
     <span class='ocr_line' id='line_1_93' title="bbox 713 5069 1146 5155; baseline 0 0"><span class='ocrx_word' id='word_1_712' title='bbox 713 5070 789 5155; x_wconf 63' lang='grc' dir='ltr'>ζει)</span> <span class='ocrx_word' id='word_1_713' title='bbox 826 5069 954 5155; x_wconf 60' lang='grc' dir='ltr'><strong>εἶθβ·</strong></span> <span class='ocrx_word' id='word_1_714' title='bbox 986 5072 1078 5155; x_wconf 58' lang='grc' dir='ltr'><strong>θξι</strong></span> <span class='ocrx_word' id='word_1_715' title='bbox 1136 5144 1146 5155; x_wconf 95' lang='grc'><strong>.</strong></span> 
     </span>
    </p>
   </div>
   <div class='ocr_carea' id='block_1_94' title="bbox 712 5141 1303 5208">
    <p class='ocr_par' dir='ltr' id='par_1_94' title="bbox 712 5141 1303 5208">
     <span class='ocr_line' id='line_1_94' title="bbox 712 5141 1303 5208; baseline 0.01 -15"><span class='ocrx_word' id='word_1_716' title='bbox 712 5141 787 5203; x_wconf 87' lang='lat' dir='ltr'><strong>(b)</strong></span> <span class='ocrx_word' id='word_1_717' title='bbox 829 5141 985 5198; x_wconf 86' lang='lat' dir='ltr'><strong>Nmn.</strong></span> <span class='ocrx_word' id='word_1_718' title='bbox 1022 5145 1104 5208; x_wconf 80' lang='grc' dir='ltr'><strong>Η,</strong></span> <span class='ocrx_word' id='word_1_719' title='bbox 1134 5144 1185 5199; x_wconf 91' lang='lat' dir='ltr'><strong>in</strong></span> <span class='ocrx_word' id='word_1_720' title='bbox 1214 5144 1303 5200; x_wconf 76' lang='lat' dir='ltr'><strong>fin.</strong></span> 
     </span>
    </p>
   </div>
   <div class='ocr_carea' id='block_1_95' title="bbox 713 5210 1062 5293">
    <p class='ocr_par' dir='ltr' id='par_1_95' title="bbox 713 5210 1062 5293">
     <span class='ocr_line' id='line_1_95' title="bbox 713 5210 1062 5293; baseline 0 0"><span class='ocrx_word' id='word_1_721' title='bbox 713 5210 786 5293; x_wconf 63' lang='lat' dir='ltr'><strong>lc).</strong></span> <span class='ocrx_word' id='word_1_722' title='bbox 823 5210 951 5293; x_wconf 62' lang='lat' dir='ltr'><strong>Eae</strong></span> <span class='ocrx_word' id='word_1_723' title='bbox 972 5212 1062 5293; x_wconf 67' lang='lat'><strong>.84-</strong></span> 
     </span>
    </p>
   </div>
   <div class='ocr_carea' id='block_1_96' title="bbox 632 5280 2151 5415">
    <p class='ocr_par' dir='ltr' id='par_1_96' title="bbox 632 5280 2151 5415">
     <span class='ocr_line' id='line_1_96' title="bbox 632 5280 2151 5415; baseline 0.007 -84"><span class='ocrx_word' id='word_1_724' title='bbox 632 5308 635 5309; x_wconf 53' lang='grc' dir='ltr'><em>ν</em></span> <span class='ocrx_word' id='word_1_725' title='bbox 708 5280 790 5415; x_wconf 45' lang='grc' dir='ltr'><strong>ἑά)</strong></span> <span class='ocrx_word' id='word_1_726' title='bbox 830 5280 1122 5363; x_wconf 63' lang='lat' dir='ltr'><strong>Fabi-lead</strong></span> <span class='ocrx_word' id='word_1_727' title='bbox 1144 5300 1262 5352; x_wconf 85' lang='lat' dir='ltr'><strong>cap.</strong></span> <span class='ocrx_word' id='word_1_728' title='bbox 1294 5285 1361 5339; x_wconf 76' lang='grc' dir='ltr'>ει</span> <span class='ocrx_word' id='word_1_729' title='bbox 1388 5296 1497 5342; x_wconf 92' lang='lat' dir='ltr'><strong>not.</strong></span> <span class='ocrx_word' id='word_1_730' title='bbox 1532 5288 1737 5342; x_wconf 84' lang='lat' dir='ltr'><strong>Sunt-in</strong></span> <span class='ocrx_word' id='word_1_731' title='bbox 1759 5288 1961 5343; x_wconf 81' lang='lat' dir='ltr'><strong>Galliis.</strong></span> <span class='ocrx_word' id='word_1_732' title='bbox 1998 5288 2151 5342; x_wconf 80' lang='lat' dir='ltr'><strong>Eutr.</strong></span> 
     </span>
     <span class='ocr_line' id='line_1_97' title="bbox 732 5350 2151 5415; baseline 0.011 -14"><span class='ocrx_word' id='word_1_733' title='bbox 732 5358 780 5415; x_wconf 77' lang='grc' dir='ltr'><strong>ε)</strong></span> <span class='ocrx_word' id='word_1_734' title='bbox 810 5350 1023 5405; x_wconf 78' lang='lat' dir='ltr'><strong>Fabric.</strong></span> <span class='ocrx_word' id='word_1_735' title='bbox 1072 5353 1259 5409; x_wconf 89' lang='lat' dir='ltr'><strong>eodem</strong></span> <span class='ocrx_word' id='word_1_736' title='bbox 1308 5355 1409 5410; x_wconf 85' lang='lat' dir='ltr'><strong>loc.</strong></span> <span class='ocrx_word' id='word_1_737' title='bbox 1440 5357 1749 5413; x_wconf 89' lang='lat' dir='ltr'><strong>Tillemont.</strong></span> <span class='ocrx_word' id='word_1_738' title='bbox 1798 5370 1929 5414; x_wconf 86' lang='lat' dir='ltr'><strong>tom.</strong></span> <span class='ocrx_word' id='word_1_739' title='bbox 1982 5358 2151 5415; x_wconf 73' lang='lat' dir='ltr'><strong>Vlll.1</strong></span> 
     </span>
    </p>
   </div>
   <div class='ocr_carea' id='block_1_97' title="bbox 642 5350 2199 5477">
    <p class='ocr_par' dir='ltr' id='par_1_97' title="bbox 642 5350 2199 5477">
     <span class='ocr_line' id='line_1_98' title="bbox 642 5350 2199 5477; baseline -0.001 -67"><span class='ocrx_word' id='word_1_740' title='bbox 642 5350 780 5477; x_wconf 59' lang='lat' dir='ltr'><strong>79g!)</strong></span> <span class='ocrx_word' id='word_1_741' title='bbox 810 5350 1023 5405; x_wconf 78' lang='lat' dir='ltr'><strong>Fabric.</strong></span> <span class='ocrx_word' id='word_1_742' title='bbox 1072 5350 1259 5409; x_wconf 84' lang='lat' dir='ltr'><strong>eodem</strong></span> <span class='ocrx_word' id='word_1_743' title='bbox 1308 5355 1409 5410; x_wconf 85' lang='lat' dir='ltr'><strong>loc.</strong></span> <span class='ocrx_word' id='word_1_744' title='bbox 1440 5357 1749 5413; x_wconf 89' lang='lat' dir='ltr'><strong>Tillemont.</strong></span> <span class='ocrx_word' id='word_1_745' title='bbox 1798 5370 1929 5414; x_wconf 86' lang='lat' dir='ltr'><strong>tom.</strong></span> <span class='ocrx_word' id='word_1_746' title='bbox 1982 5358 2115 5424; x_wconf 86' lang='lat' dir='ltr'><strong>Vlll,</strong></span> <span class='ocrx_word' id='word_1_747' title='bbox 2148 5373 2199 5427; x_wconf 91' lang='lat' dir='ltr'><strong>p.</strong></span> 
     </span>
    </p>
   </div>
   <div class='ocr_carea' id='block_1_98' title="bbox 707 5636 1291 5831">
    <p class='ocr_par' dir='ltr' id='par_1_98' title="bbox 707 5636 1291 5831">
     <span class='ocr_line' id='line_1_99' title="bbox 708 5636 1042 5695; baseline 0.018 -19"><span class='ocrx_word' id='word_1_748' title='bbox 708 5636 788 5692; x_wconf 78' lang='lat' dir='ltr'><strong>(It)</strong></span> <span class='ocrx_word' id='word_1_749' title='bbox 824 5636 955 5695; x_wconf 84' lang='lat' dir='ltr'><strong>Cap.</strong></span> <span class='ocrx_word' id='word_1_750' title='bbox 990 5636 1042 5681; x_wconf 88' lang='lat'><strong>7.</strong></span> 
     </span>
     <span class='ocr_line' id='line_1_100' title="bbox 707 5690 1291 5831; baseline 0.012 -81"><span class='ocrx_word' id='word_1_751' title='bbox 707 5690 771 5831; x_wconf 44' lang='lat' dir='ltr'><strong>ii;</strong></span> <span class='ocrx_word' id='word_1_752' title='bbox 803 5698 963 5819; x_wconf 46' lang='lat' dir='ltr'><strong>1Itium.</strong></span> <span class='ocrx_word' id='word_1_753' title='bbox 990 5700 1083 5822; x_wconf 50' lang='lat' dir='ltr'><strong>llis,</strong></span> <span class='ocrx_word' id='word_1_754' title='bbox 1111 5702 1176 5757; x_wconf 86' lang='lat' dir='ltr'><strong>ad</strong></span> <span class='ocrx_word' id='word_1_755' title='bbox 1200 5702 1291 5757; x_wconf 82' lang='lat' dir='ltr'><strong>tio.</strong></span> 
     </span>
     <span class='ocr_line' id='line_1_101' title="bbox 724 5774 1281 5831; baseline -0.004 -2"><span class='ocrx_word' id='word_1_756' title='bbox 724 5782 745 5829; x_wconf 82' lang='lat' dir='ltr'><strong>t</strong></span> <span class='ocrx_word' id='word_1_757' title='bbox 847 5783 951 5821; x_wconf 85' lang='lat' dir='ltr'><strong>Om-</strong></span> <span class='ocrx_word' id='word_1_758' title='bbox 1038 5810 1051 5831; x_wconf 85' lang='lat'><strong>.</strong></span> <span class='ocrx_word' id='word_1_759' title='bbox 1092 5786 1204 5828; x_wconf 84' lang='lat' dir='ltr'><strong>sec.</strong></span> <span class='ocrx_word' id='word_1_760' title='bbox 1227 5774 1281 5829; x_wconf 73' lang='grc'><strong>4.</strong></span> 
     </span>
    </p>
   </div>
   <div class='ocr_carea' id='block_1_99' title="bbox 724 5766 1281 5834">
    <p class='ocr_par' dir='ltr' id='par_1_99' title="bbox 724 5766 1281 5834">
     <span class='ocr_line' id='line_1_102' title="bbox 724 5766 1281 5834; baseline 0.014 -15"><span class='ocrx_word' id='word_1_761' title='bbox 724 5766 771 5834; x_wconf 76' lang='lat' dir='ltr'><strong>j)</strong></span> <span class='ocrx_word' id='word_1_762' title='bbox 803 5766 951 5821; x_wconf 87' lang='lat' dir='ltr'><strong>Tom.</strong></span> <span class='ocrx_word' id='word_1_763' title='bbox 990 5768 1051 5834; x_wconf 87' lang='lat' dir='ltr'><strong>ll,</strong></span> <span class='ocrx_word' id='word_1_764' title='bbox 1092 5786 1204 5828; x_wconf 86' lang='lat' dir='ltr'><strong>sec.</strong></span> <span class='ocrx_word' id='word_1_765' title='bbox 1227 5774 1281 5829; x_wconf 76' lang='lat' dir='ltr'><strong>tl.</strong></span> 
     </span>
    </p>
   </div>
   <div class='ocr_carea' id='block_1_100' title="bbox 704 5832 2200 5918">
    <p class='ocr_par' dir='ltr' id='par_1_100' title="bbox 704 5832 2200 5918">
     <span class='ocr_line' id='line_1_103' title="bbox 704 5832 2200 5918; baseline -0.001 -17"><span class='ocrx_word' id='word_1_766' title='bbox 704 5832 777 5901; x_wconf 61' lang='lat' dir='ltr'><strong>lli)</strong></span> <span class='ocrx_word' id='word_1_767' title='bbox 818 5834 845 5886; x_wconf 86' lang='grc' dir='ltr'><em>Ι</em></span> <span class='ocrx_word' id='word_1_768' title='bbox 850 5837 867 5889; x_wconf 84' lang='grc' dir='ltr'><strong>ι</strong></span> <span class='ocrx_word' id='word_1_769' title='bbox 894 5832 1279 5908; x_wconf 12' lang='lat' dir='ltr'><strong>feintiquantité</strong></span> <span class='ocrx_word' id='word_1_770' title='bbox 1302 5846 1570 5902; x_wconf 73' lang='lat' dir='ltr'><strong>d‘Itérésies</strong></span> <span class='ocrx_word' id='word_1_771' title='bbox 1595 5848 1678 5917; x_wconf 80' lang='lat' dir='ltr'><strong>qui</strong></span> <span class='ocrx_word' id='word_1_772' title='bbox 1732 5846 1870 5902; x_wconf 88' lang='lat' dir='ltr'><strong>n&#39;ont</strong></span> <span class='ocrx_word' id='word_1_773' title='bbox 1887 5848 2078 5918; x_wconf 80' lang='lat' dir='ltr'><strong>jamais</strong></span> <span class='ocrx_word' id='word_1_774' title='bbox 2105 5847 2200 5899; x_wconf 71' lang='lat' dir='ltr'><strong>eae.</strong></span> 
     </span>
    </p>
   </div>
   <div class='ocr_carea' id='block_1_101' title="bbox 2311 4730 3887 4807">
    <p class='ocr_par' dir='ltr' id='par_1_101' title="bbox 2311 4730 3887 4807">
     <span class='ocr_line' id='line_1_104' title="bbox 2311 4730 3887 4807; baseline -0.003 -18"><span class='ocrx_word' id='word_1_775' title='bbox 2311 4749 2395 4792; x_wconf 88' lang='lat' dir='ltr'><strong>est</strong></span> <span class='ocrx_word' id='word_1_776' title='bbox 2416 4736 2513 4807; x_wconf 82' lang='lat' dir='ltr'><strong>(q),</strong></span> <span class='ocrx_word' id='word_1_777' title='bbox 2539 4746 2593 4788; x_wconf 91' lang='lat' dir='ltr'><strong>ut</strong></span> <span class='ocrx_word' id='word_1_778' title='bbox 2621 4730 2744 4803; x_wconf 71' lang='lat' dir='ltr'><strong>p&#39;uta</strong></span> <span class='ocrx_word' id='word_1_779' title='bbox 2772 4735 3099 4788; x_wconf 85' lang='lat' dir='ltr'><strong>Millenarios</strong></span> <span class='ocrx_word' id='word_1_780' title='bbox 3122 4732 3218 4803; x_wconf 91' lang='lat' dir='ltr'><strong>(r),</strong></span> <span class='ocrx_word' id='word_1_781' title='bbox 3244 4734 3472 4786; x_wconf 79' lang='lat' dir='ltr'><strong>futuram</strong></span> <span class='ocrx_word' id='word_1_782' title='bbox 3495 4734 3887 4789; x_wconf 76' lang='lat' dir='ltr'><strong>elementorth</strong></span> 
     </span>
    </p>
   </div>
   <div class='ocr_carea' id='block_1_102' title="bbox 2313 4822 3893 4897">
    <p class='ocr_par' dir='ltr' id='par_1_102' title="bbox 2313 4822 3893 4897">
     <span class='ocr_line' id='line_1_105' title="bbox 2313 4822 3893 4897; baseline -0.003 -15"><span class='ocrx_word' id='word_1_783' title='bbox 2313 4845 2405 4897; x_wconf 89' lang='lat' dir='ltr'><strong>per</strong></span> <span class='ocrx_word' id='word_1_784' title='bbox 2431 4829 2605 4895; x_wconf 84' lang='lat' dir='ltr'><strong>ignem</strong></span> <span class='ocrx_word' id='word_1_785' title='bbox 2634 4825 3140 4881; x_wconf 90' lang='lat' dir='ltr'><strong>consummationem</strong></span> <span class='ocrx_word' id='word_1_786' title='bbox 3171 4831 3425 4891; x_wconf 74' lang='lat' dir='ltr'><strong>negantes</strong></span> <span class='ocrx_word' id='word_1_787' title='bbox 3443 4823 3533 4893; x_wconf 90' lang='lat' dir='ltr'><strong>(s),</strong></span> <span class='ocrx_word' id='word_1_788' title='bbox 3558 4822 3709 4876; x_wconf 84' lang='lat' dir='ltr'><strong>Pauli</strong></span> <span class='ocrx_word' id='word_1_789' title='bbox 3738 4823 3893 4893; x_wconf 87' lang='lat' dir='ltr'><strong>Epis-</strong></span> 
     </span>
    </p>
   </div>
   <div class='ocr_carea' id='block_1_103' title="bbox 2312 4912 3888 4982">
    <p class='ocr_par' dir='ltr' id='par_1_103' title="bbox 2312 4912 3888 4982">
     <span class='ocr_line' id='line_1_106' title="bbox 2312 4912 3888 4982; baseline -0.004 -11"><span class='ocrx_word' id='word_1_790' title='bbox 2312 4920 2472 4972; x_wconf 89' lang='lat' dir='ltr'><strong>tolam</strong></span> <span class='ocrx_word' id='word_1_791' title='bbox 2500 4917 2564 4970; x_wconf 89' lang='lat' dir='ltr'><strong>ad</strong></span> <span class='ocrx_word' id='word_1_792' title='bbox 2594 4916 2844 4971; x_wconf 65' lang='lat' dir='ltr'><strong>Hebraeos</strong></span> <span class='ocrx_word' id='word_1_793' title='bbox 2872 4916 3026 4969; x_wconf 68' lang='lat' dir='ltr'><strong>Luca:</strong></span> <span class='ocrx_word' id='word_1_794' title='bbox 3048 4925 3138 4967; x_wconf 91' lang='lat' dir='ltr'><strong>aut</strong></span> <span class='ocrx_word' id='word_1_795' title='bbox 3181 4912 3439 4967; x_wconf 78' lang='lat' dir='ltr'><strong>Barnabae</strong></span> <span class='ocrx_word' id='word_1_796' title='bbox 3472 4913 3774 4967; x_wconf 85' lang='lat' dir='ltr'><strong>tribuentes</strong></span> <span class='ocrx_word' id='word_1_797' title='bbox 3806 4914 3888 4982; x_wconf 88' lang='lat' dir='ltr'><strong>(t),</strong></span> 
     </span>
    </p>
   </div>
   <div class='ocr_carea' id='block_1_104' title="bbox 2380 5072 3672 5144">
    <p class='ocr_par' dir='ltr' id='par_1_104' title="bbox 2380 5072 3672 5144">
     <span class='ocr_line' id='line_1_107' title="bbox 2380 5072 3672 5144; baseline 0.001 -17"><span class='ocrx_word' id='word_1_798' title='bbox 2380 5076 2440 5143; x_wconf 86' lang='grc' dir='ltr'><strong>(Ι)</strong></span> <span class='ocrx_word' id='word_1_799' title='bbox 2480 5074 2740 5144; x_wconf 88' lang='lat' dir='ltr'><strong>Epiphan.</strong></span> <span class='ocrx_word' id='word_1_800' title='bbox 2768 5073 2899 5128; x_wconf 72' lang='lat' dir='ltr'><strong>liter.</strong></span> <span class='ocrx_word' id='word_1_801' title='bbox 2941 5072 3030 5144; x_wconf 82' lang='lat'><strong>&#39;58,</strong></span> <span class='ocrx_word' id='word_1_802' title='bbox 3071 5073 3207 5141; x_wconf 79' lang='lat' dir='ltr'><strong>Aug.</strong></span> <span class='ocrx_word' id='word_1_803' title='bbox 3233 5072 3299 5127; x_wconf 91' lang='lat' dir='ltr'><strong>de</strong></span> <span class='ocrx_word' id='word_1_804' title='bbox 3330 5072 3466 5144; x_wconf 70' lang='lat' dir='ltr'><strong>liter.</strong></span> <span class='ocrx_word' id='word_1_805' title='bbox 3504 5090 3551 5128; x_wconf 90' lang='lat' dir='ltr'><strong>e.</strong></span> <span class='ocrx_word' id='word_1_806' title='bbox 3582 5074 3672 5128; x_wconf 79' lang='grc'><strong>57.</strong></span> 
     </span>
    </p>
   </div>
   <div class='ocr_carea' id='block_1_105' title="bbox 2379 5143 3388 5216">
    <p class='ocr_par' dir='ltr' id='par_1_105' title="bbox 2379 5143 3388 5216">
     <span class='ocr_line' id='line_1_108' title="bbox 2379 5143 3388 5216; baseline -0.001 -20"><span class='ocrx_word' id='word_1_807' title='bbox 2379 5145 2472 5216; x_wconf 84' lang='lat' dir='ltr'><strong>(ut)</strong></span> <span class='ocrx_word' id='word_1_808' title='bbox 2518 5143 2790 5216; x_wconf 60' lang='lat' dir='ltr'><strong>Epiphan.</strong></span> <span class='ocrx_word' id='word_1_809' title='bbox 2814 5145 2943 5216; x_wconf 71' lang='lat' dir='ltr'><strong>inor.</strong></span> <span class='ocrx_word' id='word_1_810' title='bbox 2972 5143 3062 5207; x_wconf 70' lang='lat'><strong>29,</strong></span> <span class='ocrx_word' id='word_1_811' title='bbox 3090 5144 3224 5216; x_wconf 74' lang='lat' dir='ltr'><strong>Aug.</strong></span> <span class='ocrx_word' id='word_1_812' title='bbox 3250 5159 3299 5197; x_wconf 89' lang='lat' dir='ltr'><strong>c.</strong></span> <span class='ocrx_word' id='word_1_813' title='bbox 3334 5143 3388 5198; x_wconf 91' lang='lat'><strong>9.</strong></span> 
     </span>
    </p>
   </div>
   <div class='ocr_carea' id='block_1_106' title="bbox 2380 5210 3194 5281">
    <p class='ocr_par' dir='ltr' id='par_1_106' title="bbox 2380 5210 3194 5281">
     <span class='ocr_line' id='line_1_109' title="bbox 2380 5210 3194 5281; baseline -0.001 -13"><span class='ocrx_word' id='word_1_814' title='bbox 2380 5210 2464 5279; x_wconf 69' lang='lat' dir='ltr'><strong>(nl</strong></span> <span class='ocrx_word' id='word_1_815' title='bbox 2504 5210 2706 5268; x_wconf 54' lang='lat' dir='ltr'><strong>Notfad</strong></span> <span class='ocrx_word' id='word_1_816' title='bbox 2736 5210 2987 5267; x_wconf 86' lang='lat' dir='ltr'><strong>Philastr.</strong></span> <span class='ocrx_word' id='word_1_817' title='bbox 3024 5230 3073 5281; x_wconf 91' lang='lat' dir='ltr'><strong>p.</strong></span> <span class='ocrx_word' id='word_1_818' title='bbox 3112 5210 3194 5267; x_wconf 54' lang='lat' dir='ltr'><strong>HI</strong></span> 
     </span>
    </p>
   </div>
   <div class='ocr_carea' id='block_1_107' title="bbox 2387 5283 3889 5356">
    <p class='ocr_par' dir='ltr' id='par_1_107' title="bbox 2387 5283 3889 5356">
     <span class='ocr_line' id='line_1_110' title="bbox 2387 5283 3889 5356; baseline 0.001 -19"><span class='ocrx_word' id='word_1_819' title='bbox 2387 5286 2459 5356; x_wconf 93' lang='grc' dir='ltr'><strong>(ο)</strong></span> <span class='ocrx_word' id='word_1_820' title='bbox 2498 5285 2615 5339; x_wconf 82' lang='lat' dir='ltr'><strong>Vid.</strong></span> <span class='ocrx_word' id='word_1_821' title='bbox 2668 5288 2803 5337; x_wconf 87' lang='lat' dir='ltr'><strong>inter</strong></span> <span class='ocrx_word' id='word_1_822' title='bbox 2822 5295 3007 5356; x_wconf 82' lang='lat' dir='ltr'><strong>_notas</strong></span> <span class='ocrx_word' id='word_1_823' title='bbox 3046 5284 3111 5338; x_wconf 84' lang='lat' dir='ltr'><strong>ad</strong></span> <span class='ocrx_word' id='word_1_824' title='bbox 3157 5299 3275 5353; x_wconf 81' lang='lat' dir='ltr'><strong>cap.</strong></span> <span class='ocrx_word' id='word_1_825' title='bbox 3304 5283 3370 5337; x_wconf 84' lang='lat'><strong>76</strong></span> <span class='ocrx_word' id='word_1_826' title='bbox 3416 5294 3590 5337; x_wconf 90' lang='lat' dir='ltr'><strong>nolam</strong></span> <span class='ocrx_word' id='word_1_827' title='bbox 3621 5286 3728 5339; x_wconf 75' lang='lat' dir='ltr'><strong>Alii</strong></span> <span class='ocrx_word' id='word_1_828' title='bbox 3776 5298 3889 5341; x_wconf 81' lang='lat' dir='ltr'><strong>sunt</strong></span> 
     </span>
    </p>
   </div>
   <div class='ocr_carea' id='block_1_108' title="bbox 2308 5353 2968 5423">
    <p class='ocr_par' dir='ltr' id='par_1_108' title="bbox 2308 5353 2968 5423">
     <span class='ocr_line' id='line_1_111' title="bbox 2308 5353 2968 5423; baseline -0.006 -14"><span class='ocrx_word' id='word_1_829' title='bbox 2308 5353 2755 5423; x_wconf 75' lang='lat' dir='ltr'><strong>passalorincltitm.</strong></span> <span class='ocrx_word' id='word_1_830' title='bbox 2820 5353 2968 5407; x_wconf 76' lang='lat' dir='ltr'><strong>Eutr.</strong></span> 
     </span>
    </p>
   </div>
   <div class='ocr_carea' id='block_1_109' title="bbox 2379 5422 3135 5495">
    <p class='ocr_par' dir='ltr' id='par_1_109' title="bbox 2379 5422 3135 5495">
     <span class='ocr_line' id='line_1_112' title="bbox 2379 5422 3135 5495; baseline -0.004 -17"><span class='ocrx_word' id='word_1_831' title='bbox 2379 5424 2461 5495; x_wconf 85' lang='lat' dir='ltr'><strong>(p)</strong></span> <span class='ocrx_word' id='word_1_832' title='bbox 2495 5425 2663 5493; x_wconf 86' lang='lat' dir='ltr'><strong>Capp.</strong></span> <span class='ocrx_word' id='word_1_833' title='bbox 2690 5422 2776 5487; x_wconf 72' lang='grc'><strong>54,</strong></span> <span class='ocrx_word' id='word_1_834' title='bbox 2809 5424 2896 5483; x_wconf 83' lang='grc'><strong>76.</strong></span> <span class='ocrx_word' id='word_1_835' title='bbox 2929 5425 3017 5489; x_wconf 78' lang='grc'><strong>81,</strong></span> <span class='ocrx_word' id='word_1_836' title='bbox 3049 5424 3135 5479; x_wconf 81' lang='grc'><strong>91.</strong></span> 
     </span>
    </p>
   </div>
   <div class='ocr_carea' id='block_1_110' title="bbox 2267 5485 3892 5565">
    <p class='ocr_par' dir='ltr' id='par_1_110' title="bbox 2267 5485 3892 5565">
     <span class='ocr_line' id='line_1_113' title="bbox 2267 5485 3892 5565; baseline 0 -15"><span class='ocrx_word' id='word_1_837' title='bbox 2267 5485 2276 5494; x_wconf 69' lang='grc'><em>’</em></span> <span class='ocrx_word' id='word_1_838' title='bbox 2494 5485 2820 5562; x_wconf 70' lang='lat' dir='ltr'><strong>Qneiqttelois</strong></span> <span class='ocrx_word' id='word_1_839' title='bbox 2848 5495 2887 5547; x_wconf 87' lang='lat' dir='ltr'><strong>il</strong></span> <span class='ocrx_word' id='word_1_840' title='bbox 2915 5485 3014 5549; x_wconf 80' lang='lat' dir='ltr'><strong>met</strong></span> <span class='ocrx_word' id='word_1_841' title='bbox 3068 5513 3134 5548; x_wconf 88' lang='lat' dir='ltr'><strong>au</strong></span> <span class='ocrx_word' id='word_1_842' title='bbox 3163 5495 3369 5547; x_wconf 86' lang='lat' dir='ltr'><strong>nombre</strong></span> <span class='ocrx_word' id='word_1_843' title='bbox 3406 5495 3493 5547; x_wconf 90' lang='lat' dir='ltr'><strong>des</strong></span> <span class='ocrx_word' id='word_1_844' title='bbox 3542 5496 3770 5550; x_wconf 75' lang='lat' dir='ltr'><strong>Itérésies</strong></span> <span class='ocrx_word' id='word_1_845' title='bbox 3804 5499 3892 5550; x_wconf 83' lang='lat' dir='ltr'><strong>des</strong></span> 
     </span>
    </p>
   </div>
   <div class='ocr_carea' id='block_1_111' title="bbox 2304 5565 3891 5704">
    <p class='ocr_par' dir='ltr' id='par_1_111' title="bbox 2304 5565 3891 5704">
     <span class='ocr_line' id='line_1_114' title="bbox 2304 5565 3891 5646; baseline -0.001 -27"><span class='ocrx_word' id='word_1_846' title='bbox 2304 5568 2593 5646; x_wconf 76' lang='lat' dir='ltr'><strong>sentiments</strong></span> <span class='ocrx_word' id='word_1_847' title='bbox 2620 5565 2703 5633; x_wconf 85' lang='lat' dir='ltr'><strong>qui</strong></span> <span class='ocrx_word' id='word_1_848' title='bbox 2731 5573 2841 5618; x_wconf 90' lang='lat' dir='ltr'><strong>sont</strong></span> <span class='ocrx_word' id='word_1_849' title='bbox 2867 5566 3149 5632; x_wconf 77' lang='lat' dir='ltr'><strong>réritables,</strong></span> <span class='ocrx_word' id='word_1_850' title='bbox 3181 5582 3244 5619; x_wconf 89' lang='lat' dir='ltr'><strong>ou</strong></span> <span class='ocrx_word' id='word_1_851' title='bbox 3286 5565 3352 5617; x_wconf 89' lang='lat' dir='ltr'><strong>du</strong></span> <span class='ocrx_word' id='word_1_852' title='bbox 3384 5568 3545 5620; x_wconf 87' lang='lat' dir='ltr'><strong>moins</strong></span> <span class='ocrx_word' id='word_1_853' title='bbox 3590 5568 3891 5635; x_wconf 73' lang='lat' dir='ltr'><strong>problema-</strong></span> 
     </span>
     <span class='ocr_line' id='line_1_115' title="bbox 2307 5646 2666 5704; baseline -0.003 -17"><span class='ocrx_word' id='word_1_854' title='bbox 2307 5646 2514 5704; x_wconf 72' lang='lat' dir='ltr'><strong>tiques._</strong></span> <span class='ocrx_word' id='word_1_855' title='bbox 2663 5703 2666 5704; x_wconf 15' lang='grc' dir='ltr'><em>ν</em></span> 
     </span>
    </p>
   </div>
   <div class='ocr_carea' id='block_1_112' title="bbox 2403 5702 2730 5771">
    <p class='ocr_par' dir='ltr' id='par_1_112' title="bbox 2403 5702 2730 5771">
     <span class='ocr_line' id='line_1_116' title="bbox 2403 5702 2730 5771; baseline 0.009 -14"><span class='ocrx_word' id='word_1_856' title='bbox 2403 5705 2448 5771; x_wconf 90' lang='lat' dir='ltr'><strong>r)</strong></span> <span class='ocrx_word' id='word_1_857' title='bbox 2487 5702 2618 5771; x_wconf 85' lang='lat' dir='ltr'><strong>Cap.</strong></span> <span class='ocrx_word' id='word_1_858' title='bbox 2641 5703 2730 5759; x_wconf 85' lang='lat'><strong>59.</strong></span> 
     </span>
    </p>
   </div>
   <div class='ocr_carea' id='block_1_113' title="bbox 2376 5705 2729 5903">
    <p class='ocr_par' dir='ltr' id='par_1_113' title="bbox 2376 5705 2729 5903">
     <span class='ocr_line' id='line_1_117' title="bbox 2403 5705 2729 5771; baseline 0.009 -14"><span class='ocrx_word' id='word_1_859' title='bbox 2403 5724 2427 5757; x_wconf 89' lang='lat' dir='ltr'><strong>r</strong></span> <span class='ocrx_word' id='word_1_860' title='bbox 2487 5705 2618 5771; x_wconf 88' lang='lat' dir='ltr'><strong>Cap.</strong></span> <span class='ocrx_word' id='word_1_861' title='bbox 2641 5705 2729 5759; x_wconf 85' lang='lat'><strong>59.</strong></span> 
     </span>
     <span class='ocr_line' id='line_1_118' title="bbox 2376 5705 2729 5903; baseline -0.006 -74"><span class='ocrx_word' id='word_1_862' title='bbox 2376 5705 2448 5903; x_wconf 53' lang='grc' dir='ltr'><em>ἕεέ</em></span> <span class='ocrx_word' id='word_1_863' title='bbox 2481 5775 2611 5843; x_wconf 88' lang='lat' dir='ltr'><strong>Cap.</strong></span> <span class='ocrx_word' id='word_1_864' title='bbox 2644 5774 2729 5829; x_wconf 85' lang='lat'><strong>80.</strong></span> 
     </span>
     <span class='ocr_line' id='line_1_119' title="bbox 2380 5844 2729 5903; baseline 0.003 -8"><span class='ocrx_word' id='word_1_865' title='bbox 2380 5844 2420 5903; x_wconf 91' lang='lat' dir='ltr'><strong>(t</strong></span> <span class='ocrx_word' id='word_1_866' title='bbox 2478 5846 2609 5903; x_wconf 89' lang='lat' dir='ltr'><strong>Cap.</strong></span> <span class='ocrx_word' id='word_1_867' title='bbox 2645 5844 2729 5897; x_wconf 83' lang='lat'><strong>89.</strong></span> 
     </span>
    </p>
   </div>
   <div class='ocr_carea' id='block_1_114' title="bbox 2380 5844 2731 5914">
    <p class='ocr_par' dir='ltr' id='par_1_114' title="bbox 2380 5844 2731 5914">
     <span class='ocr_line' id='line_1_120' title="bbox 2380 5844 2731 5914; baseline 0.003 -19"><span class='ocrx_word' id='word_1_868' title='bbox 2380 5844 2443 5913; x_wconf 76' lang='lat' dir='ltr'><strong>(tl</strong></span> <span class='ocrx_word' id='word_1_869' title='bbox 2478 5846 2609 5914; x_wconf 90' lang='lat' dir='ltr'><strong>Cap.</strong></span> <span class='ocrx_word' id='word_1_870' title='bbox 2645 5844 2731 5897; x_wconf 84' lang='lat'><strong>89.</strong></span> 
     </span>
    </p>
   </div>
  </div>
