3922 6412
542 439 680 496 1079

1744 437 2051 496 SANCTUS
2090 438 2562 495 PHILASTMUS.

3649 432 3786 492 ιθδο

537 550 759 605 mendat
783 552 907 605 item
937 550 1207 604 Philastrii
1231 549 1427 603 librum
1451 548 1758 604 abrevitate
1777 548 2104 617 praesertim,
2138 554 2178 607 Α
2213 547 2410 616 piodoti
2429 547 2497 602 ab
2520 547 2921 617 Asclepiodoto,
2946 548 3038 617 qui
3059 524 3355 617 discipulus
3381 556 3499 603 erat
3527 545 3784 602 Theodoti

535 657 657 695 cum
686 656 747 695 ex
774 643 1006 696 adverso
1027 640 1428 710 prolixissimum
1451 648 1608 694 vocet
1641 629 1970 708 Augustinus
2007 639 2107 708 (a):

540 732 806 787 Philatter
842 732 1122 786 Brixianus
1175 732 1445 800 episcOpus
1472 732 1525 784 in
1555 731 1900 801 prolixissimo
1942 728 2072 782 libro
2093 771 2108 794 ,

534 843 684 894 quem
708 826 769 877 de
811 824 1106 879 Iliensibus
1157 823 1426 878 condidit:
1466 822 1569 877 hoc
1611 830 1788 876 autem
1827 820 2111 891 Augustini

533 917 900 986 accipiendum
931 932 1053 971 esse
1085 915 1365 970 Fabricius
1393 921 1618 986 annotat
1650 913 1724 984 (ὑ)
1765 928 1866 967 non
1899 913 2113 966 ob-ma-

528 1008 864 1077 gnitudinem
911 1006 1228 1069 voluminis,
1275 1005 1368 1059 sed
1396 985 1778 1072 ob.’prolixunt
1824 1001 2111 1056 haeresium

530 1114 665 1166 quas
696 1103 1088 1152 commemorat
1129 1109 1415 1150 numerum
1467 1093 1770 1164 Epiphanio
1814 1092 1970 1162 longe
1998 1105 2112 1143 ma—

525 1192 725 1259 jorem.
1183 1235 1187 1238 λ

603 1284 693 1336 17.
733 1281 883 1336 Licet
903 1289 1080 1336 autem
1107 1278 1158 1334 in
1193 1277 1485 1333 hteresibus
1514 1274 1894 1331 enumerandis
1924 1275 2035 1328 fere
2056 1288 2113 1327 se

534 1375 927 1445 diligentiorem
962 1374 1271 1442 praestiterit
1301 1371 1642 1436 Philastrius,
1669 1371 1740 1422 ita
1767 1378 1820 1421 ut
1847 1363 2113 1422 nonnum-

528 1480 689 1534 quam
718 1463 962 1519 eamdem
998 1463 1243 1518 hmresim
1268 1460 1464 1530 pluries
1489 1458 1993 1530 commemoraverit
2012 1466 2112 1521 ,ιιι

529 1559 604 1610 ait
641 1557 901 1626 Dupinius
928 1554 1000 1627 (c)
1027 1573 1040 1619 ;
1070 1553 1328 1624 quasdam
1363 1563 1536 1606 tamen
1567 1552 1730 1605 etiam
1762 1549 2112 1620 praetermisit

531 1647 827 1701 recensitos
853 1647 920 1699 ab
952 1643 1251 1712 Epiphanio
1273 1684 1287 1707 ,
1321 1657 1455 1712 quas
1484 1649 1768 1710 propterea
1797 1641 1846 1692 in
1867 1639 2111 1707 catalogo

531 1751 629 1789 suo
654 1738 802 1805 ponit
833 1735 1203 1803 Augustinus;
1257 1743 1310 1785 ut
1343 1731 1695 1785 Arcltonticos
1714 1770 1726 1790 ,
1754 1729 2073 1784 Severianos
2094 1769 2109 1793 ,

532 1828 861 1891 Elcesaeitas,
887 1835 942 1882 et
964 1826 1251 1888 Samszeos,
1284 1823 1682 1886 Bardesanitas,
1707 1822 1973 1886 Valesios,
2001 1822 2108 1873 An-

2212 638 2429 691 coriarii
2477 638 2593 707 (l),
2645 639 2797 706 isque
2844 637 3075 704 docebat
3120 637 3392 714 hominem
3420 635 3785 690 tantummodo

2215 728 2488 785 Christum
2517 743 2638 783 esse
2661 727 2776 800 (ni).
2805 726 3124 797 Saccophori
3153 729 3374 798 species
3412 726 3654 796 quaedam
3681 725 3787 780 Ma-

2213 818 2546 872 nichaeorum
2565 859 2581 883 ,
2610 819 2690 872 sic
2717 817 2847 872 dicti
2875 819 3025 886 quasi
3055 833 3271 872 saccum
3312 817 3578 881 ferentes;
3608 816 3675 870 de
3705 816 3786 870 Itis

2217 911 2420 974 mentio
2445 917 2530 963 est
2556 909 2610 963 in
2641 909 2838 964 Codice
2868 909 3244 964 Theodosiano
3269 907 3378 980 (n);
3420 907 3788 963 Tillemontius

2213 1017 2344 1056 vero
2375 999 2473 1072 (ο)
2499 1001 2782 1055 Baronium
2833 1009 3012 1064 notat,
3046 999 3192 1070 quod
3212 1014 3306 1054 eos
3347 999 3415 1053 ad
3445 1013 3532 1053 an.
3581 998 3685 1052 585
3711 997 3789 1068 (p)

2214 1111 2501 1168 perperam
2537 1095 2810 1164 putaverit
2839 1093 3057 1148 eosdem
3106 1107 3228 1148 esse
3269 1108 3388 1146 cum
3418 1090 3749 1146 Messalianis
3772 1130 3788 1155 ,

2214 1201 2350 1257 quos
2377 1186 2711 1263 Augustinus
2741 1200 2791 1239 c.
2823 1184 2891 1239 57
2939 1199 3046 1238 non
3101 1184 3451 1239 Messalianos
3485 1181 3652 1247 dicit,
3694 1179 3790 1234 sed

2214 1276 2532 1331 Psallianos.
2561 1275 2853 1331 Helvidiam’
2871 1276 2938 1330 ab
2966 1274 3210 1330 Helvidio
3237 1274 3488 1329 Auxentii
3509 1272 3786 1341 discipulo,

2213 1378 2402 1424 contra
2425 1383 2585 1438 quem
2618 1369 2979 1438 Hieronymus
3002 1367 3194 1421 librum
3213 1365 3447 1434 scripsit,
3475 1365 3792 1420 omittuntur

2213 1463 2281 1517 ab
2310 1462 2630 1532 Epiphanio,
2666 1461 2978 1525 Philastrio,
3008 1469 3064 1513 et
3090 1459 3424 1528 Augustino;
3446 1472 3788 1528 quamquam,

2214 1554 2444 1608 fortasse
2492 1553 2651 1609 iidem
2681 1552 2824 1616 sint,
2878 1567 3016 1622 quos
3058 1551 3534 1606 Antidicomaritas
3563 1547 3795 1617 Epipha-

2215 1641 2609 1715 nius‘vocat,(q)
2627 1644 3197 1699 Antidicomarianitas
3215 1659 3342 1697 vero
3359 1643 3685 1713 Augustinus
3698 1640 3819 1712 (r).‘

2218 1736 2545 1789 Macrianum
2575 1742 2840 1794 memorat
2885 1733 3154 1789 Eusebius
3193 1733 3292 1804 (ε),
3350 1734 3440 1801 qui
3489 1747 3557 1787 ex
3608 1731 3792 1787 catho-

2216 1827 2355 1891 lico,
2413 1828 2515 1880 hoc
2544 1834 2626 1879 est
2661 1825 2953 1888 rationali,
3005 1824 3464 1894 arcbisynagogus
3515 1835 3792 1891 magorum

531 1919 754 1988 gelicos,
787 1919 1153 1988 Apostolicos,
1179 1916 1554 1985 Origenianos,
1597 1913 1952 1978 Hierachitas,
2005 1914 2115 1966 An-
2147 1916 2190 1972 Β
2219 1916 2441 1986 ιιΕεγρῐί
2469 1915 2674 1981 factus,
2709 1932 2773 1970 ac
2796 1915 3066 1969 Valeriani
3100 1912 3440 1983 imperatoris
3465 1912 3531 1966 ad
3555 1912 3799 1981 impieta-

531 2010 1047 2087 tltropomorphitas,
1080 2008 1557 2079 Appollinaristas,
1606 1993 2113 2061 Antidicomariani-

531 2113 634 2169 las,
663 2104 989 2167 Psallianos,
1041 2102 1434 2171 Martyrianos,
1481 2099 1923 2163 etSatanianos,
1977 2114 2113 2166 quos

534 2206 806 2262 poetremo
857 2194 979 2246 loco
1028 2207 1090 2246 ex
1122 2189 1423 2258 desumptis
1449 2189 1518 2242 ab
1547 2187 1845 2256 Epiphanio
1889 2187 2117 2239 collocat

535 2284 866 2352 Augustinus
894 2283 997 2353 (ἀ).
1033 2281 1208 2350 Atque
1238 2280 1323 2333 hac
1359 2279 1577 2347 quidem
1600 2287 1732 2343 sunt
1789 2277 2021 2330 haereses
2049 2275 2116 2328 ab

536 2373 839 2441 Epiphanio
879 2371 1188 2434 recensita,
1222 2379 1278 2424 et
1305 2385 1337 2424 a
1369 2369 1659 2423 Philastrio
1708 2369 1946 2433 omissae,
1983 2382 2116 2436 quas

534 2464 590 2517 in
615 2463 917 2532 catalogum
958 2476 1114 2516 suum
1145 2460 1478 2530 Augustinus
1499 2459 1730 2528 redegit.
1756 2457 1952 2513 Contra
1988 2473 2116 2511 vero

537 2553 680 2607 idem
727 2545 1057 2622 Augustinus
1105 2551 1249 2605 inter
1301 2550 1540 2604 haereses
1586 2563 1723 2617 quas
1765 2563 1797 2602 a
1828 2547 2117 2602 Philastrio

538 2645 768 2711 accepit,
827 2644 1251 2698 Priscillianistas
1303 2651 1568 2698 memorat
1622 2641 1720 2712 (ε),
1767 2656 1890 2695 cum
1939 2649 2116 2695 tamen

539 2734 996 2790 Priscillianorum
1015 2751 1208 2789 nomen
1234 2736 1286 2789 in
1305 2734 1578 2789 Philastrii
1597 2734 1735 2787 libro
1754 2748 1861 2786 non
1885 2732 2116 2801 legatur,

539 2837 600 2882 ut
649 2829 855 2881 notavit
906 2827 1187 2882 Fabricius
1217 2827 1269 2880 in
1321 2824 1675 2880 Testimoniis
1701 2823 1770 2877 de
1795 2822 2112 2888 Philastrio,

535 2920 624 2974 ubi
654 2916 936 2988 Augustini
966 2918 1034 2972 de
1064 2918 1253 2975 eodem
1277 2916 1571 2970 Philastrio
1593 2914 1959 2969 testimonium
1979 2915 2118 2968 reci-

538 3019 652 3076 tat;
681 3009 774 3064 sed
805 3024 900 3065 eos
931 3006 1254 3062 Philastrius
1283 3020 1404 3074 cap.
1451 3004 1543 3072 84,
1573 3004 1674 3058 sub
1701 3004 1916 3058 nomine
1948 3003 2119 3056 Absti-

539 3103 786 3163 nentium,
806 3100 1156 3168 perstringat,
1173 3107 1233 3151 ut
1255 3097 1452 3151 ibidem
1475 3095 1757 3150 Fabricius
1778 3095 2117 3149 animadver-

541 3192 607 3245 tit
653 3191 752 3260 (f).
797 3188 1270 3242 Passalorinchitas
1314 3188 1441 3242 item
1491 3194 1740 3240 recenset
1786 3187 2122 3254 Augustinus

2216 2017 2322 2061 tem
2345 2022 2560 2061 omnem
2585 2006 2803 2069 ductor,
2828 2015 2880 2058 et
2905 2004 3381 2073 magister,-neque
3407 2004 3795 2071 providentiam

2218 2100 2463 2152 universa
2493 2098 2863 2152 moderantem
2909 2096 3208 2159 intellexit,
3243 2110 3342 2150 nec
3369 2094 3550 2149 animo
3579 2105 3799 2162 reputa-

2217 2193 2295 2244 vit
2319 2191 2580 2258 jndicium
2613 2189 2756 2243 illius
2783 2188 2871 2258 qui
2903 2197 3032 2242 ante
3072 2188 3285 2255 omnia,
3329 2197 3384 2242 et
3424 2187 3756 2258 inomnibus
3778 2227 3793 2252 ,

2217 2291 2273 2335 et
2302 2295 2464 2349 super
2489 2280 2674 2335 omnia
2693 2289 2796 2344 est,
2831 2280 2946 2333 Dei.
2984 2278 3315 2332 Ezocionitas
3363 2272 3597 2334 Arianos
3621 2278 3796 2334 nomi-

2220 2379 2312 2424 nat
2327 2385 2431 2424 non
2449 2385 2557 2424 setr
2576 2370 2616 2423 τι
2638 2369 2960 2423 Chronicum
2985 2368 3407 2439 Alexandrinum
3431 2370 3496 2441 (ι)
3517 2369 3608 2438 qui
3628 2367 3798 2450 Alba-

2218 2459 2392 2525 nasio,
2418 2460 2642 2529 aliisque
2662 2458 3020 2527 scriptoribus
3033 2459 3195 2522 etiam
3227 2457 3503 2512 Exucontii
3521 2458 3796 2527 appellati,

2215 2549 2359 2620 quod
2418 2548 2614 2602 Filium
2646 2549 2777 2614 Dei,
2810 2562 2969 2618 quem
3001 2547 3147 2603 Patri
3168 2532 3716 2611 consubstantialem,
3744 2557 3800 2601 et

2217 2649 2545 2712 coeternum
2568 2640 2858 2711 negabant,
2881 2643 2928 2704 ἐξ
2949 2642 3035 2694 οὐχ
3054 2637 3347 2706 ὄντων,”εθιι
3368 2654 3434 2694 ex
3458 2639 3628 2694 nihilo
3646 2653 3800 2694 crea-

2219 2743 2329 2787 tum
2356 2731 2714 2796 afﬁrmarent,
2739 2729 2807 2784 de
2828 2731 3021 2799 quibus
3047 2731 3302 2799 praeclara
3327 2728 3581 2784 nonnulla
3594 2728 3800 2782 notavit

2218 2824 2425 2894 lttigius
2446 2820 2544 2894 (ιι).
2561 2821 2754 2876 Bonosi
2775 2822 3000 2877 haeresis
3017 2838 3046 2875 a
3066 2826 3276 2877 Bonoso
3291 2819 3523 2892 quodam
3541 2822 3800 2891 episcopo

2219 2918 2421 2989 (utrum
2449 2917 2781 2981 Sardicensi,
2809 2925 2866 2968 ut
2887 2930 3012 2971 eum
3039 2914 3170 2970 facit
3196 2915 3393 2970 Marius
3417 2914 3700 2980 Mercator,
3728 2929 3798 2967 an

2221 3023 2350 3063 vero
2368 3007 2572 3073 Naissi,
2598 3015 2657 3060 ut
2682 3006 2890 3075 judicat
2911 3006 3218 3062 llolstenius
3243 3004 3339 3078 (υ),
3368 3022 3474 3061 non
3494 3006 3626 3060 satis
3647 3020 3799 3060 com-

2221 3095 2454 3168 pertum)
2473 3099 2527 3151 in
2554 3111 2620 3152 eo
2641 3097 2979 3161 versabatur,
3011 3096 3156 3164 quod
3178 3095 3456 3150 Bonoriani
3488 3111 3593 3150 non
3620 3096 3797 3150 solum

2217 3187 2417 3241 Christi
2441 3187 2708 3241 Deitatem
2741 3181 3030 3254 negabant,
3057 3186 3153 3240 sed
3185 3187 3367 3254 plures
3405 3187 3567 3242 etiam
3598 3186 3801 3242 liberos
3839 3184 3845 3188 ’

541 3298 592 3337 c.
621 3283 689 3336 63
731 3283 869 3336 inter
912 3281 1149 3335 haereses
1177 3297 1304 3348 quas
1331 3279 1593 3334 Philaster
1614 3280 1802 3349 posuit,
1835 3295 1926 3332 nec
1953 3281 2122 3348 posuit
2149 3266 2194 3327 C
2225 3292 2256 3331 e
2283 3273 2446 3331 Maria
2473 3278 2685 3345 genitos
2716 3276 2884 3329 fuisse
2908 3275 3235 3340 credebant;
3259 3284 3318 3330 ut
3340 3291 3408 3331 ex
3425 3277 3619 3332 Bonosi
3640 3290 3802 3331 causa

545 3373 906 3444 Epiphanius;
952 3387 1138 3429 verum
1169 3371 1640 3424 Passalorinchitas
1667 3370 2000 3439 Epiphanius
2029 3386 2122 3438 p0-

546 3465 646 3529 nit,
677 3472 991 3517 utnotatum
1022 3461 1269 3515 Fabricio
1305 3460 1372 3515 ad
1399 3460 1750 3515 Pbilastrinm
1779 3476 1899 3530 cap.
1930 3463 1997 3517 76
2020 3462 2117 3532 (g),

547 3555 622 3608 uti
645 3561 701 3606 et
722 3552 1096 3618 Colluthianos,
1129 3568 1262 3620 quos
1291 3552 1626 3621 Augustinus
1650 3551 1809 3606 habet
1833 3569 1883 3606 c.
1903 3552 1972 3608 65
1989 3565 2132 3606 tam.-

543 3661 702 3715 quam
727 3661 755 3698 a
778 3643 1087 3709 Philastrio,
1115 3658 1220 3697 non
1244 3644 1311 3698 ab
1334 3643 1633 3712 Epiphanio
1663 3653 1992 3699 memoratos
2019 3644 2116 3716 (I1).
2150 3679 2155 3685 .

545 3736 736 3791 Plures
776 3736 937 3790 etiam
980 3735 1215 3789 haereses
1252 3735 1583 3804 Augustinus
1628 3735 1832 3800 omisit,
1863 3751 1998 3804 quas
2023 3751 2124 3791 nec

517 3829 920 3898 Epiphanius,
973 3842 1073 3882 nec
1124 3827 1448 3881 Pbilastrius
1502 3837 1924 3894 recensuerunt;
1984 3831 2126 3884 inter

549 3935 642 3973 eas
675 3919 972 3972 Masbotha’i
1009 3935 1038 3971 a
1082 3917 1410 3970 Masbothtco
1453 3918 1531 3969 sic
1571 3916 1864 3984 appellati,
1907 3917 1997 3984 qui
2031 3917 2128 3971 fuit

550 4025 689 4066 unus
716 4009 781 4064 de
797 4016 1002 4076 septem
1028 4005 1218 4076 primis
1239 4005 1506 4060 haereticis
1524 4019 1659 4074 quos
1682 4015 1928 4058 numerat
1957 4007 2130 4060 Euse-

550 4103 672 4155 bius
703 4101 786 4170 (i),
817 4106 975 4169 prout
1003 4101 1163 4153 etiam
1193 4095 1421 4150 Gorthaai
1441 4112 1469 4150 a
1497 4097 1749 4152 Gorthzeo
1779 4097 2006 4165 quodam
2037 4098 2128 4168 (j),

551 4209 868 4263 quamquam
913 4192 1199 4246 Cori/rencs
1248 4197 1410 4258 ponat
1457 4190 1618 4243 etiam
1670 4189 1997 4259 Epiphanius
2029 4190 2125 4260 (Ir),

549 4288 638 4355 qui
685 4294 862 4339 tamen
917 4282 1404 4352 praetermittuntur
1453 4280 1519 4336 ab
1571 4279 1889 4350 Augustino.
1950 4282 2127 4336 Ascle-

649 4444 701 4498 η)
741 4445 817 4498 De
841 4444 988 4497 Haar.
1012 4456 1061 4494 c.
1095 4440 1182 4493 41.

654 4507 704 4567 (ἢ
744 4514 1042 4566 Testimon.
1077 4509 1144 4561 de
1178 4507 1486 4560 Philastrio.

651 4576 699 4652 εδ
741 4582 790 4633 ιι
833 4582 925 4648 {ait
973 4595 1056 4652 un_
1089 4576 1374 4652 Cotologue
1405 4577 1448 4652 si
1477 4577 1760 4652 nombrenx
1803 4576 2119 4652 djﬂérésies,

554 4644 692 4719 qu‘ii
706 4669 734 4702 a
756 4644 935 4703 encore
953 4647 1256 4719 multiplices
1274 4661 1334 4696 en
1348 4644 1534 4713 [uisant
1553 4645 1776 4696 mention
1803 4645 1954 4698 d’une
1973 4649 2128 4700 mémc

559 4717 754 4775 hérésie
783 4721 1035 4788 plusieurs
1053 4717 1173 4785 fcis.

655 4793 710 4857 ά)
750 4783 885 4858 Ᾱυε.
915 4791 980 4843 dc
1004 4783 1171 4850 Ilion,
1203 4799 1323 4853 cap,
1354 4783 1539 4837 20-57.

657 4862 703 4928 ε)
746 4861 903 4925 Ibid.,
947 4875 1065 4926 cap,
1111 4857 1198 4910 70,

631 4794 700 5002 in
743 4930 858 5002 Vim,-
885 4930 1102 5002 3d_CaD.
1133 4929 1206 5002 ἓξ
1229 4933 1342 4980 not.
1375 4924 1507 5002 Sani
1538 4947 1539 4952 η

625 4446 645 4652 ἓ

657 4855 703 4928 e)
746 4855 903 4925 lbid.,
947 4875 1065 4926 cap.
1111 4857 1198 4910 70.

655 4922 700 5000 Γ)
743 4930 858 4982 Via,
885 4922 948 4982 ad
981 4922 1102 4991 cép.
1133 4929 1205 5000 δέ
1229 4933 1342 4980 not.
1375 4924 1507 5000 Sunt
1538 4923 1588 4976 in
1611 4922 1997 5000 GalliissEntT.

751 5000 870 5053 yid.
901 5000 965 5054 ad
993 5014 1113 5068 cap,
1143 4996 1209 5050 76
1244 5005 1353 5048 not.
1397 4994 1499 5047 Alii
1523 5004 1639 5047 sunt
1663 4996 2128 5062 passulorinchitw.
2237 5011 2269 5064 ι)

563 5072 716 5126 Ευιτ.

606 5141 705 5210 ·(Ιι)
745 5139 954 5193 Videsis
979 5138 1311 5210 Fabricium,
1344 5135 1409 5189 ad
1436 5149 1556 5203 cap.
1591 5133 1681 5198 79,
1717 5144 1825 5190 not.
1871 5133 2133 5189 Malorum

565 5228 663 5264 non
689 5209 792 5262 esse
816 5212 1078 5278 factorem.
1107 5209 1260 5278 Ept'r.

658 5281 694 5346 ἰ)
735 5274 850 5332 Lib.
884 5294 932 5332 tv
963 5278 1097 5332 Hist.
1132 5277 1302 5341 Eccl.,
1333 5274 1559 5344 «ψῃ.

653 5350 700 5419 j)
741 5347 936 5402 Euseb.
966 5348 1099 5402 ibid.

653 5419 712 5487 lt)
753 5418 992 5471 Περι-ΑΞ.
1025 5486 1030 5487 ί

802 5434 992 5471 EBFJ‘Z.

637 5419 712 5559 iii)
747 5419 1131 5559 ἓξὲὶξὲᾆᾱοιο
1155 5484 1472 5559 Pliilastrius
1490 5498 1610 5559 cap.
1637 5483 1728 5550 50,
1758 5486 1894 5554 Aug.
1917 5487 2136 5555 cap.35,

566 5553 775 5610 cui‘nOn
809 5555 1119 5621 Theodotus,
1150 5555 1240 5608 sed
1273 5553 1576 5607 Theodotio.

642 5627 733 5693 tm)
775 5626 972 5678 Euseb.
1009 5627 1104 5679 lib.
1141 5641 1193 5682 v.
1218 5639 1340 5691 cap.
1371 5623 1462 5693 28.

643 5692 721 5763 (nl
759 5695 873 5746 Lib.
917 5710 1026 5756 xvt,
1060 5696 1140 5748 tit.
1173 5694 1225 5759 5,
1252 5695 1356 5761 leg.
1389 5692 1443 5746 9.

645 5763 714 5830 (ο)
755 5764 907 5834 Tom.
939 5764 1068 5829 Vlll,
1095 5780 1216 5834 pag.
1248 5764 1374 5817 793.

640 5833 716 5898 (ρ)
757 5831 909 5886 Num.
945 5835 1033 5898 ’δὴ
1065 5831 1152 5887 56.

2151 4531 2202 4589 D

2224 3381 2339 3427 acta
2378 3371 2433 3424 in
2466 3370 2676 3440 synodo
2716 3368 2970 3438 Capuana
3011 3368 3077 3424 A.
3104 3368 3164 3424 C.
3208 3368 3315 3426 589
3347 3371 3474 3424 satis
3505 3370 3672 3439 liquet
3693 3370 3801 3442 (π).

2223 3465 2398 3531 Atque
2431 3461 2544 3516 hmc
2567 3465 2635 3517 de
2677 3462 2977 3516 baeresibus
3015 3461 3083 3515 ab
3115 3461 3435 3532 Epiphanio,
3478 3462 3761 3518 Philastrio
3783 3503 3802 3528 ,

2224 3567 2274 3612 et
2323 3556 2624 3625 Augustino
2650 3553 2895 3620 omissis;
2947 3554 3198 3624 quoniam
3239 3569 3368 3608 vero
3396 3555 3689 3624 longiorem
3734 3553 3803 3609 de

2223 3651 2307 3703 his
2331 3663 2640 3704 sermonem
2688 3647 2865 3702 facere
2894 3656 3106 3702 nonest
3132 3647 3294 3715 hujus
3338 3647 3465 3713 loci,
3497 3646 3611 3701 lianc
3641 3645 3804 3700 modo

2225 3742 2365 3800 dicta
2397 3739 2667 3794 sulliciant
2690 3739 2768 3810 (y)
2801 3758 2814 3791 :
2867 3738 3076 3792 scilicet
3105 3754 3202 3814 nos
3228 3738 3336 3791 alio
3366 3748 3556 3792 avocat
3583 3737 3802 3791 institu-

2225 3841 2338 3884 tum
2369 3838 2636 3894 nostrum,
2669 3838 2724 3881 ut
2748 3843 2939 3895 nempe
2960 3830 3103 3881 varia
3136 3828 3204 3880 de
3228 3826 3518 3880 Philastrio
3540 3825 3805 3880 acatholi-

2229 3935 2413 3974 eorum
2457 3919 2656 3987 judicia
2686 3920 2737 3971 in
2776 3917 3014 3971 medium
3039 3919 3417 3986 proferamus,
3449 3928 3502 3972 et
3527 3918 3802 3988 expenda-

2230 4022 2370 4063 mus.

2305 4099 2332 4168 §
2360 4096 2424 4152 ΙΙ.
2453 4096 2662 4151 Iudicia
2688 4097 2985 4173 ἑτεροδόξων
3011 4099 3073 4152 de
3101 4097 3382 4154 Philastrio
3408 4110 3732 4165 enarrantur,

2796 4204 2840 4246 et
2863 4194 3240 4263 erpenduntur.
3745 4239 3753 4248 .

2308 4285 2390 4340 18.
2435 4285 2705 4341 Prodeunt
2759 4285 2988 4354 primum
3033 4283 3436 4341 Centuriatores
3496 4283 3809 4362 Mygdebur-

2301 4441 2377 4511 (q)
2421 4441 2562 4496 Hmr.
2592 4442 2679 4496 78.

2303 4513 2371 4582 (ν)
2411 4511 2540 4578 Cap.
2574 4513 2668 4566 56.

2301 4581 2371 4650 (δ)
2411 4582 2527 4635 Lib.
2580 4598 2679 4644 vn,
2730 4597 2848 4649 cap.
2885 4581 2971 4635 l0.
3022 4581 3256 4638 Consule
3299 4582 3498 4637 Valesii
3544 4590 3698 4636 notas
3740 4581 3807 4637 ad

2230 4650 2370 4703 hunc
2393 4652 2609 4704 Eusebii
2638 4653 2838 4703 locum.

2304 4718 2367 4790 (ι)
2404 4721 2534 4790 Pag.
2559 4719 2681 4785 704,
2706 4719 2847 4790 edit.
2868 4719 3089 4787 Raderi,
3114 4731 3167 4776 et
3193 4722 3341 4775 alibi.
3378 4789 3388 4790 ί
3470 4778 3472 4780 τ

2303 4788 2384 4921 ἓν)
2422 4788 2644 4867 Observ.
2674 4789 3042 4867 Miscell..vm,
3068 4806 3186 4857 pag.
3213 4790 3342 4854 239,
3375 4789 3571 4856 Lipsim
3589 4789 3755 4858 .1700.

2332 4858 2378 4921 v)
2421 4859 2562 4921 Ittig.
2594 4859 2819 4910 Observ.
2852 4857 3171 4921 Miscell._tx,
3197 4875 3314 4921 pag.
3345 4857 3473 4912 ΞΗ.

2332 4858 2378 4927 v)
2421 4859 2562 4927 Ittig.
2594 4859 2819 4910 Observ.
2852 4855 3171 4927 Miscellérx,
3197 4875 3314 4927 pag.
3345 4855 3473 4912 ΞΗ.
3589 4855 3591 4858 ’

2307 4873 2378 4927 (υ)
2423 4873 2562 4977 ιιιιέ,
2594 4873 2819 4910 unserv.
2852 4873 3171 4925 musceugx,
3197 4875 3314 4927 pag.
3345 4873 3473 4912 zu.

2634 4942 2750 4997 pag.
2785 4926 2888 4980 246
2931 4927 3143 4982 Videsis
3190 4928 3527 4997 Tillemont.,
3583 4937 3714 4984 tom.
3748 4943 3806 4995 ι,

2278 5038 2290 5049 .
2318 5020 2445 5056 200,
2484 5020 2598 5048 [ορ.

2275 5106 2278 5110 λ
2309 5067 2387 5137 (y)
2418 5065 2807 5138 Plura__d:_i_btm_t_
2828 5065 3170 5138 cupientibus
3189 5065 3518 5138 Euthymius
3547 5067 3599 5122 in
3635 5068 3811 5123 Pano-

2236 5133 2347 5204 plia
2369 5133 2507 5188 'tom.
2566 5133 2706 5205 XIX;
2731 5134 2868 5189 Bibl.
2901 5133 3048 5199 ’PP.,
3093 5150 3146 5205 p.
3178 5136 3230 5198 6,
3261 5152 3325 5191 ex
3347 5133 3610 5193 'versione
3663 5139 3811 5194 Petri

2240 5203 2513 5277 Francisci
2546 5203 2665 5258 Zini
2694 5203 3022 5277 Lunatensis
3057 5203 3508 5277 archipresbyteri
3529 5227 3546 5272 ;
3570 5216 3627 5264 et
3651 5205 3813 5263 Nice-

2240 5284 2308 5347 tae
2331 5275 2621 5334 Cboniatae
2660 5275 2960 5347 Acominati
2993 5274 3248 5347 Panoplia
3279 5274 3603 5346 dog'matica,
3631 5278 3810 5347 'cujus

2240 5346 2502 5414 integram
2527 5342 2737 5414 σύνοψιν
2751 5357 2940 5414 βχᾼηιε.
2965 5346 3098 5399 cod.
3123 5342 3443 5414 bombycino
3467 5342 3810 5402 bibliothecae

2239 5416 2312 5469 cl.
2343 5413 2442 5466 viri
2463 5412 2721 5482 Stephani
2746 5412 2942 5467 Baluzii
2973 5417 3189 5481 protulit
3212 5412 3608 5471 eruditissimus
3631 5417 3810 5471 Mont-

2243 5484 2520 5555 fauconius
2567 5483 2979 5555 Palaeographige
3008 5484 3209 5555 Graecia
3254 5486 3289 5537 l.
3320 5501 3393 5550 tv,
3440 5501 3488 5539 c.
3514 5488 3567 5549 9.
3599 5502 3652 5555 p.
3677 5486 3805 5540 527.

2246 5555 2377 5607 Vide
2406 5554 2589 5612 etiam,
2622 5553 2663 5606 si
2696 5555 2862 5618 lubet,
2891 5554 3108 5609 ’l‘bomae
3154 5553 3314 5622 lttigii
3363 5553 3809 5611 Dissertationem

2242 5624 2309 5676 de
2335 5623 2719 5677 Hmresiarchis
2745 5624 2846 5676 atavi
2876 5625 3189 5692 Apostolici;
3221 5626 3418 5693 Lipsia:
3444 5625 3603 5688 1690,
3645 5627 3724 5679 uti
3753 5636 3810 5680 et

2248 5693 2631 5764 Hartmannum
2653 5693 2827 5764 Tract.
2872 5694 2940 5746 de
2973 5695 3134 5748 rebus
3177 5698 3343 5764 gestis
3381 5695 3480 5750 sub
3511 5696 3801 5764 Apostolis,

2245 5772 2298 5836 et
2322 5762 2618 5836 Arnoldum
2654 5763 2881 5836 Historia
2913 5762 3229 5836 haeresiuni,
3253 5780 3388 5836 quos
3432 5762 3614 5824 laudat
3663 5764 3802 5820 idem

2247 5832 2449 5903 ltiigitls
2489 5835 2711 5889 Observ.
2748 5832 2968 5888 Miscell.
2999 5847 3073 5900 ιχ,
3107 5849 3225 5904 pag.
3253 5832 3378 5890 ‘2'“;
3721 5874 3723 5876 -
