  <div class='ocr_page' id='page_1' title='image "/cluster/home/n/w/nwhite01/storage/ocr_20150623/12-13/uc1.31175013632818/548.png"; bbox 0 0 3922 6470; ppageno 0'>
   <div class='ocr_carea' id='block_1_1' title="bbox 215 428 398 483">
    <p class='ocr_par' dir='ltr' id='par_1_1' title="bbox 215 428 398 483">
     <span class='ocr_line' id='line_1_1' title="bbox 215 428 398 483; baseline 0 0"><span class='ocrx_word' id='word_1_1' title='bbox 215 428 347 483; x_wconf 78' lang='grc'><strong>1081</strong></span> <span class='ocrx_word' id='word_1_2' title='bbox 394 439 398 443; x_wconf 78' lang='lat'><em>‘</em></span> 
     </span>
    </p>
   </div>
   <div class='ocr_carea' id='block_1_2' title="bbox 1383 424 2255 490">
    <p class='ocr_par' dir='ltr' id='par_1_2' title="bbox 1383 424 2255 490">
     <span class='ocr_line' id='line_1_2' title="bbox 1383 424 2255 490; baseline 0.001 -4"><span class='ocrx_word' id='word_1_3' title='bbox 1383 432 1440 487; x_wconf 66' lang='grc' dir='ltr'><strong>Ι).</strong></span> <span class='ocrx_word' id='word_1_4' title='bbox 1481 424 1831 489; x_wconf 75' lang='lat' dir='ltr'><strong>GALEARDI</strong></span> <span class='ocrx_word' id='word_1_5' title='bbox 1870 432 2255 490; x_wconf 67' lang='lat' dir='ltr'><strong>PREFATIO.</strong></span> 
     </span>
    </p>
   </div>
   <div class='ocr_carea' id='block_1_3' title="bbox 3313 437 3468 492">
    <p class='ocr_par' dir='ltr' id='par_1_3' title="bbox 3313 437 3468 492">
     <span class='ocr_line' id='line_1_3' title="bbox 3313 437 3468 492; baseline 0 0"><span class='ocrx_word' id='word_1_6' title='bbox 3313 462 3317 465; x_wconf 55' lang='grc' dir='ltr'><strong><em>π</em></strong></span> <span class='ocrx_word' id='word_1_7' title='bbox 3331 437 3468 492; x_wconf 67' lang='grc'><strong>1089</strong></span> 
     </span>
    </p>
   </div>
   <div class='ocr_carea' id='block_1_4' title="bbox 212 545 3505 627">
    <p class='ocr_par' dir='ltr' id='par_1_4' title="bbox 212 545 3505 627">
     <span class='ocr_line' id='line_1_4' title="bbox 212 545 3505 627; baseline 0.001 -22"><span class='ocrx_word' id='word_1_8' title='bbox 212 564 426 621; x_wconf 72' lang='lat' dir='ltr'><strong>genses,</strong></span> <span class='ocrx_word' id='word_1_9' title='bbox 471 552 594 621; x_wconf 82' lang='lat' dir='ltr'><strong>qui,</strong></span> <span class='ocrx_word' id='word_1_10' title='bbox 627 550 755 608; x_wconf 90' lang='lat' dir='ltr'><strong>licet</strong></span> <span class='ocrx_word' id='word_1_11' title='bbox 800 550 1060 608; x_wconf 76' lang='lat' dir='ltr'><strong>novitatis</strong></span> <span class='ocrx_word' id='word_1_12' title='bbox 1095 554 1295 622; x_wconf 90' lang='lat' dir='ltr'><strong>studio,</strong></span> <span class='ocrx_word' id='word_1_13' title='bbox 1343 553 1636 612; x_wconf 89' lang='lat' dir='ltr'><strong>Catholicis</strong></span> <span class='ocrx_word' id='word_1_14' title='bbox 1665 570 1789 625; x_wconf 89' lang='lat' dir='ltr'><strong>par-</strong></span> <span class='ocrx_word' id='word_1_15' title='bbox 1815 559 1870 618; x_wconf 83' lang='grc' dir='ltr'><strong>Α</strong></span> <span class='ocrx_word' id='word_1_16' title='bbox 1895 555 2170 611; x_wconf 72' lang='grc' dir='ltr'><strong>Ηωτεεέοη</strong></span> <span class='ocrx_word' id='word_1_17' title='bbox 2198 554 2471 626; x_wconf 84' lang='lat' dir='ltr'><strong>Catalogo,</strong></span> <span class='ocrx_word' id='word_1_18' title='bbox 2505 570 2688 627; x_wconf 88' lang='lat' dir='ltr'><strong>magno</strong></span> <span class='ocrx_word' id='word_1_19' title='bbox 2715 556 2884 609; x_wconf 85' lang='lat' dir='ltr'><strong>studio</strong></span> <span class='ocrx_word' id='word_1_20' title='bbox 2908 564 3070 608; x_wconf 83' lang='lat' dir='ltr'><strong>certat</strong></span> <span class='ocrx_word' id='word_1_21' title='bbox 3097 564 3277 609; x_wconf 87' lang='lat' dir='ltr'><strong>contra</strong></span> <span class='ocrx_word' id='word_1_22' title='bbox 3305 554 3472 608; x_wconf 87' lang='lat' dir='ltr'><strong>omnis</strong></span> <span class='ocrx_word' id='word_1_23' title='bbox 3503 545 3505 548; x_wconf 34' lang='grc'><em>⁴</em></span> 
     </span>
    </p>
   </div>
   <div class='ocr_carea' id='block_1_5' title="bbox 213 641 1796 712">
    <p class='ocr_par' dir='ltr' id='par_1_5' title="bbox 213 641 1796 712">
     <span class='ocr_line' id='line_1_5' title="bbox 213 641 1796 712; baseline 0.004 -16"><span class='ocrx_word' id='word_1_24' title='bbox 213 641 355 696; x_wconf 88' lang='lat' dir='ltr'><strong>tibus</strong></span> <span class='ocrx_word' id='word_1_25' title='bbox 376 642 664 712; x_wconf 86' lang='lat' dir='ltr'><strong>plurimum</strong></span> <span class='ocrx_word' id='word_1_26' title='bbox 695 644 912 709; x_wconf 78' lang='lat' dir='ltr'><strong>infensi,</strong></span> <span class='ocrx_word' id='word_1_27' title='bbox 938 645 1284 703; x_wconf 88' lang='lat' dir='ltr'><strong>Philastrium</strong></span> <span class='ocrx_word' id='word_1_28' title='bbox 1310 656 1485 704; x_wconf 86' lang='lat' dir='ltr'><strong>tamen</strong></span> <span class='ocrx_word' id='word_1_29' title='bbox 1507 647 1796 704; x_wconf 72' lang='lat' dir='ltr'><strong>Catholica:</strong></span> 
     </span>
    </p>
   </div>
   <div class='ocr_carea' id='block_1_6' title="bbox 211 733 1794 808">
    <p class='ocr_par' dir='ltr' id='par_1_6' title="bbox 211 733 1794 808">
     <span class='ocr_line' id='line_1_6' title="bbox 211 733 1794 808; baseline 0.005 -23"><span class='ocrx_word' id='word_1_30' title='bbox 211 733 451 788; x_wconf 80' lang='lat' dir='ltr'><strong>veritatis</strong></span> <span class='ocrx_word' id='word_1_31' title='bbox 472 734 588 789; x_wconf 80' lang='lat' dir='ltr'><strong>zelo</strong></span> <span class='ocrx_word' id='word_1_32' title='bbox 616 750 774 805; x_wconf 85' lang='lat' dir='ltr'><strong>quam</strong></span> <span class='ocrx_word' id='word_1_33' title='bbox 806 736 1042 792; x_wconf 77' lang='lat' dir='ltr'><strong>maxime</strong></span> <span class='ocrx_word' id='word_1_34' title='bbox 1079 736 1393 808; x_wconf 77' lang='lat' dir='ltr'><strong>ﬂagrantem</strong></span> <span class='ocrx_word' id='word_1_35' title='bbox 1415 781 1430 805; x_wconf 94' lang='lat'><strong>,</strong></span> <span class='ocrx_word' id='word_1_36' title='bbox 1467 755 1572 794; x_wconf 89' lang='lat' dir='ltr'><strong>non</strong></span> <span class='ocrx_word' id='word_1_37' title='bbox 1604 753 1711 792; x_wconf 91' lang='lat' dir='ltr'><strong>uno</strong></span> <span class='ocrx_word' id='word_1_38' title='bbox 1741 739 1794 793; x_wconf 90' lang='lat' dir='ltr'><strong>in</strong></span> 
     </span>
    </p>
   </div>
   <div class='ocr_carea' id='block_1_7' title="bbox 211 821 1791 899">
    <p class='ocr_par' dir='ltr' id='par_1_7' title="bbox 211 821 1791 899">
     <span class='ocr_line' id='line_1_7' title="bbox 211 821 1791 899; baseline 0.004 -25"><span class='ocrx_word' id='word_1_39' title='bbox 211 821 332 876; x_wconf 89' lang='lat' dir='ltr'><strong>loco</strong></span> <span class='ocrx_word' id='word_1_40' title='bbox 363 822 571 877; x_wconf 84' lang='lat' dir='ltr'><strong>eximiis</strong></span> <span class='ocrx_word' id='word_1_41' title='bbox 617 823 865 880; x_wconf 83' lang='lat' dir='ltr'><strong>laudibus</strong></span> <span class='ocrx_word' id='word_1_42' title='bbox 910 825 1164 899; x_wconf 79' lang='lat' dir='ltr'><strong>elieruut.</strong></span> <span class='ocrx_word' id='word_1_43' title='bbox 1214 826 1384 897; x_wconf 73' lang='lat' dir='ltr'><strong>Igitur</strong></span> <span class='ocrx_word' id='word_1_44' title='bbox 1436 828 1487 882; x_wconf 91' lang='lat' dir='ltr'><strong>hi</strong></span> <span class='ocrx_word' id='word_1_45' title='bbox 1523 829 1670 883; x_wconf 89' lang='lat' dir='ltr'><strong>Cent.</strong></span> <span class='ocrx_word' id='word_1_46' title='bbox 1707 827 1742 881; x_wconf 77' lang='grc'><strong>4</strong></span> <span class='ocrx_word' id='word_1_47' title='bbox 1773 868 1791 896; x_wconf 83' lang='grc'>,</span> 
     </span>
    </p>
   </div>
   <div class='ocr_carea' id='block_1_8' title="bbox 208 913 1795 989">
    <p class='ocr_par' dir='ltr' id='par_1_8' title="bbox 208 913 1795 989">
     <span class='ocr_line' id='line_1_8' title="bbox 208 913 1795 989; baseline 0.003 -21"><span class='ocrx_word' id='word_1_48' title='bbox 208 927 332 983; x_wconf 85' lang='lat' dir='ltr'><strong>cap.</strong></span> <span class='ocrx_word' id='word_1_49' title='bbox 365 914 398 968; x_wconf 76' lang='lat'><strong>5</strong></span> <span class='ocrx_word' id='word_1_50' title='bbox 437 913 539 985; x_wconf 82' lang='grc' dir='ltr'>(ιι),</span> <span class='ocrx_word' id='word_1_51' title='bbox 569 914 663 969; x_wconf 90' lang='lat' dir='ltr'><strong>ubi</strong></span> <span class='ocrx_word' id='word_1_52' title='bbox 693 915 759 970; x_wconf 93' lang='lat' dir='ltr'><strong>de</strong></span> <span class='ocrx_word' id='word_1_53' title='bbox 805 915 999 972; x_wconf 68' lang='lat' dir='ltr'><strong>haeresi</strong></span> <span class='ocrx_word' id='word_1_54' title='bbox 1045 917 1370 974; x_wconf 80' lang='lat' dir='ltr'><strong>Arianorum</strong></span> <span class='ocrx_word' id='word_1_55' title='bbox 1421 921 1630 989; x_wconf 82' lang='lat' dir='ltr'><strong>agitur,</strong></span> <span class='ocrx_word' id='word_1_56' title='bbox 1680 921 1795 973; x_wconf 63' lang='lat' dir='ltr'><strong>haec</strong></span> 
     </span>
    </p>
   </div>
   <div class='ocr_carea' id='block_1_9' title="bbox 210 1003 1798 1082">
    <p class='ocr_par' dir='ltr' id='par_1_9' title="bbox 210 1003 1798 1082">
     <span class='ocr_line' id='line_1_9' title="bbox 210 1003 1798 1082; baseline 0.003 -24"><span class='ocrx_word' id='word_1_57' title='bbox 210 1003 413 1060; x_wconf 82' lang='lat' dir='ltr'><strong>habent</strong></span> <span class='ocrx_word' id='word_1_58' title='bbox 461 1023 474 1060; x_wconf 90' lang='lat'><strong>:</strong></span> <span class='ocrx_word' id='word_1_59' title='bbox 525 1003 962 1062; x_wconf 73' lang='lat' dir='ltr'><strong>Contradixerunt</strong></span> <span class='ocrx_word' id='word_1_60' title='bbox 1014 1007 1137 1062; x_wconf 86' lang='lat' dir='ltr'><strong>huic</strong></span> <span class='ocrx_word' id='word_1_61' title='bbox 1182 1009 1368 1063; x_wconf 77' lang='lat' dir='ltr'><strong>hteresi</strong></span> <span class='ocrx_word' id='word_1_62' title='bbox 1423 1021 1468 1063; x_wconf 77' lang='lat' dir='ltr'><strong>ct</strong></span> <span class='ocrx_word' id='word_1_63' title='bbox 1493 1011 1584 1063; x_wconf 87' lang='lat' dir='ltr'><strong>alii</strong></span> <span class='ocrx_word' id='word_1_64' title='bbox 1640 1011 1798 1082; x_wconf 87' lang='lat' dir='ltr'><strong>hujus</strong></span> 
     </span>
    </p>
   </div>
   <div class='ocr_carea' id='block_1_10' title="bbox 137 1096 1790 1171">
    <p class='ocr_par' dir='ltr' id='par_1_10' title="bbox 137 1096 1790 1171">
     <span class='ocr_line' id='line_1_10' title="bbox 137 1096 1790 1171; baseline 0.002 -22"><span class='ocrx_word' id='word_1_65' title='bbox 137 1161 139 1163; x_wconf 18' lang='grc' dir='ltr'><strong><em>ι</em></strong></span> <span class='ocrx_word' id='word_1_66' title='bbox 206 1096 374 1150; x_wconf 69' lang='lat' dir='ltr'><strong>atatis</strong></span> <span class='ocrx_word' id='word_1_67' title='bbox 427 1105 725 1164; x_wconf 79' lang='lat' dir='ltr'><strong>prtestantes</strong></span> <span class='ocrx_word' id='word_1_68' title='bbox 777 1098 873 1150; x_wconf 76' lang='lat' dir='ltr'><strong>viri</strong></span> <span class='ocrx_word' id='word_1_69' title='bbox 896 1137 912 1164; x_wconf 94' lang='lat'><strong>,</strong></span> <span class='ocrx_word' id='word_1_70' title='bbox 961 1107 1014 1150; x_wconf 89' lang='lat' dir='ltr'><strong>ut</strong></span> <span class='ocrx_word' id='word_1_71' title='bbox 1041 1099 1338 1153; x_wconf 80' lang='lat' dir='ltr'><strong>Ambrosius</strong></span> <span class='ocrx_word' id='word_1_72' title='bbox 1371 1139 1385 1163; x_wconf 94' lang='lat'><strong>,</strong></span> <span class='ocrx_word' id='word_1_73' title='bbox 1420 1097 1746 1171; x_wconf 84' lang='lat' dir='ltr'><strong>Epiphanius</strong></span> <span class='ocrx_word' id='word_1_74' title='bbox 1774 1138 1790 1164; x_wconf 96' lang='lat'><strong>,</strong></span> 
     </span>
    </p>
   </div>
   <div class='ocr_carea' id='block_1_11' title="bbox 209 1183 1790 1258">
    <p class='ocr_par' dir='ltr' id='par_1_11' title="bbox 209 1183 1790 1258">
     <span class='ocr_line' id='line_1_11' title="bbox 209 1183 1790 1258; baseline 0.002 -19"><span class='ocrx_word' id='word_1_75' title='bbox 209 1183 549 1252; x_wconf 72' lang='lat' dir='ltr'><strong>PHILASTER,</strong></span> <span class='ocrx_word' id='word_1_76' title='bbox 581 1186 782 1241; x_wconf 75' lang='lat' dir='ltr'><strong>Marius</strong></span> <span class='ocrx_word' id='word_1_77' title='bbox 833 1185 1146 1254; x_wconf 76' lang='lat' dir='ltr'><strong>Victorinus,</strong></span> <span class='ocrx_word' id='word_1_78' title='bbox 1190 1197 1236 1242; x_wconf 90' lang='lat' dir='ltr'><strong>et</strong></span> <span class='ocrx_word' id='word_1_79' title='bbox 1261 1188 1472 1243; x_wconf 87' lang='lat' dir='ltr'><strong>similes.</strong></span> <span class='ocrx_word' id='word_1_80' title='bbox 1520 1189 1790 1258; x_wconf 77' lang='lat' dir='ltr'><strong>lntegrum</strong></span> 
     </span>
    </p>
   </div>
   <div class='ocr_carea' id='block_1_12' title="bbox 205 1275 1795 1350">
    <p class='ocr_par' dir='ltr' id='par_1_12' title="bbox 205 1275 1795 1350">
     <span class='ocr_line' id='line_1_12' title="bbox 205 1275 1795 1350; baseline 0.001 -20"><span class='ocrx_word' id='word_1_81' title='bbox 205 1275 403 1331; x_wconf 87' lang='lat' dir='ltr'><strong>deinde</strong></span> <span class='ocrx_word' id='word_1_82' title='bbox 425 1275 696 1333; x_wconf 87' lang='lat' dir='ltr'><strong>Philastrii</strong></span> <span class='ocrx_word' id='word_1_83' title='bbox 737 1278 912 1334; x_wconf 90' lang='lat' dir='ltr'><strong>locum</strong></span> <span class='ocrx_word' id='word_1_84' title='bbox 954 1289 1145 1334; x_wconf 89' lang='lat' dir='ltr'><strong>contra</strong></span> <span class='ocrx_word' id='word_1_85' title='bbox 1172 1280 1358 1334; x_wconf 85' lang='lat' dir='ltr'><strong>Arium</strong></span> <span class='ocrx_word' id='word_1_86' title='bbox 1390 1279 1670 1350; x_wconf 86' lang='lat' dir='ltr'><strong>proferunt</strong></span> <span class='ocrx_word' id='word_1_87' title='bbox 1693 1278 1795 1350; x_wconf 77' lang='lat' dir='ltr'><strong>(b):</strong></span> 
     </span>
    </p>
   </div>
   <div class='ocr_carea' id='block_1_13' title="bbox 210 1365 1792 1440">
    <p class='ocr_par' dir='ltr' id='par_1_13' title="bbox 210 1365 1792 1440">
     <span class='ocr_line' id='line_1_13' title="bbox 210 1365 1792 1440; baseline 0.002 -20"><span class='ocrx_word' id='word_1_88' title='bbox 210 1365 383 1421; x_wconf 85' lang='lat' dir='ltr'><strong>Homo</strong></span> <span class='ocrx_word' id='word_1_89' title='bbox 428 1378 476 1422; x_wconf 88' lang='lat' dir='ltr'><strong>et</strong></span> <span class='ocrx_word' id='word_1_90' title='bbox 515 1370 730 1440; x_wconf 80' lang='lat' dir='ltr'><strong>angelus</strong></span> <span class='ocrx_word' id='word_1_91' title='bbox 775 1371 902 1439; x_wconf 87' lang='lat' dir='ltr'><strong>facti</strong></span> <span class='ocrx_word' id='word_1_92' title='bbox 939 1379 1058 1425; x_wconf 87' lang='lat' dir='ltr'><strong>sunt</strong></span> <span class='ocrx_word' id='word_1_93' title='bbox 1084 1387 1150 1424; x_wconf 83' lang='lat' dir='ltr'><strong>ea:</strong></span> <span class='ocrx_word' id='word_1_94' title='bbox 1179 1372 1339 1425; x_wconf 87' lang='lat' dir='ltr'><strong>nihilo</strong></span> <span class='ocrx_word' id='word_1_95' title='bbox 1370 1388 1396 1425; x_wconf 70' lang='grc' dir='ltr'><strong>ε.</strong></span> <span class='ocrx_word' id='word_1_96' title='bbox 1421 1370 1592 1426; x_wconf 81' lang='lat' dir='ltr'><strong>Filius</strong></span> <span class='ocrx_word' id='word_1_97' title='bbox 1621 1380 1792 1425; x_wconf 85' lang='lat' dir='ltr'><strong>autem</strong></span> 
     </span>
    </p>
   </div>
   <div class='ocr_carea' id='block_1_14' title="bbox 207 1460 1791 1529">
    <p class='ocr_par' dir='ltr' id='par_1_14' title="bbox 207 1460 1791 1529">
     <span class='ocr_line' id='line_1_14' title="bbox 207 1460 1791 1529; baseline 0.003 -18"><span class='ocrx_word' id='word_1_98' title='bbox 207 1474 326 1512; x_wconf 89' lang='lat' dir='ltr'><strong>cum</strong></span> <span class='ocrx_word' id='word_1_99' title='bbox 352 1460 416 1512; x_wconf 90' lang='lat' dir='ltr'><strong>sit</strong></span> <span class='ocrx_word' id='word_1_100' title='bbox 443 1475 617 1524; x_wconf 83' lang='lat' dir='ltr'><strong>verus,</strong></span> <span class='ocrx_word' id='word_1_101' title='bbox 643 1471 840 1529; x_wconf 78' lang='lat' dir='ltr'><strong>Oportet</strong></span> <span class='ocrx_word' id='word_1_102' title='bbox 869 1460 934 1514; x_wconf 87' lang='lat' dir='ltr'><strong>de</strong></span> <span class='ocrx_word' id='word_1_103' title='bbox 981 1462 1158 1514; x_wconf 77' lang='lat' dir='ltr'><strong>divina</strong></span> <span class='ocrx_word' id='word_1_104' title='bbox 1187 1463 1278 1515; x_wconf 91' lang='lat' dir='ltr'><strong>illa</strong></span> <span class='ocrx_word' id='word_1_105' title='bbox 1307 1463 1592 1516; x_wconf 78' lang='lat' dir='ltr'><strong>substantia</strong></span> <span class='ocrx_word' id='word_1_106' title='bbox 1623 1463 1791 1516; x_wconf 90' lang='lat' dir='ltr'><strong>Patris</strong></span> 
     </span>
    </p>
   </div>
   <div class='ocr_carea' id='block_1_15' title="bbox 206 1548 1787 1621">
    <p class='ocr_par' dir='ltr' id='par_1_15' title="bbox 206 1548 1787 1621">
     <span class='ocr_line' id='line_1_15' title="bbox 206 1548 1787 1621; baseline 0.002 -19"><span class='ocrx_word' id='word_1_107' title='bbox 206 1548 404 1618; x_wconf 84' lang='lat' dir='ltr'><strong>genitus</strong></span> <span class='ocrx_word' id='word_1_108' title='bbox 426 1559 791 1619; x_wconf 80' lang='lat' dir='ltr'><strong>cognoscatur;</strong></span> <span class='ocrx_word' id='word_1_109' title='bbox 820 1564 943 1604; x_wconf 92' lang='lat' dir='ltr'><strong>cum</strong></span> <span class='ocrx_word' id='word_1_110' title='bbox 990 1551 1214 1619; x_wconf 87' lang='lat' dir='ltr'><strong>reliquis</strong></span> <span class='ocrx_word' id='word_1_111' title='bbox 1263 1568 1380 1620; x_wconf 63' lang='lat' dir='ltr'><strong>qua:</strong></span> <span class='ocrx_word' id='word_1_112' title='bbox 1409 1553 1548 1621; x_wconf 92' lang='lat' dir='ltr'><strong>apud</strong></span> <span class='ocrx_word' id='word_1_113' title='bbox 1575 1553 1787 1605; x_wconf 88' lang='lat' dir='ltr'><strong>Philas-</strong></span> 
     </span>
    </p>
   </div>
   <div class='ocr_carea' id='block_1_16' title="bbox 209 1638 1788 1710">
    <p class='ocr_par' dir='ltr' id='par_1_16' title="bbox 209 1638 1788 1710">
     <span class='ocr_line' id='line_1_16' title="bbox 209 1638 1788 1710; baseline 0.004 -18"><span class='ocrx_word' id='word_1_114' title='bbox 209 1638 374 1693; x_wconf 90' lang='lat' dir='ltr'><strong>trium</strong></span> <span class='ocrx_word' id='word_1_115' title='bbox 422 1639 688 1694; x_wconf 85' lang='lat' dir='ltr'><strong>habentur</strong></span> <span class='ocrx_word' id='word_1_116' title='bbox 711 1655 830 1710; x_wconf 86' lang='lat' dir='ltr'><strong>cap.</strong></span> <span class='ocrx_word' id='word_1_117' title='bbox 864 1641 954 1707; x_wconf 86' lang='lat'><strong>66,</strong></span> <span class='ocrx_word' id='word_1_118' title='bbox 984 1652 1171 1710; x_wconf 89' lang='lat' dir='ltr'><strong>postea</strong></span> <span class='ocrx_word' id='word_1_119' title='bbox 1218 1643 1285 1697; x_wconf 93' lang='lat' dir='ltr'><strong>de</strong></span> <span class='ocrx_word' id='word_1_120' title='bbox 1325 1643 1674 1698; x_wconf 86' lang='lat' dir='ltr'><strong>Semiarianis</strong></span> <span class='ocrx_word' id='word_1_121' title='bbox 1706 1645 1788 1698; x_wconf 89' lang='lat' dir='ltr'><strong>lo-</strong></span> 
     </span>
    </p>
   </div>
   <div class='ocr_carea' id='block_1_17' title="bbox 205 1727 1786 1800">
    <p class='ocr_par' dir='ltr' id='par_1_17' title="bbox 205 1727 1786 1800">
     <span class='ocr_line' id='line_1_17' title="bbox 205 1727 1786 1800; baseline 0.005 -20"><span class='ocrx_word' id='word_1_122' title='bbox 205 1737 436 1797; x_wconf 85' lang='lat' dir='ltr'><strong>quentes</strong></span> <span class='ocrx_word' id='word_1_123' title='bbox 471 1727 577 1800; x_wconf 89' lang='lat' dir='ltr'><strong>(c),</strong></span> <span class='ocrx_word' id='word_1_124' title='bbox 619 1731 775 1784; x_wconf 84' lang='lat' dir='ltr'><strong>unius</strong></span> <span class='ocrx_word' id='word_1_125' title='bbox 818 1741 1013 1784; x_wconf 89' lang='lat' dir='ltr'><strong>tantum</strong></span> <span class='ocrx_word' id='word_1_126' title='bbox 1059 1731 1331 1787; x_wconf 87' lang='lat' dir='ltr'><strong>Philastrii</strong></span> <span class='ocrx_word' id='word_1_127' title='bbox 1372 1735 1559 1799; x_wconf 85' lang='lat' dir='ltr'><strong>verba,</strong></span> <span class='ocrx_word' id='word_1_128' title='bbox 1601 1744 1786 1789; x_wconf 86' lang='lat' dir='ltr'><strong>contra</strong></span> 
     </span>
    </p>
   </div>
   <div class='ocr_carea' id='block_1_18' title="bbox 207 1818 1788 1893">
    <p class='ocr_par' dir='ltr' id='par_1_18' title="bbox 207 1818 1788 1893">
     <span class='ocr_line' id='line_1_18' title="bbox 207 1818 1788 1893; baseline 0.003 -21"><span class='ocrx_word' id='word_1_129' title='bbox 207 1818 450 1887; x_wconf 88' lang='lat' dir='ltr'><strong>ipsorum</strong></span> <span class='ocrx_word' id='word_1_130' title='bbox 483 1819 820 1892; x_wconf 83' lang='lat' dir='ltr'><strong>hypothesim</strong></span> <span class='ocrx_word' id='word_1_131' title='bbox 853 1821 919 1876; x_wconf 87' lang='lat' dir='ltr'><strong>de</strong></span> <span class='ocrx_word' id='word_1_132' title='bbox 941 1821 1144 1892; x_wconf 89' lang='lat' dir='ltr'><strong>Spiritu</strong></span> <span class='ocrx_word' id='word_1_133' title='bbox 1177 1833 1364 1878; x_wconf 86' lang='lat' dir='ltr'><strong>sancto</strong></span> <span class='ocrx_word' id='word_1_134' title='bbox 1398 1823 1656 1893; x_wconf 89' lang='lat' dir='ltr'><strong>adjiciunt</strong></span> <span class='ocrx_word' id='word_1_135' title='bbox 1683 1825 1788 1893; x_wconf 81' lang='grc' dir='ltr'><strong>(ά),</strong></span> 
     </span>
    </p>
   </div>
   <div class='ocr_carea' id='block_1_19' title="bbox 1896 645 3469 718">
    <p class='ocr_par' dir='ltr' id='par_1_19' title="bbox 1896 645 3469 718">
     <span class='ocr_line' id='line_1_19' title="bbox 1896 645 3469 718; baseline -0.001 -18"><span class='ocrx_word' id='word_1_136' title='bbox 1896 647 2096 718; x_wconf 81' lang='lat' dir='ltr'><strong>generis</strong></span> <span class='ocrx_word' id='word_1_137' title='bbox 2124 648 2387 712; x_wconf 71' lang='lat' dir='ltr'><strong>vanitates,</strong></span> <span class='ocrx_word' id='word_1_138' title='bbox 2420 647 2822 718; x_wconf 77' lang='lat' dir='ltr'><strong>superstitiones,</strong></span> <span class='ocrx_word' id='word_1_139' title='bbox 2853 656 2900 701; x_wconf 92' lang='lat' dir='ltr'><strong>et</strong></span> <span class='ocrx_word' id='word_1_140' title='bbox 2930 663 3126 701; x_wconf 87' lang='lat' dir='ltr'><strong>errores</strong></span> <span class='ocrx_word' id='word_1_141' title='bbox 3151 645 3430 701; x_wconf 80' lang='lat' dir='ltr'><strong>Gentilium</strong></span> <span class='ocrx_word' id='word_1_142' title='bbox 3453 685 3469 710; x_wconf 92' lang='lat'><strong>,</strong></span> 
     </span>
    </p>
   </div>
   <div class='ocr_carea' id='block_1_20' title="bbox 1894 736 3470 808">
    <p class='ocr_par' dir='ltr' id='par_1_20' title="bbox 1894 736 3470 808">
     <span class='ocr_line' id='line_1_20' title="bbox 1894 736 3470 808; baseline -0.001 -18"><span class='ocrx_word' id='word_1_143' title='bbox 1894 736 2215 804; x_wconf 71' lang='lat' dir='ltr'><strong>Iudaeorum,</strong></span> <span class='ocrx_word' id='word_1_144' title='bbox 2245 747 2296 791; x_wconf 89' lang='lat' dir='ltr'><strong>et</strong></span> <span class='ocrx_word' id='word_1_145' title='bbox 2323 736 2751 791; x_wconf 88' lang='lat' dir='ltr'><strong>Christianorum.</strong></span> <span class='ocrx_word' id='word_1_146' title='bbox 2811 736 2948 790; x_wconf 86' lang='lat' dir='ltr'><strong>Nam</strong></span> <span class='ocrx_word' id='word_1_147' title='bbox 2991 746 3191 790; x_wconf 80' lang='lat' dir='ltr'><strong>centum</strong></span> <span class='ocrx_word' id='word_1_148' title='bbox 3219 739 3470 808; x_wconf 87' lang='lat' dir='ltr'><strong>quinqua-</strong></span> 
     </span>
    </p>
   </div>
   <div class='ocr_carea' id='block_1_21' title="bbox 1896 825 3472 898">
    <p class='ocr_par' dir='ltr' id='par_1_21' title="bbox 1896 825 3472 898">
     <span class='ocr_line' id='line_1_21' title="bbox 1896 825 3472 898; baseline 0.001 -19"><span class='ocrx_word' id='word_1_149' title='bbox 1896 829 2034 898; x_wconf 87' lang='lat' dir='ltr'><strong>ginta</strong></span> <span class='ocrx_word' id='word_1_150' title='bbox 2065 843 2154 881; x_wconf 81' lang='lat' dir='ltr'><strong>sea:</strong></span> <span class='ocrx_word' id='word_1_151' title='bbox 2179 827 2392 882; x_wconf 70' lang='lat' dir='ltr'><strong>hereses</strong></span> <span class='ocrx_word' id='word_1_152' title='bbox 2413 844 2738 888; x_wconf 83' lang='lat' dir='ltr'><strong>enumerans,</strong></span> <span class='ocrx_word' id='word_1_153' title='bbox 2765 838 2868 880; x_wconf 90' lang='lat' dir='ltr'><strong>tam</strong></span> <span class='ocrx_word' id='word_1_154' title='bbox 2898 845 2981 881; x_wconf 88' lang='lat' dir='ltr'><strong>eas</strong></span> <span class='ocrx_word' id='word_1_155' title='bbox 3005 844 3119 898; x_wconf 70' lang='lat' dir='ltr'><strong>quae</strong></span> <span class='ocrx_word' id='word_1_156' title='bbox 3139 838 3256 881; x_wconf 89' lang='lat' dir='ltr'><strong>ante</strong></span> <span class='ocrx_word' id='word_1_157' title='bbox 3280 825 3472 881; x_wconf 81' lang='lat' dir='ltr'><strong>Christi</strong></span> 
     </span>
    </p>
   </div>
   <div class='ocr_carea' id='block_1_22' title="bbox 1895 915 3475 990">
    <p class='ocr_par' dir='ltr' id='par_1_22' title="bbox 1895 915 3475 990">
     <span class='ocr_line' id='line_1_22' title="bbox 1895 915 3475 990; baseline -0.002 -17"><span class='ocrx_word' id='word_1_158' title='bbox 1895 921 2189 986; x_wconf 82' lang='lat' dir='ltr'><strong>adventum,</strong></span> <span class='ocrx_word' id='word_1_159' title='bbox 2221 935 2372 988; x_wconf 87' lang='lat' dir='ltr'><strong>quam</strong></span> <span class='ocrx_word' id='word_1_160' title='bbox 2398 935 2512 989; x_wconf 73' lang='lat' dir='ltr'><strong>qua:</strong></span> <span class='ocrx_word' id='word_1_161' title='bbox 2540 930 2676 990; x_wconf 90' lang='lat' dir='ltr'><strong>post,</strong></span> <span class='ocrx_word' id='word_1_162' title='bbox 2707 930 2753 973; x_wconf 89' lang='lat' dir='ltr'><strong>et</strong></span> <span class='ocrx_word' id='word_1_163' title='bbox 2796 919 2848 971; x_wconf 92' lang='lat' dir='ltr'><strong>in</strong></span> <span class='ocrx_word' id='word_1_164' title='bbox 2872 920 3063 988; x_wconf 87' lang='lat' dir='ltr'><strong>populo</strong></span> <span class='ocrx_word' id='word_1_165' title='bbox 3093 915 3223 983; x_wconf 89' lang='lat' dir='ltr'><strong>Dei,</strong></span> <span class='ocrx_word' id='word_1_166' title='bbox 3271 926 3318 971; x_wconf 88' lang='lat' dir='ltr'><strong>et</strong></span> <span class='ocrx_word' id='word_1_167' title='bbox 3345 919 3475 971; x_wconf 88' lang='lat' dir='ltr'><strong>inter</strong></span> 
     </span>
    </p>
   </div>
   <div class='ocr_carea' id='block_1_23' title="bbox 1899 1001 3473 1081">
    <p class='ocr_par' dir='ltr' id='par_1_23' title="bbox 1899 1001 3473 1081">
     <span class='ocr_line' id='line_1_23' title="bbox 1899 1001 3473 1081; baseline -0.002 -17"><span class='ocrx_word' id='word_1_168' title='bbox 1899 1009 2081 1065; x_wconf 83' lang='lat' dir='ltr'><strong>Gentes</strong></span> <span class='ocrx_word' id='word_1_169' title='bbox 2107 1012 2361 1076; x_wconf 77' lang='lat' dir='ltr'><strong>exstitere,</strong></span> <span class='ocrx_word' id='word_1_170' title='bbox 2413 1001 2680 1081; x_wconf 84' lang='lat' dir='ltr'><strong>plerasque</strong></span> <span class='ocrx_word' id='word_1_171' title='bbox 2728 1009 3025 1062; x_wconf 87' lang='lat' dir='ltr'><strong>earumdem</strong></span> <span class='ocrx_word' id='word_1_172' title='bbox 3073 1009 3310 1076; x_wconf 88' lang='lat' dir='ltr'><strong>refutat:</strong></span> <span class='ocrx_word' id='word_1_173' title='bbox 3336 1023 3473 1076; x_wconf 77' lang='lat' dir='ltr'><strong>prte-</strong></span> 
     </span>
    </p>
   </div>
   <div class='ocr_carea' id='block_1_24' title="bbox 1895 1099 3471 1171">
    <p class='ocr_par' dir='ltr' id='par_1_24' title="bbox 1895 1099 3471 1171">
     <span class='ocr_line' id='line_1_24' title="bbox 1895 1099 3471 1171; baseline -0.002 -16"><span class='ocrx_word' id='word_1_174' title='bbox 1895 1102 2065 1155; x_wconf 89' lang='lat' dir='ltr'><strong>sertim</strong></span> <span class='ocrx_word' id='word_1_175' title='bbox 2087 1117 2172 1154; x_wconf 75' lang='lat' dir='ltr'><strong>eas</strong></span> <span class='ocrx_word' id='word_1_176' title='bbox 2197 1117 2310 1171; x_wconf 73' lang='lat' dir='ltr'><strong>qua:</strong></span> <span class='ocrx_word' id='word_1_177' title='bbox 2341 1111 2452 1171; x_wconf 89' lang='lat' dir='ltr'><strong>post</strong></span> <span class='ocrx_word' id='word_1_178' title='bbox 2497 1100 2756 1156; x_wconf 80' lang='lat' dir='ltr'><strong>Christum</strong></span> <span class='ocrx_word' id='word_1_179' title='bbox 2792 1100 3139 1171; x_wconf 70' lang='lat' dir='ltr'><strong>glori/iratum</strong></span> <span class='ocrx_word' id='word_1_180' title='bbox 3186 1100 3237 1152; x_wconf 91' lang='lat' dir='ltr'><strong>in</strong></span> <span class='ocrx_word' id='word_1_181' title='bbox 3280 1099 3471 1168; x_wconf 86' lang='lat' dir='ltr'><strong>populo</strong></span> 
     </span>
    </p>
   </div>
   <div class='ocr_carea' id='block_1_25' title="bbox 1894 1187 3476 1260">
    <p class='ocr_par' dir='ltr' id='par_1_25' title="bbox 1894 1187 3476 1260">
     <span class='ocr_line' id='line_1_25' title="bbox 1894 1187 3476 1260; baseline -0.002 -17"><span class='ocrx_word' id='word_1_182' title='bbox 1894 1187 2185 1244; x_wconf 87' lang='lat' dir='ltr'><strong>Christiano</strong></span> <span class='ocrx_word' id='word_1_183' title='bbox 2202 1200 2389 1245; x_wconf 63' lang='lat' dir='ltr'><strong>exorta?</strong></span> <span class='ocrx_word' id='word_1_184' title='bbox 2407 1201 2560 1255; x_wconf 83' lang='lat' dir='ltr'><strong>sunt;</strong></span> <span class='ocrx_word' id='word_1_185' title='bbox 2591 1191 2805 1245; x_wconf 81' lang='lat' dir='ltr'><strong>breviter</strong></span> <span class='ocrx_word' id='word_1_186' title='bbox 2821 1190 3048 1260; x_wconf 85' lang='lat' dir='ltr'><strong>quidem,</strong></span> <span class='ocrx_word' id='word_1_187' title='bbox 3078 1191 3166 1244; x_wconf 88' lang='lat' dir='ltr'><strong>sed</strong></span> <span class='ocrx_word' id='word_1_188' title='bbox 3196 1199 3363 1242; x_wconf 90' lang='lat' dir='ltr'><strong>tamen</strong></span> <span class='ocrx_word' id='word_1_189' title='bbox 3394 1189 3476 1241; x_wconf 87' lang='lat' dir='ltr'><strong>di-</strong></span> 
     </span>
    </p>
   </div>
   <div class='ocr_carea' id='block_1_26' title="bbox 1894 1279 2587 1351">
    <p class='ocr_par' dir='ltr' id='par_1_26' title="bbox 1894 1279 2587 1351">
     <span class='ocr_line' id='line_1_26' title="bbox 1894 1279 2587 1351; baseline -0.001 -18"><span class='ocrx_word' id='word_1_190' title='bbox 1894 1279 2061 1336; x_wconf 87' lang='lat' dir='ltr'><strong>lucide</strong></span> <span class='ocrx_word' id='word_1_191' title='bbox 2083 1291 2128 1335; x_wconf 86' lang='lat' dir='ltr'><strong>et</strong></span> <span class='ocrx_word' id='word_1_192' title='bbox 2157 1282 2419 1351; x_wconf 85' lang='lat' dir='ltr'><strong>perspicue</strong></span> <span class='ocrx_word' id='word_1_193' title='bbox 2443 1282 2587 1334; x_wconf 86' lang='lat' dir='ltr'><strong>satis.</strong></span> 
     </span>
    </p>
   </div>
   <div class='ocr_carea' id='block_1_27' title="bbox 1967 1368 3468 1440">
    <p class='ocr_par' dir='ltr' id='par_1_27' title="bbox 1967 1368 3468 1440">
     <span class='ocr_line' id='line_1_27' title="bbox 1967 1368 3468 1440; baseline -0.003 -15"><span class='ocrx_word' id='word_1_194' title='bbox 1967 1372 2050 1425; x_wconf 88' lang='grc'><strong>19.</strong></span> <span class='ocrx_word' id='word_1_195' title='bbox 2088 1371 2210 1425; x_wconf 84' lang='lat' dir='ltr'><strong>Haec</strong></span> <span class='ocrx_word' id='word_1_196' title='bbox 2257 1371 2792 1440; x_wconf 78' lang='lat' dir='ltr'><strong>Magdeburgensium</strong></span> <span class='ocrx_word' id='word_1_197' title='bbox 2841 1369 3014 1438; x_wconf 78' lang='lat' dir='ltr'><strong>elogia</strong></span> <span class='ocrx_word' id='word_1_198' title='bbox 3067 1369 3199 1424; x_wconf 84' lang='lat' dir='ltr'><strong>satis</strong></span> <span class='ocrx_word' id='word_1_199' title='bbox 3253 1368 3468 1422; x_wconf 86' lang='lat' dir='ltr'><strong>diluunt</strong></span> 
     </span>
    </p>
   </div>
   <div class='ocr_carea' id='block_1_28' title="bbox 1894 1459 3475 1532">
    <p class='ocr_par' dir='ltr' id='par_1_28' title="bbox 1894 1459 3475 1532">
     <span class='ocr_line' id='line_1_28' title="bbox 1894 1459 3475 1532; baseline -0.002 -16"><span class='ocrx_word' id='word_1_200' title='bbox 1894 1475 2277 1532; x_wconf 71' lang='lat' dir='ltr'><strong>prmposterum</strong></span> <span class='ocrx_word' id='word_1_201' title='bbox 2309 1463 2376 1517; x_wconf 89' lang='lat' dir='ltr'><strong>de</strong></span> <span class='ocrx_word' id='word_1_202' title='bbox 2410 1463 2695 1516; x_wconf 71' lang='lat' dir='ltr'><strong>Philasuiu</strong></span> <span class='ocrx_word' id='word_1_203' title='bbox 2739 1462 3025 1530; x_wconf 85' lang='lat' dir='ltr'><strong>judicium,</strong></span> <span class='ocrx_word' id='word_1_204' title='bbox 3077 1461 3217 1531; x_wconf 91' lang='lat' dir='ltr'><strong>quod</strong></span> <span class='ocrx_word' id='word_1_205' title='bbox 3270 1459 3475 1529; x_wconf 79' lang='lat' dir='ltr'><strong>profert</strong></span> 
     </span>
    </p>
   </div>
   <div class='ocr_carea' id='block_1_29' title="bbox 1892 1549 3471 1622">
    <p class='ocr_par' dir='ltr' id='par_1_29' title="bbox 1892 1549 3471 1622">
     <span class='ocr_line' id='line_1_29' title="bbox 1892 1549 3471 1622; baseline -0.004 -14"><span class='ocrx_word' id='word_1_206' title='bbox 1892 1553 2129 1608; x_wconf 81' lang='lat' dir='ltr'><strong>Joannes</strong></span> <span class='ocrx_word' id='word_1_207' title='bbox 2155 1554 2385 1608; x_wconf 67' lang='lat' dir='ltr'><strong>Dallaaus</strong></span> <span class='ocrx_word' id='word_1_208' title='bbox 2407 1553 2502 1607; x_wconf 90' lang='lat' dir='ltr'><strong>lib.</strong></span> <span class='ocrx_word' id='word_1_209' title='bbox 2529 1569 2567 1606; x_wconf 90' lang='grc' dir='ltr'><strong>ιι</strong></span> <span class='ocrx_word' id='word_1_210' title='bbox 2598 1553 2665 1606; x_wconf 91' lang='lat' dir='ltr'><strong>de</strong></span> <span class='ocrx_word' id='word_1_211' title='bbox 2692 1552 2800 1607; x_wconf 89' lang='lat' dir='ltr'><strong>Usu</strong></span> <span class='ocrx_word' id='word_1_212' title='bbox 2826 1552 3045 1606; x_wconf 88' lang='lat' dir='ltr'><strong>Patrum</strong></span> <span class='ocrx_word' id='word_1_213' title='bbox 3068 1566 3190 1622; x_wconf 86' lang='lat' dir='ltr'><strong>cap.</strong></span> <span class='ocrx_word' id='word_1_214' title='bbox 3221 1551 3247 1603; x_wconf 91' lang='grc'><strong>1</strong></span> <span class='ocrx_word' id='word_1_215' title='bbox 3280 1550 3352 1622; x_wconf 71' lang='lat' dir='ltr'><strong>(lt)</strong></span> <span class='ocrx_word' id='word_1_216' title='bbox 3386 1549 3471 1602; x_wconf 84' lang='lat' dir='ltr'><strong>his</strong></span> 
     </span>
    </p>
   </div>
   <div class='ocr_carea' id='block_1_30' title="bbox 1892 1645 3473 1713">
    <p class='ocr_par' dir='ltr' id='par_1_30' title="bbox 1892 1645 3473 1713">
     <span class='ocr_line' id='line_1_30' title="bbox 1892 1645 3473 1713; baseline -0.001 -15"><span class='ocrx_word' id='word_1_217' title='bbox 1892 1645 2072 1699; x_wconf 80' lang='lat' dir='ltr'><strong>verbis</strong></span> <span class='ocrx_word' id='word_1_218' title='bbox 2100 1664 2111 1696; x_wconf 86' lang='lat'><strong>:</strong></span> <span class='ocrx_word' id='word_1_219' title='bbox 2138 1645 2453 1699; x_wconf 85' lang='lat' dir='ltr'><strong>Philastrius</strong></span> <span class='ocrx_word' id='word_1_220' title='bbox 2480 1645 2762 1699; x_wconf 71' lang='lat' dir='ltr'><strong>Brixiensis</strong></span> <span class='ocrx_word' id='word_1_221' title='bbox 2785 1646 3075 1713; x_wconf 87' lang='lat' dir='ltr'><strong>episcopus,</strong></span> <span class='ocrx_word' id='word_1_222' title='bbox 3103 1659 3217 1713; x_wconf 73' lang='lat' dir='ltr'><strong>quw</strong></span> <span class='ocrx_word' id='word_1_223' title='bbox 3236 1645 3473 1711; x_wconf 85' lang='lat' dir='ltr'><strong>ipsenon</strong></span> 
     </span>
    </p>
   </div>
   <div class='ocr_carea' id='block_1_31' title="bbox 1893 1729 3471 1805">
    <p class='ocr_par' dir='ltr' id='par_1_31' title="bbox 1893 1729 3471 1805">
     <span class='ocr_line' id='line_1_31' title="bbox 1893 1729 3471 1805; baseline -0.002 -16"><span class='ocrx_word' id='word_1_224' title='bbox 1893 1736 2157 1805; x_wconf 83' lang='lat' dir='ltr'><strong>probabat,</strong></span> <span class='ocrx_word' id='word_1_225' title='bbox 2217 1753 2275 1789; x_wconf 90' lang='lat' dir='ltr'><strong>ea</strong></span> <span class='ocrx_word' id='word_1_226' title='bbox 2303 1738 2354 1789; x_wconf 88' lang='lat' dir='ltr'><strong>in</strong></span> <span class='ocrx_word' id='word_1_227' title='bbox 2389 1729 2659 1790; x_wconf 40' lang='lat' dir='ltr'><strong>‘hazreseon</strong></span> <span class='ocrx_word' id='word_1_228' title='bbox 2708 1751 2934 1801; x_wconf 85' lang='lat' dir='ltr'><strong>censum,</strong></span> <span class='ocrx_word' id='word_1_229' title='bbox 2983 1735 3139 1788; x_wconf 83' lang='lat' dir='ltr'><strong>veluti</strong></span> <span class='ocrx_word' id='word_1_230' title='bbox 3182 1751 3212 1786; x_wconf 90' lang='lat' dir='ltr'><strong>a</strong></span> <span class='ocrx_word' id='word_1_231' title='bbox 3267 1733 3471 1804; x_wconf 89' lang='lat' dir='ltr'><strong>publica</strong></span> 
     </span>
    </p>
   </div>
   <div class='ocr_carea' id='block_1_32' title="bbox 1892 1825 3472 1893">
    <p class='ocr_par' dir='ltr' id='par_1_32' title="bbox 1892 1825 3472 1893">
     <span class='ocr_line' id='line_1_32' title="bbox 1892 1825 3472 1893; baseline -0.002 -13"><span class='ocrx_word' id='word_1_232' title='bbox 1892 1826 2296 1880; x_wconf 83' lang='lat' dir='ltr'><strong>Christianorum</strong></span> <span class='ocrx_word' id='word_1_233' title='bbox 2325 1828 2548 1879; x_wconf 87' lang='lat' dir='ltr'><strong>omnium</strong></span> <span class='ocrx_word' id='word_1_234' title='bbox 2572 1825 2674 1893; x_wconf 80' lang='lat' dir='ltr'><strong>ﬁde</strong></span> <span class='ocrx_word' id='word_1_235' title='bbox 2697 1826 2888 1889; x_wconf 88' lang='lat' dir='ltr'><strong>aliena,</strong></span> <span class='ocrx_word' id='word_1_236' title='bbox 2917 1825 3091 1878; x_wconf 88' lang='lat' dir='ltr'><strong>retulit</strong></span> <span class='ocrx_word' id='word_1_237' title='bbox 3121 1825 3250 1877; x_wconf 89' lang='lat' dir='ltr'><strong>adeo</strong></span> <span class='ocrx_word' id='word_1_238' title='bbox 3291 1825 3472 1891; x_wconf 80' lang='lat' dir='ltr'><strong>fallaci</strong></span> 
     </span>
    </p>
   </div>
   <div class='ocr_carea' id='block_1_33' title="bbox 206 1906 3469 1988">
    <p class='ocr_par' dir='ltr' id='par_1_33' title="bbox 206 1906 3469 1988">
     <span class='ocr_line' id='line_1_33' title="bbox 206 1906 3469 1988; baseline 0 -25"><span class='ocrx_word' id='word_1_239' title='bbox 206 1906 442 1963; x_wconf 82' lang='lat' dir='ltr'><strong>Christus</strong></span> <span class='ocrx_word' id='word_1_240' title='bbox 481 1910 737 1965; x_wconf 87' lang='lat' dir='ltr'><strong>Dominus</strong></span> <span class='ocrx_word' id='word_1_241' title='bbox 781 1911 1036 1981; x_wconf 87' lang='lat' dir='ltr'><strong>Spiritum</strong></span> <span class='ocrx_word' id='word_1_242' title='bbox 1063 1911 1251 1980; x_wconf 90' lang='lat' dir='ltr'><strong>Patri,</strong></span> <span class='ocrx_word' id='word_1_243' title='bbox 1285 1924 1330 1966; x_wconf 90' lang='lat' dir='ltr'><strong>et</strong></span> <span class='ocrx_word' id='word_1_244' title='bbox 1378 1915 1494 1980; x_wconf 87' lang='lat' dir='ltr'><strong>sibi,</strong></span> <span class='ocrx_word' id='word_1_245' title='bbox 1551 1916 1603 1968; x_wconf 89' lang='lat' dir='ltr'><strong>in</strong></span> <span class='ocrx_word' id='word_1_246' title='bbox 1655 1913 1787 1967; x_wconf 77' lang='lat' dir='ltr'><strong>Fide</strong></span> <span class='ocrx_word' id='word_1_247' title='bbox 1817 1920 1862 1979; x_wconf 76' lang='grc' dir='ltr'><strong>Β</strong></span> <span class='ocrx_word' id='word_1_248' title='bbox 1889 1927 1935 1969; x_wconf 91' lang='lat' dir='ltr'><strong>et</strong></span> <span class='ocrx_word' id='word_1_249' title='bbox 1965 1916 2101 1985; x_wconf 84' lang='lat' dir='ltr'><strong>futili</strong></span> <span class='ocrx_word' id='word_1_250' title='bbox 2124 1918 2378 1969; x_wconf 87' lang='lat' dir='ltr'><strong>interdum</strong></span> <span class='ocrx_word' id='word_1_251' title='bbox 2395 1917 2621 1988; x_wconf 75' lang='lat' dir='ltr'><strong>judicio,</strong></span> <span class='ocrx_word' id='word_1_252' title='bbox 2650 1925 2705 1967; x_wconf 89' lang='lat' dir='ltr'><strong>ut</strong></span> <span class='ocrx_word' id='word_1_253' title='bbox 2746 1931 2860 1983; x_wconf 71' lang='lat' dir='ltr'><strong>qua:</strong></span> <span class='ocrx_word' id='word_1_254' title='bbox 2897 1915 2986 1968; x_wconf 88' lang='lat' dir='ltr'><strong>ille</strong></span> <span class='ocrx_word' id='word_1_255' title='bbox 3005 1914 3252 1984; x_wconf 84' lang='lat' dir='ltr'><strong>jugulat,</strong></span> <span class='ocrx_word' id='word_1_256' title='bbox 3284 1911 3469 1965; x_wconf 87' lang='lat' dir='ltr'><strong>Eccle-</strong></span> 
     </span>
    </p>
   </div>
   <div class='ocr_carea' id='block_1_34' title="bbox 209 1997 1788 2074">
    <p class='ocr_par' dir='ltr' id='par_1_34' title="bbox 209 1997 1788 2074">
     <span class='ocr_line' id='line_1_34' title="bbox 209 1997 1788 2074; baseline 0.004 -23"><span class='ocrx_word' id='word_1_257' title='bbox 209 1997 462 2068; x_wconf 88' lang='lat' dir='ltr'><strong>Baptismi</strong></span> <span class='ocrx_word' id='word_1_258' title='bbox 482 2001 660 2055; x_wconf 91' lang='lat' dir='ltr'><strong>salutis</strong></span> <span class='ocrx_word' id='word_1_259' title='bbox 689 2012 893 2056; x_wconf 65' lang='lat' dir='ltr'><strong>a&#39;terntc</strong></span> <span class='ocrx_word' id='word_1_260' title='bbox 938 2004 1236 2074; x_wconf 79' lang='lat' dir='ltr'><strong>conjunxit;</strong></span> <span class='ocrx_word' id='word_1_261' title='bbox 1278 2005 1418 2073; x_wconf 88' lang='lat' dir='ltr'><strong>quod</strong></span> <span class='ocrx_word' id='word_1_262' title='bbox 1445 2005 1660 2074; x_wconf 88' lang='lat' dir='ltr'><strong>quidem</strong></span> <span class='ocrx_word' id='word_1_263' title='bbox 1695 2020 1788 2072; x_wconf 82' lang='lat' dir='ltr'><strong>per</strong></span> 
     </span>
    </p>
   </div>
   <div class='ocr_carea' id='block_1_35' title="bbox 204 2091 1789 2166">
    <p class='ocr_par' dir='ltr' id='par_1_35' title="bbox 204 2091 1789 2166">
     <span class='ocr_line' id='line_1_35' title="bbox 204 2091 1789 2166; baseline 0.003 -23"><span class='ocrx_word' id='word_1_264' title='bbox 204 2103 265 2144; x_wconf 88' lang='lat' dir='ltr'><strong>se</strong></span> <span class='ocrx_word' id='word_1_265' title='bbox 289 2091 424 2144; x_wconf 83' lang='lat' dir='ltr'><strong>satis</strong></span> <span class='ocrx_word' id='word_1_266' title='bbox 448 2099 553 2156; x_wconf 89' lang='lat' dir='ltr'><strong>est,</strong></span> <span class='ocrx_word' id='word_1_267' title='bbox 584 2100 644 2145; x_wconf 89' lang='lat' dir='ltr'><strong>ut</strong></span> <span class='ocrx_word' id='word_1_268' title='bbox 685 2092 970 2148; x_wconf 88' lang='lat' dir='ltr'><strong>manifeste</strong></span> <span class='ocrx_word' id='word_1_269' title='bbox 1015 2103 1216 2163; x_wconf 88' lang='lat' dir='ltr'><strong>pateat,</strong></span> <span class='ocrx_word' id='word_1_270' title='bbox 1249 2097 1432 2165; x_wconf 88' lang='lat' dir='ltr'><strong>quanti</strong></span> <span class='ocrx_word' id='word_1_271' title='bbox 1467 2097 1605 2166; x_wconf 84' lang='lat' dir='ltr'><strong>apud</strong></span> <span class='ocrx_word' id='word_1_272' title='bbox 1642 2096 1789 2165; x_wconf 90' lang='lat' dir='ltr'><strong>ipsos</strong></span> 
     </span>
    </p>
   </div>
   <div class='ocr_carea' id='block_1_36' title="bbox 205 2176 1787 2258">
    <p class='ocr_par' dir='ltr' id='par_1_36' title="bbox 205 2176 1787 2258">
     <span class='ocr_line' id='line_1_36' title="bbox 205 2176 1787 2258; baseline 0.004 -23"><span class='ocrx_word' id='word_1_273' title='bbox 205 2176 367 2236; x_wconf 79' lang='lat' dir='ltr'><strong>fuerit</strong></span> <span class='ocrx_word' id='word_1_274' title='bbox 392 2182 712 2238; x_wconf 86' lang='lat' dir='ltr'><strong>Pbilastrius</strong></span> <span class='ocrx_word' id='word_1_275' title='bbox 733 2225 747 2248; x_wconf 94' lang='lat'><strong>,</strong></span> <span class='ocrx_word' id='word_1_276' title='bbox 775 2185 997 2255; x_wconf 87' lang='lat' dir='ltr'><strong>ejusque</strong></span> <span class='ocrx_word' id='word_1_277' title='bbox 1027 2187 1342 2242; x_wconf 87' lang='lat' dir='ltr'><strong>auctoritas.</strong></span> <span class='ocrx_word' id='word_1_278' title='bbox 1397 2189 1540 2241; x_wconf 81' lang='lat' dir='ltr'><strong>Alibi</strong></span> <span class='ocrx_word' id='word_1_279' title='bbox 1572 2203 1787 2258; x_wconf 88' lang='lat' dir='ltr'><strong>quoque</strong></span> 
     </span>
    </p>
   </div>
   <div class='ocr_carea' id='block_1_37' title="bbox 203 2269 1786 2348">
    <p class='ocr_par' dir='ltr' id='par_1_37' title="bbox 203 2269 1786 2348">
     <span class='ocr_line' id='line_1_37' title="bbox 203 2269 1786 2348; baseline 0.006 -23"><span class='ocrx_word' id='word_1_280' title='bbox 203 2269 557 2328; x_wconf 81' lang='lat' dir='ltr'><strong>Philastrium</strong></span> <span class='ocrx_word' id='word_1_281' title='bbox 581 2273 826 2339; x_wconf 76' lang='lat' dir='ltr'><strong>laudant,</strong></span> <span class='ocrx_word' id='word_1_282' title='bbox 875 2289 939 2330; x_wconf 90' lang='lat' dir='ltr'><strong>ac</strong></span> <span class='ocrx_word' id='word_1_283' title='bbox 967 2277 1260 2345; x_wconf 85' lang='lat' dir='ltr'><strong>peculiaria</strong></span> <span class='ocrx_word' id='word_1_284' title='bbox 1311 2279 1429 2348; x_wconf 89' lang='lat' dir='ltr'><strong>ejus</strong></span> <span class='ocrx_word' id='word_1_285' title='bbox 1458 2279 1572 2334; x_wconf 81' lang='lat' dir='ltr'><strong>Idea</strong></span> <span class='ocrx_word' id='word_1_286' title='bbox 1601 2280 1786 2334; x_wconf 85' lang='lat' dir='ltr'><strong>obser-</strong></span> 
     </span>
    </p>
   </div>
   <div class='ocr_carea' id='block_1_38' title="bbox 196 2364 1786 2436">
    <p class='ocr_par' dir='ltr' id='par_1_38' title="bbox 196 2364 1786 2436">
     <span class='ocr_line' id='line_1_38' title="bbox 196 2364 1786 2436; baseline 0.003 -20"><span class='ocrx_word' id='word_1_287' title='bbox 196 2369 354 2425; x_wconf 71' lang='lat' dir='ltr'><strong>~Vaut,</strong></span> <span class='ocrx_word' id='word_1_288' title='bbox 387 2364 708 2436; x_wconf 86' lang='lat' dir='ltr'><strong>ubicumque</strong></span> <span class='ocrx_word' id='word_1_289' title='bbox 760 2381 850 2422; x_wconf 91' lang='lat' dir='ltr'><strong>res</strong></span> <span class='ocrx_word' id='word_1_290' title='bbox 879 2369 1013 2421; x_wconf 91' lang='lat' dir='ltr'><strong>ferat</strong></span> <span class='ocrx_word' id='word_1_291' title='bbox 1047 2367 1316 2424; x_wconf 85' lang='lat' dir='ltr'><strong>Pbilastrii</strong></span> <span class='ocrx_word' id='word_1_292' title='bbox 1345 2370 1491 2426; x_wconf 91' lang='lat' dir='ltr'><strong>dicto</strong></span> <span class='ocrx_word' id='word_1_293' title='bbox 1519 2379 1572 2425; x_wconf 92' lang='lat' dir='ltr'><strong>et</strong></span> <span class='ocrx_word' id='word_1_294' title='bbox 1600 2379 1786 2426; x_wconf 76' lang='lat' dir='ltr'><strong>aucta-</strong></span> 
     </span>
    </p>
   </div>
   <div class='ocr_carea' id='block_1_39' title="bbox 204 2453 1785 2529">
    <p class='ocr_par' dir='ltr' id='par_1_39' title="bbox 204 2453 1785 2529">
     <span class='ocr_line' id='line_1_39' title="bbox 204 2453 1785 2529; baseline 0.004 -22"><span class='ocrx_word' id='word_1_295' title='bbox 204 2453 367 2509; x_wconf 83' lang='lat' dir='ltr'><strong>ritate</strong></span> <span class='ocrx_word' id='word_1_296' title='bbox 418 2455 528 2521; x_wconf 89' lang='lat' dir='ltr'><strong>usi;</strong></span> <span class='ocrx_word' id='word_1_297' title='bbox 560 2466 618 2509; x_wconf 90' lang='lat' dir='ltr'><strong>ut</strong></span> <span class='ocrx_word' id='word_1_298' title='bbox 647 2456 800 2511; x_wconf 84' lang='lat' dir='ltr'><strong>Cent.</strong></span> <span class='ocrx_word' id='word_1_299' title='bbox 857 2472 898 2522; x_wconf 83' lang='grc' dir='ltr'>ι,</span> <span class='ocrx_word' id='word_1_300' title='bbox 946 2471 1068 2526; x_wconf 79' lang='lat' dir='ltr'><strong>cap.</strong></span> <span class='ocrx_word' id='word_1_301' title='bbox 1109 2458 1142 2512; x_wconf 85' lang='lat'><strong>5</strong></span> <span class='ocrx_word' id='word_1_302' title='bbox 1172 2457 1285 2528; x_wconf 88' lang='lat' dir='ltr'><strong>(e),</strong></span> <span class='ocrx_word' id='word_1_303' title='bbox 1337 2475 1445 2529; x_wconf 90' lang='lat' dir='ltr'><strong>quo</strong></span> <span class='ocrx_word' id='word_1_304' title='bbox 1477 2461 1529 2513; x_wconf 93' lang='lat' dir='ltr'><strong>in</strong></span> <span class='ocrx_word' id='word_1_305' title='bbox 1560 2462 1679 2514; x_wconf 91' lang='lat' dir='ltr'><strong>loco</strong></span> <span class='ocrx_word' id='word_1_306' title='bbox 1720 2476 1785 2514; x_wconf 82' lang='lat' dir='ltr'><strong>ex</strong></span> 
     </span>
    </p>
   </div>
   <div class='ocr_carea' id='block_1_40' title="bbox 207 2542 1788 2615">
    <p class='ocr_par' dir='ltr' id='par_1_40' title="bbox 207 2542 1788 2615">
     <span class='ocr_line' id='line_1_40' title="bbox 207 2542 1788 2615; baseline 0.004 -19"><span class='ocrx_word' id='word_1_307' title='bbox 207 2542 499 2599; x_wconf 87' lang='lat' dir='ltr'><strong>Philastrio</strong></span> <span class='ocrx_word' id='word_1_308' title='bbox 517 2546 1183 2615; x_wconf 44' lang='lat' dir='ltr'><strong>aiunt,&#39;.Simonem’coram</strong></span> <span class='ocrx_word' id='word_1_309' title='bbox 1200 2549 1411 2604; x_wconf 83' lang='lat' dir='ltr'><strong>Nerone</strong></span> <span class='ocrx_word' id='word_1_310' title='bbox 1431 2565 1460 2603; x_wconf 91' lang='lat' dir='ltr'><strong>a</strong></span> <span class='ocrx_word' id='word_1_311' title='bbox 1483 2549 1642 2604; x_wconf 89' lang='lat' dir='ltr'><strong>Petro</strong></span> <span class='ocrx_word' id='word_1_312' title='bbox 1665 2550 1788 2603; x_wconf 88' lang='lat' dir='ltr'><strong>doc-</strong></span> 
     </span>
    </p>
   </div>
   <div class='ocr_carea' id='block_1_41' title="bbox 208 2634 1787 2713">
    <p class='ocr_par' dir='ltr' id='par_1_41' title="bbox 208 2634 1787 2713">
     <span class='ocr_line' id='line_1_41' title="bbox 208 2634 1787 2713; baseline 0.006 -27"><span class='ocrx_word' id='word_1_313' title='bbox 208 2634 367 2696; x_wconf 84' lang='lat' dir='ltr'><strong>trina,</strong></span> <span class='ocrx_word' id='word_1_314' title='bbox 400 2644 448 2687; x_wconf 89' lang='lat' dir='ltr'><strong>et</strong></span> <span class='ocrx_word' id='word_1_315' title='bbox 477 2636 742 2689; x_wconf 84' lang='lat' dir='ltr'><strong>miraculis</strong></span> <span class='ocrx_word' id='word_1_316' title='bbox 779 2645 1089 2706; x_wconf 86' lang='lat' dir='ltr'><strong>supetum</strong></span> <span class='ocrx_word' id='word_1_317' title='bbox 1141 2638 1491 2710; x_wconf 85' lang='lat' dir='ltr'><strong>(Pbilastrius</strong></span> <span class='ocrx_word' id='word_1_318' title='bbox 1529 2656 1689 2710; x_wconf 89' lang='lat' dir='ltr'><strong>porro</strong></span> <span class='ocrx_word' id='word_1_319' title='bbox 1718 2641 1787 2713; x_wconf 66' lang='grc' dir='ltr'><strong>(Ι)</strong></span> 
     </span>
    </p>
   </div>
   <div class='ocr_carea' id='block_1_42' title="bbox 175 2727 1785 2799">
    <p class='ocr_par' dir='ltr' id='par_1_42' title="bbox 175 2727 1785 2799">
     <span class='ocr_line' id='line_1_42' title="bbox 175 2727 1785 2799; baseline 0.006 -19"><span class='ocrx_word' id='word_1_320' title='bbox 175 2758 179 2760; x_wconf 89' lang='grc'><strong>-</strong></span> <span class='ocrx_word' id='word_1_321' title='bbox 209 2741 385 2797; x_wconf 87' lang='lat' dir='ltr'><strong>neque</strong></span> <span class='ocrx_word' id='word_1_322' title='bbox 414 2727 734 2794; x_wconf 85' lang='lat' dir='ltr'><strong>doctrinam,</strong></span> <span class='ocrx_word' id='word_1_323' title='bbox 769 2744 946 2799; x_wconf 89' lang='lat' dir='ltr'><strong>neque</strong></span> <span class='ocrx_word' id='word_1_324' title='bbox 992 2732 1261 2798; x_wconf 87' lang='lat' dir='ltr'><strong>miracula,</strong></span> <span class='ocrx_word' id='word_1_325' title='bbox 1292 2735 1387 2788; x_wconf 87' lang='lat' dir='ltr'><strong>sed</strong></span> <span class='ocrx_word' id='word_1_326' title='bbox 1433 2741 1639 2788; x_wconf 87' lang='lat' dir='ltr'><strong>tantum</strong></span> <span class='ocrx_word' id='word_1_327' title='bbox 1668 2749 1785 2790; x_wconf 89' lang='lat' dir='ltr'><strong>me-</strong></span> 
     </span>
    </p>
   </div>
   <div class='ocr_carea' id='block_1_43' title="bbox 208 2808 1784 2895">
    <p class='ocr_par' dir='ltr' id='par_1_43' title="bbox 208 2808 1784 2895">
     <span class='ocr_line' id='line_1_43' title="bbox 208 2808 1784 2895; baseline 0.003 -22"><span class='ocrx_word' id='word_1_328' title='bbox 208 2831 383 2873; x_wconf 86' lang='lat' dir='ltr'><strong>morat</strong></span> <span class='ocrx_word' id='word_1_329' title='bbox 412 2818 687 2895; x_wconf 80' lang='lat' dir='ltr'><strong>Simonem</strong></span> <span class='ocrx_word' id='word_1_330' title='bbox 737 2822 970 2875; x_wconf 86' lang='lat' dir='ltr'><strong>oratione</strong></span> <span class='ocrx_word' id='word_1_331' title='bbox 1014 2823 1146 2875; x_wconf 85' lang='lat' dir='ltr'><strong>beati</strong></span> <span class='ocrx_word' id='word_1_332' title='bbox 1186 2808 1436 2892; x_wconf 83' lang='lat' dir='ltr'><strong>Apostoli</strong></span> <span class='ocrx_word' id='word_1_333' title='bbox 1467 2824 1784 2894; x_wconf 78' lang='lat' dir='ltr'><strong>devictum),</strong></span> 
     </span>
    </p>
   </div>
   <div class='ocr_carea' id='block_1_44' title="bbox 206 2907 1784 2982">
    <p class='ocr_par' dir='ltr' id='par_1_44' title="bbox 206 2907 1784 2982">
     <span class='ocr_line' id='line_1_44' title="bbox 206 2907 1784 2982; baseline 0.005 -19"><span class='ocrx_word' id='word_1_334' title='bbox 206 2908 364 2963; x_wconf 88' lang='lat' dir='ltr'><strong>Cent.</strong></span> <span class='ocrx_word' id='word_1_335' title='bbox 394 2907 453 2976; x_wconf 75' lang='lat'><strong>2,-</strong></span> <span class='ocrx_word' id='word_1_336' title='bbox 481 2924 604 2978; x_wconf 88' lang='lat' dir='ltr'><strong>eap.</strong></span> <span class='ocrx_word' id='word_1_337' title='bbox 632 2911 666 2965; x_wconf 81' lang='lat'><strong>5</strong></span> <span class='ocrx_word' id='word_1_338' title='bbox 693 2910 790 2981; x_wconf 88' lang='lat' dir='ltr'><strong>(g),</strong></span> <span class='ocrx_word' id='word_1_339' title='bbox 822 2911 983 2982; x_wconf 67' lang='lat' dir='ltr'><strong>Marci</strong></span> <span class='ocrx_word' id='word_1_340' title='bbox 1012 2921 1067 2966; x_wconf 91' lang='lat' dir='ltr'><strong>et</strong></span> <span class='ocrx_word' id='word_1_341' title='bbox 1102 2912 1368 2969; x_wconf 85' lang='lat' dir='ltr'><strong>Valentini</strong></span> <span class='ocrx_word' id='word_1_342' title='bbox 1399 2914 1692 2971; x_wconf 82' lang='lat' dir='ltr'><strong>hacresibus</strong></span> <span class='ocrx_word' id='word_1_343' title='bbox 1719 2932 1784 2971; x_wconf 80' lang='lat' dir='ltr'><strong>ex</strong></span> 
     </span>
    </p>
   </div>
   <div class='ocr_carea' id='block_1_45' title="bbox 209 2994 1782 3077">
    <p class='ocr_par' dir='ltr' id='par_1_45' title="bbox 209 2994 1782 3077">
     <span class='ocr_line' id='line_1_45' title="bbox 209 2994 1782 3077; baseline 0.004 -24"><span class='ocrx_word' id='word_1_344' title='bbox 209 2998 499 3055; x_wconf 87' lang='lat' dir='ltr'><strong>Philastrio</strong></span> <span class='ocrx_word' id='word_1_345' title='bbox 540 2994 716 3055; x_wconf 82' lang='lat' dir='ltr'><strong>lucem</strong></span> <span class='ocrx_word' id='word_1_346' title='bbox 745 3001 1028 3057; x_wconf 83' lang='lat' dir='ltr'><strong>all‘uudunt</strong></span> <span class='ocrx_word' id='word_1_347' title='bbox 1055 3020 1069 3068; x_wconf 90' lang='lat'>;</span> <span class='ocrx_word' id='word_1_348' title='bbox 1099 3004 1256 3058; x_wconf 82' lang='lat' dir='ltr'><strong>Cent.</strong></span> <span class='ocrx_word' id='word_1_349' title='bbox 1289 3005 1344 3069; x_wconf 84' lang='lat'><strong>5,</strong></span> <span class='ocrx_word' id='word_1_350' title='bbox 1398 3021 1519 3073; x_wconf 86' lang='lat' dir='ltr'><strong>cap.</strong></span> <span class='ocrx_word' id='word_1_351' title='bbox 1548 3008 1581 3061; x_wconf 82' lang='lat'><strong><em>5</em></strong></span> <span class='ocrx_word' id='word_1_352' title='bbox 1611 3005 1688 3077; x_wconf 82' lang='lat' dir='ltr'><strong>(It)</strong></span> <span class='ocrx_word' id='word_1_353' title='bbox 1718 3022 1782 3061; x_wconf 85' lang='lat' dir='ltr'><strong>ex</strong></span> 
     </span>
    </p>
   </div>
   <div class='ocr_carea' id='block_1_46' title="bbox 206 3091 1785 3167">
    <p class='ocr_par' dir='ltr' id='par_1_46' title="bbox 206 3091 1785 3167">
     <span class='ocr_line' id='line_1_46' title="bbox 206 3091 1785 3167; baseline 0.003 -21"><span class='ocrx_word' id='word_1_354' title='bbox 206 3093 418 3159; x_wconf 87' lang='lat' dir='ltr'><strong>eodem,</strong></span> <span class='ocrx_word' id='word_1_355' title='bbox 449 3091 866 3148; x_wconf 64' lang='lat' dir='ltr'><strong>Manichaeorum</strong></span> <span class='ocrx_word' id='word_1_356' title='bbox 902 3094 1152 3150; x_wconf 69' lang='lat' dir='ltr'><strong>haeresim</strong></span> <span class='ocrx_word' id='word_1_357' title='bbox 1178 3094 1540 3167; x_wconf 79' lang='lat' dir='ltr'><strong>inHispania,</strong></span> <span class='ocrx_word' id='word_1_358' title='bbox 1567 3108 1612 3151; x_wconf 90' lang='lat' dir='ltr'><strong>et</strong></span> <span class='ocrx_word' id='word_1_359' title='bbox 1632 3099 1785 3162; x_wconf 85' lang='lat' dir='ltr'><strong>quin-</strong></span> 
     </span>
    </p>
   </div>
   <div class='ocr_carea' id='block_1_47' title="bbox 205 3184 1782 3257">
    <p class='ocr_par' dir='ltr' id='par_1_47' title="bbox 205 3184 1782 3257">
     <span class='ocr_line' id='line_1_47' title="bbox 205 3184 1782 3257; baseline 0.004 -20"><span class='ocrx_word' id='word_1_360' title='bbox 205 3199 302 3250; x_wconf 87' lang='lat' dir='ltr'><strong>que</strong></span> <span class='ocrx_word' id='word_1_361' title='bbox 329 3185 600 3256; x_wconf 75' lang='lat' dir='ltr'><strong>provinciis</strong></span> <span class='ocrx_word' id='word_1_362' title='bbox 631 3186 867 3257; x_wconf 78' lang='lat' dir='ltr'><strong>viguisse</strong></span> <span class='ocrx_word' id='word_1_363' title='bbox 910 3184 1198 3257; x_wconf 75' lang='lat' dir='ltr'><strong>plurimum</strong></span> <span class='ocrx_word' id='word_1_364' title='bbox 1228 3195 1414 3242; x_wconf 87' lang='lat' dir='ltr'><strong>notant</strong></span> <span class='ocrx_word' id='word_1_365' title='bbox 1456 3203 1520 3242; x_wconf 88' lang='lat' dir='ltr'><strong>ac</strong></span> <span class='ocrx_word' id='word_1_366' title='bbox 1565 3189 1782 3244; x_wconf 89' lang='lat' dir='ltr'><strong>demum</strong></span> 
     </span>
    </p>
   </div>
   <div class='ocr_carea' id='block_1_48' title="bbox 1889 2003 3463 2074">
    <p class='ocr_par' dir='ltr' id='par_1_48' title="bbox 1889 2003 3463 2074">
     <span class='ocr_line' id='line_1_48' title="bbox 1889 2003 3463 2074; baseline -0.002 -17"><span class='ocrx_word' id='word_1_367' title='bbox 1889 2007 2017 2058; x_wconf 88' lang='lat' dir='ltr'><strong>siam</strong></span> <span class='ocrx_word' id='word_1_368' title='bbox 2039 2021 2234 2074; x_wconf 86' lang='lat' dir='ltr'><strong>quoque</strong></span> <span class='ocrx_word' id='word_1_369' title='bbox 2258 2007 2547 2065; x_wconf 81' lang='lat' dir='ltr'><strong>damnasse,</strong></span> <span class='ocrx_word' id='word_1_370' title='bbox 2577 2005 2639 2056; x_wconf 89' lang='lat' dir='ltr'><strong>ab</strong></span> <span class='ocrx_word' id='word_1_371' title='bbox 2670 2005 2806 2056; x_wconf 87' lang='lat' dir='ltr'><strong>omni</strong></span> <span class='ocrx_word' id='word_1_372' title='bbox 2847 2005 2949 2056; x_wconf 85' lang='lat' dir='ltr'><strong>veri</strong></span> <span class='ocrx_word' id='word_1_373' title='bbox 2978 2003 3145 2073; x_wconf 88' lang='lat' dir='ltr'><strong>specie</strong></span> <span class='ocrx_word' id='word_1_374' title='bbox 3169 2003 3463 2055; x_wconf 87' lang='lat' dir='ltr'><strong>abhorreat.</strong></span> 
     </span>
    </p>
   </div>
   <div class='ocr_carea' id='block_1_49' title="bbox 1889 2083 3472 2164">
    <p class='ocr_par' dir='ltr' id='par_1_49' title="bbox 1889 2083 3472 2164">
     <span class='ocr_line' id='line_1_49' title="bbox 1889 2083 3472 2164; baseline -0.003 -14"><span class='ocrx_word' id='word_1_375' title='bbox 1889 2095 2173 2150; x_wconf 83' lang='lat' dir='ltr'><strong>Serviebat</strong></span> <span class='ocrx_word' id='word_1_376' title='bbox 2208 2111 2382 2148; x_wconf 87' lang='lat' dir='ltr'><strong>caus:c</strong></span> <span class='ocrx_word' id='word_1_377' title='bbox 2410 2095 2680 2158; x_wconf 69' lang='lat' dir='ltr'><strong>Dallmus;</strong></span> <span class='ocrx_word' id='word_1_378' title='bbox 2735 2109 2799 2149; x_wconf 86' lang='lat' dir='ltr'><strong>ac</strong></span> <span class='ocrx_word' id='word_1_379' title='bbox 2823 2083 3054 2164; x_wconf 86' lang='lat' dir='ltr'><strong>proinde</strong></span> <span class='ocrx_word' id='word_1_380' title='bbox 3095 2108 3200 2147; x_wconf 91' lang='lat' dir='ltr'><strong>non</strong></span> <span class='ocrx_word' id='word_1_381' title='bbox 3254 2100 3472 2163; x_wconf 85' lang='lat' dir='ltr'><strong>poterat</strong></span> 
     </span>
    </p>
   </div>
   <div class='ocr_carea' id='block_1_50' title="bbox 1890 2183 3469 2255">
    <p class='ocr_par' dir='ltr' id='par_1_50' title="bbox 1890 2183 3469 2255">
     <span class='ocr_line' id='line_1_50' title="bbox 1890 2183 3469 2255; baseline -0.002 -15"><span class='ocrx_word' id='word_1_382' title='bbox 1890 2201 2213 2255; x_wconf 79' lang='lat' dir='ltr'><strong>magnopere</strong></span> <span class='ocrx_word' id='word_1_383' title='bbox 2238 2186 2587 2240; x_wconf 82' lang='lat' dir='ltr'><strong>Philastrium</strong></span> <span class='ocrx_word' id='word_1_384' title='bbox 2619 2185 2836 2240; x_wconf 90' lang='lat' dir='ltr'><strong>laudare</strong></span> <span class='ocrx_word' id='word_1_385' title='bbox 2870 2185 2965 2254; x_wconf 90' lang='lat' dir='ltr'><strong>qui</strong></span> <span class='ocrx_word' id='word_1_386' title='bbox 3007 2184 3278 2239; x_wconf 82' lang='lat' dir='ltr'><strong>Justinum</strong></span> <span class='ocrx_word' id='word_1_387' title='bbox 3308 2225 3324 2251; x_wconf 89' lang='lat'><strong>,</strong></span> <span class='ocrx_word' id='word_1_388' title='bbox 3355 2183 3469 2237; x_wconf 88' lang='lat' dir='ltr'><strong>Ire-</strong></span> 
     </span>
    </p>
   </div>
   <div class='ocr_carea' id='block_1_51' title="bbox 1890 2277 3472 2349">
    <p class='ocr_par' dir='ltr' id='par_1_51' title="bbox 1890 2277 3472 2349">
     <span class='ocr_line' id='line_1_51' title="bbox 1890 2277 3472 2349; baseline 0 -17"><span class='ocrx_word' id='word_1_389' title='bbox 1890 2295 2088 2343; x_wconf 70' lang='lat' dir='ltr'><strong>naeum,</strong></span> <span class='ocrx_word' id='word_1_390' title='bbox 2119 2279 2590 2349; x_wconf 73' lang='lat' dir='ltr'><strong>Chrysostomum,</strong></span> <span class='ocrx_word' id='word_1_391' title='bbox 2621 2289 2963 2348; x_wconf 73' lang='lat' dir='ltr'><strong>eteterosque</strong></span> <span class='ocrx_word' id='word_1_392' title='bbox 2994 2279 3178 2334; x_wconf 86' lang='lat' dir='ltr'><strong>Patres</strong></span> <span class='ocrx_word' id='word_1_393' title='bbox 3202 2277 3315 2333; x_wconf 89' lang='lat' dir='ltr'><strong>fere</strong></span> <span class='ocrx_word' id='word_1_394' title='bbox 3345 2293 3472 2332; x_wconf 90' lang='lat' dir='ltr'><strong>om-</strong></span> 
     </span>
    </p>
   </div>
   <div class='ocr_carea' id='block_1_52' title="bbox 1890 2369 3471 2440">
    <p class='ocr_par' dir='ltr' id='par_1_52' title="bbox 1890 2369 3471 2440">
     <span class='ocr_line' id='line_1_52' title="bbox 1890 2369 3471 2440; baseline -0.002 -15"><span class='ocrx_word' id='word_1_395' title='bbox 1890 2388 1985 2427; x_wconf 88' lang='lat' dir='ltr'><strong>nes</strong></span> <span class='ocrx_word' id='word_1_396' title='bbox 2008 2374 2310 2427; x_wconf 86' lang='lat' dir='ltr'><strong>instituerat</strong></span> <span class='ocrx_word' id='word_1_397' title='bbox 2325 2373 2653 2440; x_wconf 80' lang='lat' dir='ltr'><strong>vituperare.</strong></span> <span class='ocrx_word' id='word_1_398' title='bbox 2673 2370 2904 2425; x_wconf 81' lang='lat' dir='ltr'><strong>Aliunde</strong></span> <span class='ocrx_word' id='word_1_399' title='bbox 2923 2373 3085 2425; x_wconf 87' lang='lat' dir='ltr'><strong>etiam</strong></span> <span class='ocrx_word' id='word_1_400' title='bbox 3107 2369 3350 2424; x_wconf 88' lang='lat' dir='ltr'><strong>libroillo</strong></span> <span class='ocrx_word' id='word_1_401' title='bbox 3372 2383 3471 2422; x_wconf 91' lang='lat' dir='ltr'><strong>suo</strong></span> 
     </span>
    </p>
   </div>
   <div class='ocr_carea' id='block_1_53' title="bbox 1889 2458 3465 2528">
    <p class='ocr_par' dir='ltr' id='par_1_53' title="bbox 1889 2458 3465 2528">
     <span class='ocr_line' id='line_1_53' title="bbox 1889 2458 3465 2528; baseline -0.003 -14"><span class='ocrx_word' id='word_1_402' title='bbox 1889 2462 2120 2515; x_wconf 69' lang='lat' dir='ltr'><strong>Dallaeus</strong></span> <span class='ocrx_word' id='word_1_403' title='bbox 2149 2462 2360 2515; x_wconf 83' lang='lat' dir='ltr'><strong>videtur</strong></span> <span class='ocrx_word' id='word_1_404' title='bbox 2415 2460 2656 2528; x_wconf 87' lang='lat' dir='ltr'><strong>profecto</strong></span> <span class='ocrx_word' id='word_1_405' title='bbox 2697 2469 2909 2518; x_wconf 84' lang='lat' dir='ltr'><strong>struere</strong></span> <span class='ocrx_word' id='word_1_406' title='bbox 2957 2460 3024 2513; x_wconf 85' lang='lat' dir='ltr'><strong>ad</strong></span> <span class='ocrx_word' id='word_1_407' title='bbox 3054 2458 3465 2527; x_wconf 90' lang='lat' dir='ltr'><strong>Sceplicismum</strong></span> 
     </span>
    </p>
   </div>
   <div class='ocr_carea' id='block_1_54' title="bbox 1885 2548 3471 2614">
    <p class='ocr_par' dir='ltr' id='par_1_54' title="bbox 1885 2548 3471 2614">
     <span class='ocr_line' id='line_1_54' title="bbox 1885 2548 3471 2614; baseline -0.004 -8"><span class='ocrx_word' id='word_1_408' title='bbox 1885 2553 2046 2606; x_wconf 90' lang='lat' dir='ltr'><strong>latam</strong></span> <span class='ocrx_word' id='word_1_409' title='bbox 2069 2566 2134 2605; x_wconf 90' lang='lat' dir='ltr'><strong>ac</strong></span> <span class='ocrx_word' id='word_1_410' title='bbox 2150 2552 2286 2606; x_wconf 88' lang='lat' dir='ltr'><strong>bene</strong></span> <span class='ocrx_word' id='word_1_411' title='bbox 2303 2551 2562 2604; x_wconf 87' lang='lat' dir='ltr'><strong>munitam</strong></span> <span class='ocrx_word' id='word_1_412' title='bbox 2583 2549 2744 2614; x_wconf 83' lang='lat' dir='ltr'><strong>viam,</strong></span> <span class='ocrx_word' id='word_1_413' title='bbox 2767 2563 2887 2602; x_wconf 90' lang='lat' dir='ltr'><strong>cum</strong></span> <span class='ocrx_word' id='word_1_414' title='bbox 2914 2548 3129 2602; x_wconf 87' lang='lat' dir='ltr'><strong>Patrum</strong></span> <span class='ocrx_word' id='word_1_415' title='bbox 3148 2548 3471 2600; x_wconf 88' lang='lat' dir='ltr'><strong>auctoritate</strong></span> 
     </span>
    </p>
   </div>
   <div class='ocr_carea' id='block_1_55' title="bbox 1885 2638 3468 2712">
    <p class='ocr_par' dir='ltr' id='par_1_55' title="bbox 1885 2638 3468 2712">
     <span class='ocr_line' id='line_1_55' title="bbox 1885 2638 3468 2712; baseline -0.006 -12"><span class='ocrx_word' id='word_1_416' title='bbox 1885 2645 2114 2708; x_wconf 73' lang='lat' dir='ltr'><strong>sublata,</strong></span> <span class='ocrx_word' id='word_1_417' title='bbox 2144 2643 2311 2697; x_wconf 86' lang='lat' dir='ltr'><strong>ferme</strong></span> <span class='ocrx_word' id='word_1_418' title='bbox 2339 2643 2470 2696; x_wconf 87' lang='lat' dir='ltr'><strong>nihil</strong></span> <span class='ocrx_word' id='word_1_419' title='bbox 2500 2642 2630 2696; x_wconf 89' lang='lat' dir='ltr'><strong>certi</strong></span> <span class='ocrx_word' id='word_1_420' title='bbox 2677 2641 2837 2695; x_wconf 84' lang='lat' dir='ltr'><strong>nobis</strong></span> <span class='ocrx_word' id='word_1_421' title='bbox 2868 2641 3157 2709; x_wconf 89' lang='lat' dir='ltr'><strong>relinquat.</strong></span> <span class='ocrx_word' id='word_1_422' title='bbox 3191 2638 3361 2712; x_wconf 87' lang='lat' dir='ltr'><strong>Porro</strong></span> <span class='ocrx_word' id='word_1_423' title='bbox 3391 2638 3468 2692; x_wconf 61' lang='lat' dir='ltr'><strong>si-</strong></span> 
     </span>
    </p>
   </div>
   <div class='ocr_carea' id='block_1_56' title="bbox 1885 2728 3468 2804">
    <p class='ocr_par' dir='ltr' id='par_1_56' title="bbox 1885 2728 3468 2804">
     <span class='ocr_line' id='line_1_56' title="bbox 1885 2728 3468 2804; baseline -0.005 -13"><span class='ocrx_word' id='word_1_424' title='bbox 1885 2736 2006 2791; x_wconf 84' lang='lat' dir='ltr'><strong>cubi</strong></span> <span class='ocrx_word' id='word_1_425' title='bbox 2039 2735 2358 2790; x_wconf 89' lang='lat' dir='ltr'><strong>Pbilastrius</strong></span> <span class='ocrx_word' id='word_1_426' title='bbox 2378 2735 2618 2804; x_wconf 79' lang='lat' dir='ltr'><strong>impegit,</strong></span> <span class='ocrx_word' id='word_1_427' title='bbox 2643 2748 2750 2787; x_wconf 91' lang='lat' dir='ltr'><strong>non</strong></span> <span class='ocrx_word' id='word_1_428' title='bbox 2775 2740 3060 2802; x_wconf 86' lang='lat' dir='ltr'><strong>propterea</strong></span> <span class='ocrx_word' id='word_1_429' title='bbox 3092 2731 3351 2785; x_wconf 90' lang='lat' dir='ltr'><strong>continuo</strong></span> <span class='ocrx_word' id='word_1_430' title='bbox 3372 2728 3468 2784; x_wconf 89' lang='lat' dir='ltr'><strong>ab-</strong></span> 
     </span>
    </p>
   </div>
   <div class='ocr_carea' id='block_1_57' title="bbox 1879 2821 3465 2898">
    <p class='ocr_par' dir='ltr' id='par_1_57' title="bbox 1879 2821 3465 2898">
     <span class='ocr_line' id='line_1_57' title="bbox 1879 2821 3465 2898; baseline -0.006 -16"><span class='ocrx_word' id='word_1_431' title='bbox 1879 2828 2148 2898; x_wconf 88' lang='lat' dir='ltr'><strong>jiciendus</strong></span> <span class='ocrx_word' id='word_1_432' title='bbox 2178 2835 2261 2882; x_wconf 90' lang='lat' dir='ltr'><strong>est</strong></span> <span class='ocrx_word' id='word_1_433' title='bbox 2283 2827 2522 2894; x_wconf 87' lang='lat' dir='ltr'><strong>penitus,</strong></span> <span class='ocrx_word' id='word_1_434' title='bbox 2556 2841 2620 2879; x_wconf 91' lang='lat' dir='ltr'><strong>ac</strong></span> <span class='ocrx_word' id='word_1_435' title='bbox 2645 2823 3049 2894; x_wconf 88' lang='lat' dir='ltr'><strong>repudiandus;</strong></span> <span class='ocrx_word' id='word_1_436' title='bbox 3083 2823 3248 2876; x_wconf 88' lang='lat' dir='ltr'><strong>multa</strong></span> <span class='ocrx_word' id='word_1_437' title='bbox 3297 2821 3465 2888; x_wconf 91' lang='lat' dir='ltr'><strong>enim,</strong></span> 
     </span>
    </p>
   </div>
   <div class='ocr_carea' id='block_1_58' title="bbox 1885 2910 3465 2987">
    <p class='ocr_par' dir='ltr' id='par_1_58' title="bbox 1885 2910 3465 2987">
     <span class='ocr_line' id='line_1_58' title="bbox 1885 2910 3465 2987; baseline -0.005 -16"><span class='ocrx_word' id='word_1_438' title='bbox 1885 2933 1948 2973; x_wconf 90' lang='lat' dir='ltr'><strong>ac</strong></span> <span class='ocrx_word' id='word_1_439' title='bbox 1976 2918 2229 2987; x_wconf 78' lang='lat' dir='ltr'><strong>praeclara</strong></span> <span class='ocrx_word' id='word_1_440' title='bbox 2265 2917 2446 2980; x_wconf 88' lang='lat' dir='ltr'><strong>habet,</strong></span> <span class='ocrx_word' id='word_1_441' title='bbox 2493 2916 2688 2986; x_wconf 71' lang='lat' dir='ltr'><strong>Quibus</strong></span> <span class='ocrx_word' id='word_1_442' title='bbox 2717 2924 2829 2969; x_wconf 92' lang='lat' dir='ltr'><strong>tum</strong></span> <span class='ocrx_word' id='word_1_443' title='bbox 2869 2911 3113 2968; x_wconf 90' lang='lat' dir='ltr'><strong>doctrina</strong></span> <span class='ocrx_word' id='word_1_444' title='bbox 3162 2910 3465 2976; x_wconf 87' lang='lat' dir='ltr'><strong>Catholica,</strong></span> 
     </span>
    </p>
   </div>
   <div class='ocr_carea' id='block_1_59' title="bbox 1885 2999 3467 3076">
    <p class='ocr_par' dir='ltr' id='par_1_59' title="bbox 1885 2999 3467 3076">
     <span class='ocr_line' id='line_1_59' title="bbox 1885 2999 3467 3076; baseline -0.007 -12"><span class='ocrx_word' id='word_1_445' title='bbox 1885 3018 1996 3064; x_wconf 89' lang='lat' dir='ltr'><strong>tum</strong></span> <span class='ocrx_word' id='word_1_446' title='bbox 2028 2999 2402 3064; x_wconf 85' lang='lat' dir='ltr'><strong>Ecclesiastica</strong></span> <span class='ocrx_word' id='word_1_447' title='bbox 2444 3007 2757 3076; x_wconf 88' lang='lat' dir='ltr'><strong>disciplina,</strong></span> <span class='ocrx_word' id='word_1_448' title='bbox 2817 3013 3186 3075; x_wconf 80' lang='lat' dir='ltr'><strong>pr0pugnatur</strong></span> <span class='ocrx_word' id='word_1_449' title='bbox 3219 3013 3275 3058; x_wconf 91' lang='lat' dir='ltr'><strong>et</strong></span> <span class='ocrx_word' id='word_1_450' title='bbox 3319 3001 3467 3055; x_wconf 88' lang='lat' dir='ltr'><strong>illus-</strong></span> 
     </span>
    </p>
   </div>
   <div class='ocr_carea' id='block_1_60' title="bbox 1888 3095 3472 3155">
    <p class='ocr_par' dir='ltr' id='par_1_60' title="bbox 1888 3095 3472 3155">
     <span class='ocr_line' id='line_1_60' title="bbox 1888 3095 3472 3155; baseline -0.005 -1"><span class='ocrx_word' id='word_1_451' title='bbox 1888 3109 2079 3155; x_wconf 89' lang='lat' dir='ltr'><strong>tratur.</strong></span> <span class='ocrx_word' id='word_1_452' title='bbox 2113 3099 2311 3154; x_wconf 82' lang='lat' dir='ltr'><strong>Verum</strong></span> <span class='ocrx_word' id='word_1_453' title='bbox 2343 3099 2473 3153; x_wconf 84' lang='lat' dir='ltr'><strong>alibi</strong></span> <span class='ocrx_word' id='word_1_454' title='bbox 2499 3098 2695 3151; x_wconf 89' lang='lat' dir='ltr'><strong>acriori</strong></span> <span class='ocrx_word' id='word_1_455' title='bbox 2719 3111 2946 3151; x_wconf 85' lang='lat' dir='ltr'><strong>censura</strong></span> <span class='ocrx_word' id='word_1_456' title='bbox 2974 3095 3321 3149; x_wconf 84' lang='lat' dir='ltr'><strong>Philastrium</strong></span> <span class='ocrx_word' id='word_1_457' title='bbox 3350 3106 3472 3146; x_wconf 88' lang='lat' dir='ltr'><strong>cas-</strong></span> 
     </span>
    </p>
   </div>
   <div class='ocr_carea' id='block_1_61' title="bbox 1888 3184 3468 3262">
    <p class='ocr_par' dir='ltr' id='par_1_61' title="bbox 1888 3184 3468 3262">
     <span class='ocr_line' id='line_1_61' title="bbox 1888 3184 3468 3262; baseline -0.003 -17"><span class='ocrx_word' id='word_1_458' title='bbox 1888 3193 2018 3262; x_wconf 77' lang='lat' dir='ltr'><strong>tigat</strong></span> <span class='ocrx_word' id='word_1_459' title='bbox 2048 3192 2300 3255; x_wconf 74' lang='lat' dir='ltr'><strong>Dallaeus,</strong></span> <span class='ocrx_word' id='word_1_460' title='bbox 2328 3206 2521 3260; x_wconf 88' lang='lat' dir='ltr'><strong>nempe</strong></span> <span class='ocrx_word' id='word_1_461' title='bbox 2552 3189 2796 3259; x_wconf 89' lang='lat' dir='ltr'><strong>ejusdem</strong></span> <span class='ocrx_word' id='word_1_462' title='bbox 2822 3187 2914 3242; x_wconf 87' lang='lat' dir='ltr'><strong>lib.</strong></span> <span class='ocrx_word' id='word_1_463' title='bbox 2950 3203 3023 3253; x_wconf 90' lang='grc' dir='ltr'>ιι,</span> <span class='ocrx_word' id='word_1_464' title='bbox 3054 3203 3171 3256; x_wconf 85' lang='lat' dir='ltr'><strong>cap.</strong></span> <span class='ocrx_word' id='word_1_465' title='bbox 3205 3187 3240 3240; x_wconf 81' lang='lat'><strong>&#39;5</strong></span> <span class='ocrx_word' id='word_1_466' title='bbox 3267 3184 3353 3255; x_wconf 92' lang='lat' dir='ltr'><strong>(l),</strong></span> <span class='ocrx_word' id='word_1_467' title='bbox 3379 3187 3468 3240; x_wconf 88' lang='lat' dir='ltr'><strong>ubi</strong></span> 
     </span>
    </p>
   </div>
   <div class='ocr_carea' id='block_1_62' title="bbox 210 3273 3472 3347">
    <p class='ocr_par' dir='ltr' id='par_1_62' title="bbox 210 3273 3472 3347">
     <span class='ocr_line' id='line_1_62' title="bbox 210 3273 3472 3347; baseline -0 -18"><span class='ocrx_word' id='word_1_468' title='bbox 210 3277 566 3346; x_wconf 82' lang='lat' dir='ltr'><strong>undequaque</strong></span> <span class='ocrx_word' id='word_1_469' title='bbox 592 3278 905 3344; x_wconf 82' lang='lat' dir='ltr'><strong>Ostendunt,</strong></span> <span class='ocrx_word' id='word_1_470' title='bbox 935 3293 994 3333; x_wconf 86' lang='lat' dir='ltr'><strong>se</strong></span> <span class='ocrx_word' id='word_1_471' title='bbox 1020 3279 1071 3333; x_wconf 92' lang='lat' dir='ltr'><strong>in</strong></span> <span class='ocrx_word' id='word_1_472' title='bbox 1105 3278 1377 3334; x_wconf 89' lang='lat' dir='ltr'><strong>Philastrii</strong></span> <span class='ocrx_word' id='word_1_473' title='bbox 1405 3279 1636 3334; x_wconf 89' lang='lat' dir='ltr'><strong>lectione</strong></span> <span class='ocrx_word' id='word_1_474' title='bbox 1667 3296 1784 3334; x_wconf 86' lang='lat' dir='ltr'><strong>ont-</strong></span> <span class='ocrx_word' id='word_1_475' title='bbox 1812 3273 1856 3335; x_wconf 90' lang='lat' dir='ltr'><strong>C</strong></span> <span class='ocrx_word' id='word_1_476' title='bbox 1887 3285 1961 3337; x_wconf 88' lang='lat' dir='ltr'><strong>ait</strong></span> <span class='ocrx_word' id='word_1_477' title='bbox 1993 3301 2008 3339; x_wconf 88' lang='lat'><strong>:</strong></span> <span class='ocrx_word' id='word_1_478' title='bbox 2041 3282 2357 3336; x_wconf 89' lang='lat' dir='ltr'><strong>Philastrius</strong></span> <span class='ocrx_word' id='word_1_479' title='bbox 2409 3283 2544 3336; x_wconf 76' lang='lat' dir='ltr'><strong>velut</strong></span> <span class='ocrx_word' id='word_1_480' title='bbox 2567 3298 2674 3336; x_wconf 78' lang='lat' dir='ltr'><strong>rent</strong></span> <span class='ocrx_word' id='word_1_481' title='bbox 2701 3290 2891 3333; x_wconf 84' lang='lat' dir='ltr'><strong>certam</strong></span> <span class='ocrx_word' id='word_1_482' title='bbox 2937 3287 3133 3344; x_wconf 81' lang='lat' dir='ltr'><strong>narrat,</strong></span> <span class='ocrx_word' id='word_1_483' title='bbox 3189 3287 3236 3329; x_wconf 90' lang='lat' dir='ltr'><strong>et</strong></span> <span class='ocrx_word' id='word_1_484' title='bbox 3265 3278 3472 3347; x_wconf 87' lang='lat' dir='ltr'><strong>quidem</strong></span> 
     </span>
    </p>
   </div>
   <div class='ocr_carea' id='block_1_63' title="bbox 206 3368 1777 3438">
    <p class='ocr_par' dir='ltr' id='par_1_63' title="bbox 206 3368 1777 3438">
     <span class='ocr_line' id='line_1_63' title="bbox 206 3368 1777 3438; baseline 0.004 -18"><span class='ocrx_word' id='word_1_485' title='bbox 206 3368 332 3421; x_wconf 90' lang='lat' dir='ltr'><strong>nino</strong></span> <span class='ocrx_word' id='word_1_486' title='bbox 359 3368 645 3438; x_wconf 76' lang='lat' dir='ltr'><strong>diligenter</strong></span> <span class='ocrx_word' id='word_1_487' title='bbox 669 3383 790 3423; x_wconf 89' lang='lat' dir='ltr'><strong>esse</strong></span> <span class='ocrx_word' id='word_1_488' title='bbox 808 3379 1068 3424; x_wconf 74' lang='lat' dir='ltr'><strong>versatos.</strong></span> <span class='ocrx_word' id='word_1_489' title='bbox 1102 3369 1202 3425; x_wconf 88' lang='lat' dir='ltr'><strong>Ubi</strong></span> <span class='ocrx_word' id='word_1_490' title='bbox 1226 3372 1294 3425; x_wconf 91' lang='lat' dir='ltr'><strong>de</strong></span> <span class='ocrx_word' id='word_1_491' title='bbox 1320 3371 1564 3426; x_wconf 88' lang='lat' dir='ltr'><strong>doctrina</strong></span> <span class='ocrx_word' id='word_1_492' title='bbox 1590 3373 1777 3427; x_wconf 84' lang='lat' dir='ltr'><strong>Eccle-</strong></span> 
     </span>
    </p>
   </div>
   <div class='ocr_carea' id='block_1_64' title="bbox 208 3458 1784 3531">
    <p class='ocr_par' dir='ltr' id='par_1_64' title="bbox 208 3458 1784 3531">
     <span class='ocr_line' id='line_1_64' title="bbox 208 3458 1784 3531; baseline 0.002 -19"><span class='ocrx_word' id='word_1_493' title='bbox 208 3458 302 3513; x_wconf 76' lang='lat' dir='ltr'><strong>sia:</strong></span> <span class='ocrx_word' id='word_1_494' title='bbox 327 3470 488 3527; x_wconf 82' lang='lat' dir='ltr'><strong>agunt</strong></span> <span class='ocrx_word' id='word_1_495' title='bbox 511 3459 668 3513; x_wconf 88' lang='lat' dir='ltr'><strong>Cent.</strong></span> <span class='ocrx_word' id='word_1_496' title='bbox 715 3461 769 3525; x_wconf 81' lang='grc'><strong>5,</strong></span> <span class='ocrx_word' id='word_1_497' title='bbox 798 3475 917 3529; x_wconf 87' lang='lat' dir='ltr'><strong>cap.</strong></span> <span class='ocrx_word' id='word_1_498' title='bbox 949 3459 984 3513; x_wconf 75' lang='grc' dir='ltr'><strong>ι</strong></span> <span class='ocrx_word' id='word_1_499' title='bbox 1034 3462 1095 3531; x_wconf 90' lang='lat' dir='ltr'><strong>(i)</strong></span> <span class='ocrx_word' id='word_1_500' title='bbox 1129 3463 1270 3516; x_wconf 87' lang='lat' dir='ltr'><strong>inter</strong></span> <span class='ocrx_word' id='word_1_501' title='bbox 1308 3464 1532 3515; x_wconf 88' lang='lat' dir='ltr'><strong>omnium</strong></span> <span class='ocrx_word' id='word_1_502' title='bbox 1555 3463 1784 3516; x_wconf 85' lang='lat' dir='ltr'><strong>clarissi-</strong></span> 
     </span>
    </p>
   </div>
   <div class='ocr_carea' id='block_1_65' title="bbox 205 3551 1777 3624">
    <p class='ocr_par' dir='ltr' id='par_1_65' title="bbox 205 3551 1777 3624">
     <span class='ocr_line' id='line_1_65' title="bbox 205 3551 1777 3624; baseline 0.001 -20"><span class='ocrx_word' id='word_1_503' title='bbox 205 3568 315 3605; x_wconf 87' lang='lat' dir='ltr'><strong>mos</strong></span> <span class='ocrx_word' id='word_1_504' title='bbox 343 3552 433 3620; x_wconf 88' lang='lat' dir='ltr'><strong>qui</strong></span> <span class='ocrx_word' id='word_1_505' title='bbox 460 3566 526 3606; x_wconf 87' lang='lat' dir='ltr'><strong>eo</strong></span> <span class='ocrx_word' id='word_1_506' title='bbox 553 3551 754 3607; x_wconf 64' lang='lat' dir='ltr'><strong>sacculo</strong></span> <span class='ocrx_word' id='word_1_507' title='bbox 807 3552 1046 3615; x_wconf 87' lang='lat' dir='ltr'><strong>fuerunt,</strong></span> <span class='ocrx_word' id='word_1_508' title='bbox 1103 3552 1438 3606; x_wconf 86' lang='lat' dir='ltr'><strong>Philastrinm</strong></span> <span class='ocrx_word' id='word_1_509' title='bbox 1491 3562 1777 3624; x_wconf 81' lang='lat' dir='ltr'><strong>reponunt,</strong></span> 
     </span>
    </p>
   </div>
   <div class='ocr_carea' id='block_1_66' title="bbox 206 3627 1782 3713">
    <p class='ocr_par' dir='ltr' id='par_1_66' title="bbox 206 3627 1782 3713">
     <span class='ocr_line' id='line_1_66' title="bbox 206 3627 1782 3713; baseline 0.002 -18"><span class='ocrx_word' id='word_1_510' title='bbox 206 3654 434 3710; x_wconf 88' lang='lat' dir='ltr'><strong>eumque</strong></span> <span class='ocrx_word' id='word_1_511' title='bbox 483 3642 648 3695; x_wconf 89' lang='lat' dir='ltr'><strong>simul</strong></span> <span class='ocrx_word' id='word_1_512' title='bbox 700 3656 821 3695; x_wconf 85' lang='lat' dir='ltr'><strong>cum</strong></span> <span class='ocrx_word' id='word_1_513' title='bbox 876 3627 1533 3712; x_wconf 76' lang='lat' dir='ltr'><strong>Joanne‘Chrysostomo,</strong></span> <span class='ocrx_word' id='word_1_514' title='bbox 1573 3644 1782 3713; x_wconf 77' lang='lat' dir='ltr'><strong>Augus-</strong></span> 
     </span>
    </p>
   </div>
   <div class='ocr_carea' id='block_1_67' title="bbox 207 3729 1773 3802">
    <p class='ocr_par' dir='ltr' id='par_1_67' title="bbox 207 3729 1773 3802">
     <span class='ocr_line' id='line_1_67' title="bbox 207 3729 1773 3802; baseline 0.003 -18"><span class='ocrx_word' id='word_1_515' title='bbox 207 3732 338 3797; x_wconf 90' lang='lat' dir='ltr'><strong>tino,</strong></span> <span class='ocrx_word' id='word_1_516' title='bbox 382 3729 614 3802; x_wconf 85' lang='lat' dir='ltr'><strong>Cyrillo,</strong></span> <span class='ocrx_word' id='word_1_517' title='bbox 661 3733 893 3801; x_wconf 83' lang='lat' dir='ltr'><strong>aliisque</strong></span> <span class='ocrx_word' id='word_1_518' title='bbox 932 3734 1158 3787; x_wconf 90' lang='lat' dir='ltr'><strong>summis</strong></span> <span class='ocrx_word' id='word_1_519' title='bbox 1207 3734 1338 3788; x_wconf 72' lang='lat' dir='ltr'><strong>viris</strong></span> <span class='ocrx_word' id='word_1_520' title='bbox 1384 3744 1773 3801; x_wconf 89' lang='lat' dir='ltr'><strong>annumeraut;</strong></span> 
     </span>
    </p>
   </div>
   <div class='ocr_carea' id='block_1_68' title="bbox 205 3820 1782 3891">
    <p class='ocr_par' dir='ltr' id='par_1_68' title="bbox 205 3820 1782 3891">
     <span class='ocr_line' id='line_1_68' title="bbox 205 3820 1782 3891; baseline 0.003 -17"><span class='ocrx_word' id='word_1_521' title='bbox 205 3820 399 3875; x_wconf 88' lang='lat' dir='ltr'><strong>deinde</strong></span> <span class='ocrx_word' id='word_1_522' title='bbox 423 3836 542 3891; x_wconf 88' lang='lat' dir='ltr'><strong>cap.</strong></span> <span class='ocrx_word' id='word_1_523' title='bbox 578 3823 666 3886; x_wconf 84' lang='grc'><strong>10,</strong></span> <span class='ocrx_word' id='word_1_524' title='bbox 696 3824 785 3877; x_wconf 90' lang='lat' dir='ltr'><strong>ubi</strong></span> <span class='ocrx_word' id='word_1_525' title='bbox 834 3821 900 3876; x_wconf 91' lang='lat' dir='ltr'><strong>dc</strong></span> <span class='ocrx_word' id='word_1_526' title='bbox 931 3824 1226 3891; x_wconf 81' lang='lat' dir='ltr'><strong>episcopis</strong></span> <span class='ocrx_word' id='word_1_527' title='bbox 1251 3832 1301 3877; x_wconf 89' lang='lat' dir='ltr'><strong>et</strong></span> <span class='ocrx_word' id='word_1_528' title='bbox 1330 3823 1643 3879; x_wconf 90' lang='lat' dir='ltr'><strong>doctoribus</strong></span> <span class='ocrx_word' id='word_1_529' title='bbox 1673 3825 1782 3879; x_wconf 89' lang='lat' dir='ltr'><strong>dis-</strong></span> 
     </span>
    </p>
   </div>
   <div class='ocr_carea' id='block_1_69' title="bbox 113 3912 1777 3989">
    <p class='ocr_par' dir='ltr' id='par_1_69' title="bbox 113 3912 1777 3989">
     <span class='ocr_line' id='line_1_69' title="bbox 113 3912 1777 3989; baseline 0.003 -23"><span class='ocrx_word' id='word_1_530' title='bbox 113 3969 124 3974; x_wconf 36' lang='lat'><strong>_,</strong></span> <span class='ocrx_word' id='word_1_531' title='bbox 203 3921 409 3978; x_wconf 85' lang='lat' dir='ltr'><strong>serunt,</strong></span> <span class='ocrx_word' id='word_1_532' title='bbox 443 3912 582 3969; x_wconf 88' lang='lat' dir='ltr'><strong>hanc</strong></span> <span class='ocrx_word' id='word_1_533' title='bbox 609 3914 675 3969; x_wconf 89' lang='lat' dir='ltr'><strong>de</strong></span> <span class='ocrx_word' id='word_1_534' title='bbox 699 3913 984 3969; x_wconf 89' lang='lat' dir='ltr'><strong>Philastrio</strong></span> <span class='ocrx_word' id='word_1_535' title='bbox 1027 3917 1351 3969; x_wconf 85' lang='lat' dir='ltr'><strong>sententiam</strong></span> <span class='ocrx_word' id='word_1_536' title='bbox 1385 3925 1639 3984; x_wconf 84' lang='lat' dir='ltr'><strong>promunt</strong></span> <span class='ocrx_word' id='word_1_537' title='bbox 1664 3915 1730 3989; x_wconf 87' lang='lat' dir='ltr'><strong>(j)</strong></span> <span class='ocrx_word' id='word_1_538' title='bbox 1765 3933 1777 3970; x_wconf 94' lang='lat'>:</span> 
     </span>
    </p>
   </div>
   <div class='ocr_carea' id='block_1_70' title="bbox 205 4002 1778 4075">
    <p class='ocr_par' dir='ltr' id='par_1_70' title="bbox 205 4002 1778 4075">
     <span class='ocr_line' id='line_1_70' title="bbox 205 4002 1778 4075; baseline 0.001 -19"><span class='ocrx_word' id='word_1_539' title='bbox 205 4002 430 4058; x_wconf 84' lang='lat' dir='ltr'><strong>Tametsi</strong></span> <span class='ocrx_word' id='word_1_540' title='bbox 451 4003 765 4074; x_wconf 81' lang='lat' dir='ltr'><strong>Augustinus</strong></span> <span class='ocrx_word' id='word_1_541' title='bbox 803 4007 939 4058; x_wconf 88' lang='lat' dir='ltr'><strong>hunc</strong></span> <span class='ocrx_word' id='word_1_542' title='bbox 965 4017 1225 4058; x_wconf 88' lang='lat' dir='ltr'><strong>auctorem</strong></span> <span class='ocrx_word' id='word_1_543' title='bbox 1255 4007 1513 4075; x_wconf 83' lang='lat' dir='ltr'><strong>postponit</strong></span> <span class='ocrx_word' id='word_1_544' title='bbox 1543 4006 1778 4075; x_wconf 83' lang='lat' dir='ltr'><strong>Epipha-</strong></span> 
     </span>
    </p>
   </div>
   <div class='ocr_carea' id='block_1_71' title="bbox 206 4096 1777 4166">
    <p class='ocr_par' dir='ltr' id='par_1_71' title="bbox 206 4096 1777 4166">
     <span class='ocr_line' id='line_1_71' title="bbox 206 4096 1777 4166; baseline -0.001 -18"><span class='ocrx_word' id='word_1_545' title='bbox 206 4097 312 4162; x_wconf 89' lang='lat' dir='ltr'><strong>nio,</strong></span> <span class='ocrx_word' id='word_1_546' title='bbox 341 4106 564 4149; x_wconf 84' lang='lat' dir='ltr'><strong>attamen</strong></span> <span class='ocrx_word' id='word_1_547' title='bbox 593 4097 846 4164; x_wconf 84' lang='lat' dir='ltr'><strong>hominem</strong></span> <span class='ocrx_word' id='word_1_548' title='bbox 876 4099 1035 4164; x_wconf 89' lang='lat' dir='ltr'><strong>fuisse</strong></span> <span class='ocrx_word' id='word_1_549' title='bbox 1073 4098 1298 4162; x_wconf 88' lang='lat' dir='ltr'><strong>doctum,</strong></span> <span class='ocrx_word' id='word_1_550' title='bbox 1327 4105 1376 4149; x_wconf 90' lang='lat' dir='ltr'><strong>et</strong></span> <span class='ocrx_word' id='word_1_551' title='bbox 1413 4099 1501 4163; x_wconf 87' lang='lat' dir='ltr'><strong>qui</strong></span> <span class='ocrx_word' id='word_1_552' title='bbox 1518 4096 1777 4166; x_wconf 85' lang='lat' dir='ltr'><strong>judicium</strong></span> 
     </span>
    </p>
   </div>
   <div class='ocr_carea' id='block_1_72' title="bbox 207 4171 1778 4257">
    <p class='ocr_par' dir='ltr' id='par_1_72' title="bbox 207 4171 1778 4257">
     <span class='ocr_line' id='line_1_72' title="bbox 207 4171 1778 4257; baseline 0 -19"><span class='ocrx_word' id='word_1_553' title='bbox 207 4186 269 4241; x_wconf 89' lang='lat' dir='ltr'><strong>de</strong></span> <span class='ocrx_word' id='word_1_554' title='bbox 289 4187 435 4242; x_wconf 89' lang='lat' dir='ltr'><strong>rebus</strong></span> <span class='ocrx_word' id='word_1_555' title='bbox 465 4171 730 4254; x_wconf 84' lang='lat' dir='ltr'><strong>habuerit;</strong></span> <span class='ocrx_word' id='word_1_556' title='bbox 760 4190 880 4242; x_wconf 88' lang='lat' dir='ltr'><strong>item</strong></span> <span class='ocrx_word' id='word_1_557' title='bbox 909 4188 1232 4257; x_wconf 84' lang='lat' dir='ltr'><strong>antiquitatis</strong></span> <span class='ocrx_word' id='word_1_558' title='bbox 1271 4196 1318 4239; x_wconf 89' lang='lat' dir='ltr'><strong>et</strong></span> <span class='ocrx_word' id='word_1_559' title='bbox 1344 4197 1566 4239; x_wconf 84' lang='lat' dir='ltr'><strong>veterum</strong></span> <span class='ocrx_word' id='word_1_560' title='bbox 1618 4188 1778 4239; x_wconf 87' lang='lat' dir='ltr'><strong>histo-</strong></span> 
     </span>
    </p>
   </div>
   <div class='ocr_carea' id='block_1_73' title="bbox 203 4278 1775 4353">
    <p class='ocr_par' dir='ltr' id='par_1_73' title="bbox 203 4278 1775 4353">
     <span class='ocr_line' id='line_1_73' title="bbox 203 4278 1775 4353; baseline -0.003 -21"><span class='ocrx_word' id='word_1_561' title='bbox 203 4279 400 4332; x_wconf 86' lang='lat' dir='ltr'><strong>riarum</strong></span> <span class='ocrx_word' id='word_1_562' title='bbox 419 4280 570 4333; x_wconf 87' lang='lat' dir='ltr'><strong>etiam</strong></span> <span class='ocrx_word' id='word_1_563' title='bbox 611 4278 912 4353; x_wconf 79' lang='lat' dir='ltr'><strong>Gentilium,</strong></span> <span class='ocrx_word' id='word_1_564' title='bbox 940 4279 1167 4332; x_wconf 89' lang='lat' dir='ltr'><strong>omnium</strong></span> <span class='ocrx_word' id='word_1_565' title='bbox 1208 4293 1323 4332; x_wconf 80' lang='lat' dir='ltr'><strong>vero</strong></span> <span class='ocrx_word' id='word_1_566' title='bbox 1349 4279 1568 4330; x_wconf 76' lang='lat' dir='ltr'><strong>maxime</strong></span> <span class='ocrx_word' id='word_1_567' title='bbox 1599 4293 1775 4331; x_wconf 88' lang='lat' dir='ltr'><strong>sacra-</strong></span> 
     </span>
    </p>
   </div>
   <div class='ocr_carea' id='block_1_74' title="bbox 203 4369 1777 4441">
    <p class='ocr_par' dir='ltr' id='par_1_74' title="bbox 203 4369 1777 4441">
     <span class='ocr_line' id='line_1_74' title="bbox 203 4369 1777 4441; baseline -0.003 -19"><span class='ocrx_word' id='word_1_568' title='bbox 203 4387 317 4424; x_wconf 84' lang='lat' dir='ltr'><strong>rum</strong></span> <span class='ocrx_word' id='word_1_569' title='bbox 343 4370 729 4441; x_wconf 87' lang='lat' dir='ltr'><strong>Scripturarum</strong></span> <span class='ocrx_word' id='word_1_570' title='bbox 767 4386 1005 4440; x_wconf 86' lang='lat' dir='ltr'><strong>magnam</strong></span> <span class='ocrx_word' id='word_1_571' title='bbox 1051 4369 1777 4437; x_wconf 85' lang='lat' dir='ltr'><strong>cognitionem;manifestum</strong></span> 
     </span>
    </p>
   </div>
   <div class='ocr_carea' id='block_1_75' title="bbox 202 4457 1773 4532">
    <p class='ocr_par' dir='ltr' id='par_1_75' title="bbox 202 4457 1773 4532">
     <span class='ocr_line' id='line_1_75' title="bbox 202 4457 1773 4532; baseline -0.003 -18"><span class='ocrx_word' id='word_1_572' title='bbox 202 4471 276 4514; x_wconf 87' lang='lat' dir='ltr'><strong>est</strong></span> <span class='ocrx_word' id='word_1_573' title='bbox 303 4478 367 4514; x_wconf 81' lang='lat' dir='ltr'><strong>ea:</strong></span> <span class='ocrx_word' id='word_1_574' title='bbox 393 4463 483 4515; x_wconf 90' lang='lat' dir='ltr'><strong>illo</strong></span> <span class='ocrx_word' id='word_1_575' title='bbox 510 4463 622 4532; x_wconf 91' lang='lat' dir='ltr'><strong>ipso</strong></span> <span class='ocrx_word' id='word_1_576' title='bbox 646 4461 834 4528; x_wconf 86' lang='lat' dir='ltr'><strong>scripto</strong></span> <span class='ocrx_word' id='word_1_577' title='bbox 858 4499 873 4523; x_wconf 95' lang='lat'><strong>,</strong></span> <span class='ocrx_word' id='word_1_578' title='bbox 906 4461 959 4511; x_wconf 91' lang='lat' dir='ltr'><strong>in</strong></span> <span class='ocrx_word' id='word_1_579' title='bbox 989 4475 1086 4528; x_wconf 86' lang='lat' dir='ltr'><strong>quo</strong></span> <span class='ocrx_word' id='word_1_580' title='bbox 1114 4459 1278 4510; x_wconf 89' lang='lat' dir='ltr'><strong>omnis</strong></span> <span class='ocrx_word' id='word_1_581' title='bbox 1299 4459 1502 4527; x_wconf 85' lang='lat' dir='ltr'><strong>generis</strong></span> <span class='ocrx_word' id='word_1_582' title='bbox 1535 4457 1773 4521; x_wconf 79' lang='lat' dir='ltr'><strong>htereses,</strong></span> 
     </span>
    </p>
   </div>
   <div class='ocr_carea' id='block_1_76' title="bbox 203 4547 1776 4616">
    <p class='ocr_par' dir='ltr' id='par_1_76' title="bbox 203 4547 1776 4616">
     <span class='ocr_line' id='line_1_76' title="bbox 203 4547 1776 4616; baseline -0.003 -13"><span class='ocrx_word' id='word_1_583' title='bbox 203 4553 334 4604; x_wconf 83' lang='lat' dir='ltr'><strong>mira</strong></span> <span class='ocrx_word' id='word_1_584' title='bbox 381 4551 624 4604; x_wconf 78' lang='lat' dir='ltr'><strong>brevitate</strong></span> <span class='ocrx_word' id='word_1_585' title='bbox 651 4561 698 4602; x_wconf 88' lang='lat' dir='ltr'><strong>et</strong></span> <span class='ocrx_word' id='word_1_586' title='bbox 739 4548 1039 4601; x_wconf 79' lang='lat' dir='ltr'><strong>dexteritate</strong></span> <span class='ocrx_word' id='word_1_587' title='bbox 1065 4547 1191 4600; x_wconf 88' lang='lat' dir='ltr'><strong>dum</strong></span> <span class='ocrx_word' id='word_1_588' title='bbox 1220 4548 1428 4616; x_wconf 75' lang='lat' dir='ltr'><strong>refutat,</strong></span> <span class='ocrx_word' id='word_1_589' title='bbox 1461 4547 1624 4600; x_wconf 85' lang='lat' dir='ltr'><strong>multa</strong></span> <span class='ocrx_word' id='word_1_590' title='bbox 1669 4547 1776 4600; x_wconf 88' lang='lat' dir='ltr'><strong>obi-</strong></span> 
     </span>
    </p>
   </div>
   <div class='ocr_carea' id='block_1_77' title="bbox 1883 3367 3469 3444">
    <p class='ocr_par' dir='ltr' id='par_1_77' title="bbox 1883 3367 3469 3444">
     <span class='ocr_line' id='line_1_77' title="bbox 1883 3367 3469 3444; baseline -0.004 -17"><span class='ocrx_word' id='word_1_591' title='bbox 1883 3376 1970 3444; x_wconf 88' lang='lat' dir='ltr'><strong>(ne</strong></span> <span class='ocrx_word' id='word_1_592' title='bbox 1999 3393 2113 3429; x_wconf 89' lang='lat' dir='ltr'><strong>eum</strong></span> <span class='ocrx_word' id='word_1_593' title='bbox 2136 3377 2247 3432; x_wconf 83' lang='lat' dir='ltr'><strong>sine</strong></span> <span class='ocrx_word' id='word_1_594' title='bbox 2271 3383 2483 3429; x_wconf 88' lang='lat' dir='ltr'><strong>auctore</strong></span> <span class='ocrx_word' id='word_1_595' title='bbox 2503 3375 2644 3442; x_wconf 86' lang='lat' dir='ltr'><strong>loqui</strong></span> <span class='ocrx_word' id='word_1_596' title='bbox 2675 3373 2842 3443; x_wconf 87' lang='lat' dir='ltr'><strong>putes)</strong></span> <span class='ocrx_word' id='word_1_597' title='bbox 2874 3367 3090 3425; x_wconf 83' lang='lat' dir='ltr'><strong>Hesiodi</strong></span> <span class='ocrx_word' id='word_1_598' title='bbox 3118 3368 3286 3423; x_wconf 73' lang='lat' dir='ltr'><strong>Gra&#39;ci</strong></span> <span class='ocrx_word' id='word_1_599' title='bbox 3307 3376 3469 3437; x_wconf 78' lang='lat' dir='ltr'><strong>poeta:</strong></span> 
     </span>
    </p>
   </div>
   <div class='ocr_carea' id='block_1_78' title="bbox 1883 3457 3464 3534">
    <p class='ocr_par' dir='ltr' id='par_1_78' title="bbox 1883 3457 3464 3534">
     <span class='ocr_line' id='line_1_78' title="bbox 1883 3457 3464 3534; baseline -0.006 -16"><span class='ocrx_word' id='word_1_600' title='bbox 1883 3466 2170 3519; x_wconf 86' lang='lat' dir='ltr'><strong>testimonio</strong></span> <span class='ocrx_word' id='word_1_601' title='bbox 2218 3465 2410 3532; x_wconf 85' lang='lat' dir='ltr'><strong>firmat,</strong></span> <span class='ocrx_word' id='word_1_602' title='bbox 2439 3463 2680 3534; x_wconf 88' lang='lat' dir='ltr'><strong>Paganos</strong></span> <span class='ocrx_word' id='word_1_603' title='bbox 2708 3464 2780 3516; x_wconf 89' lang='lat' dir='ltr'><strong>ita</strong></span> <span class='ocrx_word' id='word_1_604' title='bbox 2826 3462 2989 3515; x_wconf 89' lang='lat' dir='ltr'><strong>dictos</strong></span> <span class='ocrx_word' id='word_1_605' title='bbox 3033 3476 3140 3515; x_wconf 75' lang='lat' dir='ltr'><strong>esse</strong></span> <span class='ocrx_word' id='word_1_606' title='bbox 3171 3476 3200 3512; x_wconf 91' lang='lat' dir='ltr'><strong>a</strong></span> <span class='ocrx_word' id='word_1_607' title='bbox 3249 3457 3464 3527; x_wconf 86' lang='lat' dir='ltr'><strong>Pagano</strong></span> 
     </span>
    </p>
   </div>
   <div class='ocr_carea' id='block_1_79' title="bbox 1880 3550 3469 3627">
    <p class='ocr_par' dir='ltr' id='par_1_79' title="bbox 1880 3550 3469 3627">
     <span class='ocr_line' id='line_1_79' title="bbox 1880 3550 3469 3627; baseline -0.005 -19"><span class='ocrx_word' id='word_1_608' title='bbox 1880 3573 2000 3627; x_wconf 86' lang='lat' dir='ltr'><strong>rege</strong></span> <span class='ocrx_word' id='word_1_609' title='bbox 2044 3555 2373 3609; x_wconf 84' lang='lat' dir='ltr'><strong>Deucalionis</strong></span> <span class='ocrx_word' id='word_1_610' title='bbox 2412 3564 2459 3608; x_wconf 89' lang='lat' dir='ltr'><strong>et</strong></span> <span class='ocrx_word' id='word_1_611' title='bbox 2504 3553 2724 3625; x_wconf 74' lang='lat' dir='ltr'><strong>Pyrrha:</strong></span> <span class='ocrx_word' id='word_1_612' title='bbox 2766 3555 2876 3622; x_wconf 79' lang='lat' dir='ltr'><strong>filio</strong></span> <span class='ocrx_word' id='word_1_613' title='bbox 2911 3568 2929 3604; x_wconf 92' lang='lat'><strong><em>:</em></strong></span> <span class='ocrx_word' id='word_1_614' title='bbox 2956 3567 3069 3620; x_wconf 82' lang='lat' dir='ltr'><strong>qua:</strong></span> <span class='ocrx_word' id='word_1_615' title='bbox 3112 3550 3321 3602; x_wconf 86' lang='lat' dir='ltr'><strong>totidem</strong></span> <span class='ocrx_word' id='word_1_616' title='bbox 3351 3558 3469 3601; x_wconf 85' lang='lat' dir='ltr'><strong>sunt</strong></span> 
     </span>
    </p>
   </div>
   <div class='ocr_carea' id='block_1_80' title="bbox 1880 3639 3461 3717">
    <p class='ocr_par' dir='ltr' id='par_1_80' title="bbox 1880 3639 3461 3717">
     <span class='ocr_line' id='line_1_80' title="bbox 1880 3639 3461 3717; baseline -0.006 -18"><span class='ocrx_word' id='word_1_617' title='bbox 1880 3647 2078 3699; x_wconf 86' lang='lat' dir='ltr'><strong>somnia</strong></span> <span class='ocrx_word' id='word_1_618' title='bbox 2098 3656 2143 3698; x_wconf 88' lang='lat' dir='ltr'><strong>et</strong></span> <span class='ocrx_word' id='word_1_619' title='bbox 2170 3644 2417 3709; x_wconf 81' lang='lat' dir='ltr'><strong>Hesiodo,</strong></span> <span class='ocrx_word' id='word_1_620' title='bbox 2467 3655 2512 3698; x_wconf 91' lang='lat' dir='ltr'><strong>et</strong></span> <span class='ocrx_word' id='word_1_621' title='bbox 2557 3645 2788 3697; x_wconf 86' lang='lat' dir='ltr'><strong>omnibus</strong></span> <span class='ocrx_word' id='word_1_622' title='bbox 2819 3643 3030 3694; x_wconf 88' lang='lat' dir='ltr'><strong>eruditis</strong></span> <span class='ocrx_word' id='word_1_623' title='bbox 3077 3640 3314 3693; x_wconf 87' lang='lat' dir='ltr'><strong>inaudita</strong></span> <span class='ocrx_word' id='word_1_624' title='bbox 3341 3639 3461 3717; x_wconf 62' lang='lat' dir='ltr'><strong>(ml.</strong></span> 
     </span>
    </p>
   </div>
   <div class='ocr_carea' id='block_1_81' title="bbox 1881 3727 3461 3803">
    <p class='ocr_par' dir='ltr' id='par_1_81' title="bbox 1881 3727 3461 3803">
     <span class='ocr_line' id='line_1_81' title="bbox 1881 3727 3461 3803; baseline -0.006 -13"><span class='ocrx_word' id='word_1_625' title='bbox 1881 3735 2080 3790; x_wconf 87' lang='lat' dir='ltr'><strong>Locum</strong></span> <span class='ocrx_word' id='word_1_626' title='bbox 2129 3735 2369 3800; x_wconf 86' lang='lat' dir='ltr'><strong>Hesiodi,</strong></span> <span class='ocrx_word' id='word_1_627' title='bbox 2426 3734 2516 3803; x_wconf 92' lang='lat' dir='ltr'><strong>qui</strong></span> <span class='ocrx_word' id='word_1_628' title='bbox 2564 3749 2593 3785; x_wconf 91' lang='lat' dir='ltr'><strong>a</strong></span> <span class='ocrx_word' id='word_1_629' title='bbox 2641 3731 2927 3786; x_wconf 85' lang='lat' dir='ltr'><strong>Philastrio</strong></span> <span class='ocrx_word' id='word_1_630' title='bbox 2974 3729 3249 3790; x_wconf 84' lang='lat' dir='ltr'><strong>laudatur,</strong></span> <span class='ocrx_word' id='word_1_631' title='bbox 3303 3727 3461 3780; x_wconf 89' lang='lat' dir='ltr'><strong>hodie</strong></span> 
     </span>
    </p>
   </div>
   <div class='ocr_carea' id='block_1_82' title="bbox 1879 3819 3463 3890">
    <p class='ocr_par' dir='ltr' id='par_1_82' title="bbox 1879 3819 3463 3890">
     <span class='ocr_line' id='line_1_82' title="bbox 1879 3819 3463 3890; baseline -0.006 -8"><span class='ocrx_word' id='word_1_632' title='bbox 1879 3844 1986 3882; x_wconf 86' lang='lat' dir='ltr'><strong>non</strong></span> <span class='ocrx_word' id='word_1_633' title='bbox 2031 3836 2267 3890; x_wconf 80' lang='lat' dir='ltr'><strong>exstare,</strong></span> <span class='ocrx_word' id='word_1_634' title='bbox 2318 3833 2600 3879; x_wconf 85' lang='lat' dir='ltr'><strong>notaverat</strong></span> <span class='ocrx_word' id='word_1_635' title='bbox 2628 3823 2793 3876; x_wconf 74' lang='lat' dir='ltr'><strong>etiam</strong></span> <span class='ocrx_word' id='word_1_636' title='bbox 2844 3821 3129 3875; x_wconf 83' lang='lat' dir='ltr'><strong>Fabricius</strong></span> <span class='ocrx_word' id='word_1_637' title='bbox 3174 3819 3286 3890; x_wconf 84' lang='grc' dir='ltr'><strong>(η),</strong></span> <span class='ocrx_word' id='word_1_638' title='bbox 3337 3820 3463 3873; x_wconf 86' lang='lat' dir='ltr'><strong>licet</strong></span> 
     </span>
    </p>
   </div>
   <div class='ocr_carea' id='block_1_83' title="bbox 1881 3911 3465 3982">
    <p class='ocr_par' dir='ltr' id='par_1_83' title="bbox 1881 3911 3465 3982">
     <span class='ocr_line' id='line_1_83' title="bbox 1881 3911 3465 3982; baseline -0.008 -10"><span class='ocrx_word' id='word_1_639' title='bbox 1881 3919 2078 3972; x_wconf 83' lang='lat' dir='ltr'><strong>somnia</strong></span> <span class='ocrx_word' id='word_1_640' title='bbox 2102 3917 2189 3972; x_wconf 91' lang='lat' dir='ltr'><strong>illa</strong></span> <span class='ocrx_word' id='word_1_641' title='bbox 2213 3916 2464 3980; x_wconf 86' lang='lat' dir='ltr'><strong>Hesiodo,</strong></span> <span class='ocrx_word' id='word_1_642' title='bbox 2489 3915 2825 3982; x_wconf 85' lang='lat' dir='ltr'><strong>omnibusque</strong></span> <span class='ocrx_word' id='word_1_643' title='bbox 2847 3911 3064 3965; x_wconf 87' lang='lat' dir='ltr'><strong>eruditis</strong></span> <span class='ocrx_word' id='word_1_644' title='bbox 3085 3911 3341 3972; x_wconf 90' lang='lat' dir='ltr'><strong>inaudita,</strong></span> <span class='ocrx_word' id='word_1_645' title='bbox 3364 3911 3465 3964; x_wconf 89' lang='lat' dir='ltr'><strong>mi-</strong></span> 
     </span>
    </p>
   </div>
   <div class='ocr_carea' id='block_1_84' title="bbox 1882 4003 3460 4076">
    <p class='ocr_par' dir='ltr' id='par_1_84' title="bbox 1882 4003 3460 4076">
     <span class='ocr_line' id='line_1_84' title="bbox 1882 4003 3460 4076; baseline -0.008 -11"><span class='ocrx_word' id='word_1_646' title='bbox 1882 4012 2025 4065; x_wconf 90' lang='lat' dir='ltr'><strong>nime</strong></span> <span class='ocrx_word' id='word_1_647' title='bbox 2052 4013 2167 4075; x_wconf 83' lang='lat' dir='ltr'><strong>ipse</strong></span> <span class='ocrx_word' id='word_1_648' title='bbox 2197 4008 2516 4076; x_wconf 75' lang='lat' dir='ltr'><strong>perviderit.</strong></span> <span class='ocrx_word' id='word_1_649' title='bbox 2537 4008 2673 4072; x_wconf 85' lang='lat' dir='ltr'><strong>Quid</strong></span> <span class='ocrx_word' id='word_1_650' title='bbox 2706 4008 2749 4059; x_wconf 90' lang='lat' dir='ltr'><strong>si</strong></span> <span class='ocrx_word' id='word_1_651' title='bbox 2779 4005 3098 4058; x_wconf 88' lang='lat' dir='ltr'><strong>Pbilastrius</strong></span> <span class='ocrx_word' id='word_1_652' title='bbox 3130 4003 3290 4071; x_wconf 88' lang='lat' dir='ltr'><strong>paulo</strong></span> <span class='ocrx_word' id='word_1_653' title='bbox 3321 4012 3460 4070; x_wconf 87' lang='lat' dir='ltr'><strong>post,</strong></span> 
     </span>
    </p>
   </div>
   <div class='ocr_carea' id='block_1_85' title="bbox 1879 4093 3460 4169">
    <p class='ocr_par' dir='ltr' id='par_1_85' title="bbox 1879 4093 3460 4169">
     <span class='ocr_line' id='line_1_85' title="bbox 1879 4093 3460 4169; baseline -0.007 -16"><span class='ocrx_word' id='word_1_654' title='bbox 1879 4103 2124 4169; x_wconf 87' lang='lat' dir='ltr'><strong>quisnam</strong></span> <span class='ocrx_word' id='word_1_655' title='bbox 2174 4099 2335 4150; x_wconf 88' lang='lat' dir='ltr'><strong>fuerit</strong></span> <span class='ocrx_word' id='word_1_656' title='bbox 2378 4113 2468 4149; x_wconf 83' lang='lat' dir='ltr'><strong>rea:</strong></span> <span class='ocrx_word' id='word_1_657' title='bbox 2507 4097 2597 4149; x_wconf 90' lang='lat' dir='ltr'><strong>ille</strong></span> <span class='ocrx_word' id='word_1_658' title='bbox 2626 4095 2895 4162; x_wconf 85' lang='lat' dir='ltr'><strong>Puganus,</strong></span> <span class='ocrx_word' id='word_1_659' title='bbox 2944 4093 3146 4145; x_wconf 89' lang='lat' dir='ltr'><strong>clarius</strong></span> <span class='ocrx_word' id='word_1_660' title='bbox 3196 4093 3460 4155; x_wconf 86' lang='lat' dir='ltr'><strong>enuntiet,</strong></span> 
     </span>
    </p>
   </div>
   <div class='ocr_carea' id='block_1_86' title="bbox 1881 4181 3462 4256">
    <p class='ocr_par' dir='ltr' id='par_1_86' title="bbox 1881 4181 3462 4256">
     <span class='ocr_line' id='line_1_86' title="bbox 1881 4181 3462 4256; baseline -0.006 -14"><span class='ocrx_word' id='word_1_661' title='bbox 1881 4203 2072 4256; x_wconf 80' lang='lat' dir='ltr'><strong>nempe</strong></span> <span class='ocrx_word' id='word_1_662' title='bbox 2103 4187 2436 4241; x_wconf 88' lang='lat' dir='ltr'><strong>Deucalionis</strong></span> <span class='ocrx_word' id='word_1_663' title='bbox 2468 4193 2523 4238; x_wconf 92' lang='lat' dir='ltr'><strong>et</strong></span> <span class='ocrx_word' id='word_1_664' title='bbox 2547 4182 2770 4252; x_wconf 58' lang='lat' dir='ltr'><strong>Pyrrha</strong></span> <span class='ocrx_word' id='word_1_665' title='bbox 2804 4183 2966 4244; x_wconf 79' lang='lat' dir='ltr'><strong>filius,</strong></span> <span class='ocrx_word' id='word_1_666' title='bbox 3011 4181 3190 4233; x_wconf 84' lang='lat' dir='ltr'><strong>llelles</strong></span> <span class='ocrx_word' id='word_1_667' title='bbox 3222 4182 3462 4239; x_wconf 88' lang='lat' dir='ltr'><strong>nomine,</strong></span> 
     </span>
    </p>
   </div>
   <div class='ocr_carea' id='block_1_87' title="bbox 1878 4273 3462 4348">
    <p class='ocr_par' dir='ltr' id='par_1_87' title="bbox 1878 4273 3462 4348">
     <span class='ocr_line' id='line_1_87' title="bbox 1878 4273 3462 4348; baseline -0.006 -14"><span class='ocrx_word' id='word_1_668' title='bbox 1878 4297 1907 4334; x_wconf 92' lang='lat' dir='ltr'><strong>a</strong></span> <span class='ocrx_word' id='word_1_669' title='bbox 1936 4297 2040 4348; x_wconf 88' lang='lat' dir='ltr'><strong>quo</strong></span> <span class='ocrx_word' id='word_1_670' title='bbox 2071 4279 2241 4334; x_wconf 76' lang='lat' dir='ltr'><strong>Grzcci</strong></span> <span class='ocrx_word' id='word_1_671' title='bbox 2286 4277 2512 4336; x_wconf 81' lang='grc' dir='ltr'><strong>Ἐλληνες</strong></span> <span class='ocrx_word' id='word_1_672' title='bbox 2544 4275 2744 4328; x_wconf 85' lang='lat' dir='ltr'><strong>fuerint</strong></span> <span class='ocrx_word' id='word_1_673' title='bbox 2793 4273 3133 4342; x_wconf 86' lang='lat' dir='ltr'><strong>postmodum</strong></span> <span class='ocrx_word' id='word_1_674' title='bbox 3163 4273 3462 4340; x_wconf 82' lang='lat' dir='ltr'><strong>appellati?</strong></span> 
     </span>
    </p>
   </div>
   <div class='ocr_carea' id='block_1_88' title="bbox 1879 4365 3457 4429">
    <p class='ocr_par' dir='ltr' id='par_1_88' title="bbox 1879 4365 3457 4429">
     <span class='ocr_line' id='line_1_88' title="bbox 1879 4365 3457 4429; baseline -0.006 -5"><span class='ocrx_word' id='word_1_675' title='bbox 1879 4369 2051 4424; x_wconf 83' lang='lat' dir='ltr'><strong>liabet</strong></span> <span class='ocrx_word' id='word_1_676' title='bbox 2099 4369 2150 4421; x_wconf 81' lang='lat' dir='ltr'><strong>in</strong></span> <span class='ocrx_word' id='word_1_677' title='bbox 2190 4368 2291 4421; x_wconf 92' lang='lat' dir='ltr'><strong>hoc</strong></span> <span class='ocrx_word' id='word_1_678' title='bbox 2340 4366 2662 4419; x_wconf 89' lang='lat' dir='ltr'><strong>Pbilastrius</strong></span> <span class='ocrx_word' id='word_1_679' title='bbox 2717 4365 3049 4418; x_wconf 87' lang='lat' dir='ltr'><strong>eruditorum</strong></span> <span class='ocrx_word' id='word_1_680' title='bbox 3105 4379 3457 4429; x_wconf 86' lang='lat' dir='ltr'><strong>consensum,</strong></span> 
     </span>
    </p>
   </div>
   <div class='ocr_carea' id='block_1_89' title="bbox 1876 4453 3461 4523">
    <p class='ocr_par' dir='ltr' id='par_1_89' title="bbox 1876 4453 3461 4523">
     <span class='ocr_line' id='line_1_89' title="bbox 1876 4453 3461 4523; baseline -0.005 -9"><span class='ocrx_word' id='word_1_681' title='bbox 1876 4471 2023 4514; x_wconf 89' lang='lat' dir='ltr'><strong>recte</strong></span> <span class='ocrx_word' id='word_1_682' title='bbox 2063 4460 2130 4510; x_wconf 91' lang='lat' dir='ltr'><strong>ab</strong></span> <span class='ocrx_word' id='word_1_683' title='bbox 2161 4457 2352 4512; x_wconf 91' lang='lat' dir='ltr'><strong>eodem</strong></span> <span class='ocrx_word' id='word_1_684' title='bbox 2398 4455 2650 4509; x_wconf 86' lang='lat' dir='ltr'><strong>Fabricio</strong></span> <span class='ocrx_word' id='word_1_685' title='bbox 2697 4462 3014 4508; x_wconf 78' lang='lat' dir='ltr'><strong>atinotatum</strong></span> <span class='ocrx_word' id='word_1_686' title='bbox 3039 4453 3142 4523; x_wconf 87' lang='lat' dir='ltr'><strong>(o);</strong></span> <span class='ocrx_word' id='word_1_687' title='bbox 3177 4454 3341 4506; x_wconf 88' lang='lat' dir='ltr'><strong>immo</strong></span> <span class='ocrx_word' id='word_1_688' title='bbox 3366 4469 3461 4507; x_wconf 82' lang='lat' dir='ltr'><strong>ex-</strong></span> 
     </span>
    </p>
   </div>
   <div class='ocr_carea' id='block_1_90' title="bbox 1880 4542 3464 4620">
    <p class='ocr_par' dir='ltr' id='par_1_90' title="bbox 1880 4542 3464 4620">
     <span class='ocr_line' id='line_1_90' title="bbox 1880 4542 3464 4620; baseline -0.005 -16"><span class='ocrx_word' id='word_1_689' title='bbox 1880 4565 2064 4620; x_wconf 83' lang='lat' dir='ltr'><strong>presse</strong></span> <span class='ocrx_word' id='word_1_690' title='bbox 2095 4549 2323 4617; x_wconf 87' lang='lat' dir='ltr'><strong>idipsum</strong></span> <span class='ocrx_word' id='word_1_691' title='bbox 2349 4545 2671 4601; x_wconf 86' lang='lat' dir='ltr'><strong>Pbilastrius</strong></span> <span class='ocrx_word' id='word_1_692' title='bbox 2700 4545 2832 4599; x_wconf 86' lang='lat' dir='ltr'><strong>dicit</strong></span> <span class='ocrx_word' id='word_1_693' title='bbox 2861 4544 2962 4613; x_wconf 88' lang='lat' dir='ltr'><strong>(p),</strong></span> <span class='ocrx_word' id='word_1_694' title='bbox 2989 4544 3197 4598; x_wconf 86' lang='lat' dir='ltr'><strong>scilicet</strong></span> <span class='ocrx_word' id='word_1_695' title='bbox 3218 4560 3246 4595; x_wconf 83' lang='grc' dir='ltr'>α</span> <span class='ocrx_word' id='word_1_696' title='bbox 3285 4542 3464 4596; x_wconf 74' lang='lat' dir='ltr'><strong>Grmco</strong></span> 
     </span>
    </p>
   </div>
   <div class='ocr_carea' id='block_1_91' title="bbox 202 4633 3460 4712">
    <p class='ocr_par' dir='ltr' id='par_1_91' title="bbox 202 4633 3460 4712">
     <span class='ocr_line' id='line_1_91' title="bbox 202 4633 3460 4712; baseline -0.003 -17"><span class='ocrx_word' id='word_1_697' title='bbox 202 4653 276 4695; x_wconf 86' lang='lat' dir='ltr'><strong>ter</strong></span> <span class='ocrx_word' id='word_1_698' title='bbox 303 4642 588 4712; x_wconf 87' lang='lat' dir='ltr'><strong>cognitione</strong></span> <span class='ocrx_word' id='word_1_699' title='bbox 608 4642 764 4710; x_wconf 82' lang='lat' dir='ltr'><strong>digna</strong></span> <span class='ocrx_word' id='word_1_700' title='bbox 783 4640 1046 4692; x_wconf 88' lang='lat' dir='ltr'><strong>admiscet.</strong></span> <span class='ocrx_word' id='word_1_701' title='bbox 1081 4638 1172 4692; x_wconf 88' lang='lat' dir='ltr'><strong>Sic</strong></span> <span class='ocrx_word' id='word_1_702' title='bbox 1202 4639 1361 4707; x_wconf 87' lang='lat' dir='ltr'><strong>paulo</strong></span> <span class='ocrx_word' id='word_1_703' title='bbox 1391 4649 1509 4708; x_wconf 88' lang='lat' dir='ltr'><strong>post</strong></span> <span class='ocrx_word' id='word_1_704' title='bbox 1543 4655 1555 4690; x_wconf 90' lang='lat'><strong>:</strong></span> <span class='ocrx_word' id='word_1_705' title='bbox 1582 4638 1773 4691; x_wconf 67' lang='lat' dir='ltr'><strong>Greece:</strong></span> <span class='ocrx_word' id='word_1_706' title='bbox 1800 4633 1853 4691; x_wconf 90' lang='lat' dir='ltr'><strong>D</strong></span> <span class='ocrx_word' id='word_1_707' title='bbox 1876 4658 2019 4711; x_wconf 79' lang='lat' dir='ltr'><strong>rege,</strong></span> <span class='ocrx_word' id='word_1_708' title='bbox 2078 4639 2181 4694; x_wconf 86' lang='lat' dir='ltr'><strong>hoc</strong></span> <span class='ocrx_word' id='word_1_709' title='bbox 2235 4649 2319 4694; x_wconf 90' lang='lat' dir='ltr'><strong>est</strong></span> <span class='ocrx_word' id='word_1_710' title='bbox 2365 4638 2612 4699; x_wconf 87' lang='lat' dir='ltr'><strong>Hellene,</strong></span> <span class='ocrx_word' id='word_1_711' title='bbox 2660 4638 2816 4706; x_wconf 84' lang='lat' dir='ltr'><strong>fuisse</strong></span> <span class='ocrx_word' id='word_1_712' title='bbox 2872 4636 3078 4689; x_wconf 63' lang='lat' dir='ltr'><strong>Graecos</strong></span> <span class='ocrx_word' id='word_1_713' title='bbox 3136 4636 3418 4706; x_wconf 88' lang='lat' dir='ltr'><strong>appellatos</strong></span> <span class='ocrx_word' id='word_1_714' title='bbox 3443 4655 3460 4697; x_wconf 83' lang='lat'><strong>,-</strong></span> 
     </span>
    </p>
   </div>
   <div class='ocr_carea' id='block_1_92' title="bbox 202 4728 1771 4807">
    <p class='ocr_par' dir='ltr' id='par_1_92' title="bbox 202 4728 1771 4807">
     <span class='ocr_line' id='line_1_92' title="bbox 202 4728 1771 4807; baseline -0.003 -20"><span class='ocrx_word' id='word_1_715' title='bbox 202 4736 394 4807; x_wconf 81' lang='lat' dir='ltr'><strong>lingua:</strong></span> <span class='ocrx_word' id='word_1_716' title='bbox 426 4735 522 4803; x_wconf 89' lang='lat' dir='ltr'><strong>fuit</strong></span> <span class='ocrx_word' id='word_1_717' title='bbox 549 4734 761 4802; x_wconf 88' lang='lat' dir='ltr'><strong>peritus,</strong></span> <span class='ocrx_word' id='word_1_718' title='bbox 793 4747 910 4785; x_wconf 89' lang='lat' dir='ltr'><strong>nam</strong></span> <span class='ocrx_word' id='word_1_719' title='bbox 948 4728 1153 4784; x_wconf 75' lang='lat' dir='ltr'><strong>ercos</strong></span> <span class='ocrx_word' id='word_1_720' title='bbox 1179 4741 1411 4792; x_wconf 82' lang='lat' dir='ltr'><strong>auctores</strong></span> <span class='ocrx_word' id='word_1_721' title='bbox 1431 4731 1552 4782; x_wconf 87' lang='lat' dir='ltr'><strong>citat</strong></span> <span class='ocrx_word' id='word_1_722' title='bbox 1575 4746 1595 4795; x_wconf 85' lang='lat'><strong>,°</strong></span> <span class='ocrx_word' id='word_1_723' title='bbox 1616 4729 1771 4784; x_wconf 88' lang='lat' dir='ltr'><strong>Solo-</strong></span> 
     </span>
    </p>
   </div>
   <div class='ocr_carea' id='block_1_93' title="bbox 202 4823 1774 4892">
    <p class='ocr_par' dir='ltr' id='par_1_93' title="bbox 202 4823 1774 4892">
     <span class='ocr_line' id='line_1_93' title="bbox 202 4823 1774 4892; baseline 0 -13"><span class='ocrx_word' id='word_1_724' title='bbox 202 4843 332 4892; x_wconf 89' lang='lat' dir='ltr'><strong>nem,</strong></span> <span class='ocrx_word' id='word_1_725' title='bbox 376 4825 651 4880; x_wconf 88' lang='lat' dir='ltr'><strong>Platonem</strong></span> <span class='ocrx_word' id='word_1_726' title='bbox 688 4827 740 4878; x_wconf 91' lang='lat' dir='ltr'><strong>in</strong></span> <span class='ocrx_word' id='word_1_727' title='bbox 781 4824 993 4889; x_wconf 73' lang='lat' dir='ltr'><strong>Timaeo,</strong></span> <span class='ocrx_word' id='word_1_728' title='bbox 1024 4823 1332 4886; x_wconf 89' lang='lat' dir='ltr'><strong>Hesiodum,</strong></span> <span class='ocrx_word' id='word_1_729' title='bbox 1363 4823 1590 4878; x_wconf 87' lang='lat' dir='ltr'><strong>Hermen</strong></span> <span class='ocrx_word' id='word_1_730' title='bbox 1630 4825 1774 4879; x_wconf 83' lang='lat' dir='ltr'><strong>Tris-</strong></span> 
     </span>
    </p>
   </div>
   <div class='ocr_carea' id='block_1_94' title="bbox 202 4914 1774 4988">
    <p class='ocr_par' dir='ltr' id='par_1_94' title="bbox 202 4914 1774 4988">
     <span class='ocr_line' id='line_1_94' title="bbox 202 4914 1774 4988; baseline -0.001 -17"><span class='ocrx_word' id='word_1_731' title='bbox 202 4919 489 4988; x_wconf 80' lang='lat' dir='ltr'><strong>megistum,</strong></span> <span class='ocrx_word' id='word_1_732' title='bbox 519 4914 865 4970; x_wconf 86' lang='lat' dir='ltr'><strong>Democritum</strong></span> <span class='ocrx_word' id='word_1_733' title='bbox 888 4932 908 4981; x_wconf 84' lang='lat'><strong><em>;</em></strong></span> <span class='ocrx_word' id='word_1_734' title='bbox 938 4917 1170 4984; x_wconf 84' lang='lat' dir='ltr'><strong>denique</strong></span> <span class='ocrx_word' id='word_1_735' title='bbox 1190 4914 1392 4968; x_wconf 90' lang='lat' dir='ltr'><strong>addunt</strong></span> <span class='ocrx_word' id='word_1_736' title='bbox 1419 4933 1431 4967; x_wconf 92' lang='lat'><strong>:</strong></span> <span class='ocrx_word' id='word_1_737' title='bbox 1466 4915 1530 4969; x_wconf 83' lang='lat' dir='ltr'><strong>In</strong></span> <span class='ocrx_word' id='word_1_738' title='bbox 1560 4917 1650 4970; x_wconf 90' lang='lat' dir='ltr'><strong>illo</strong></span> <span class='ocrx_word' id='word_1_739' title='bbox 1682 4934 1774 4970; x_wconf 86' lang='lat' dir='ltr'><strong>suo</strong></span> 
     </span>
    </p>
   </div>
   <div class='ocr_carea' id='block_1_95' title="bbox 271 5073 681 5147">
    <p class='ocr_par' dir='ltr' id='par_1_95' title="bbox 271 5073 681 5147">
     <span class='ocr_line' id='line_1_95' title="bbox 271 5073 681 5147; baseline 0 0"><span class='ocrx_word' id='word_1_740' title='bbox 271 5076 348 5147; x_wconf 83' lang='grc' dir='ltr'><strong>(α)</strong></span> <span class='ocrx_word' id='word_1_741' title='bbox 387 5075 514 5147; x_wconf 66' lang='grc'><strong>9³8·</strong></span> <span class='ocrx_word' id='word_1_742' title='bbox 555 5073 681 5147; x_wconf 62' lang='lat'><strong>18?-</strong></span> 
     </span>
    </p>
   </div>
   <div class='ocr_carea' id='block_1_96' title="bbox 269 5142 841 5268">
    <p class='ocr_par' dir='ltr' id='par_1_96' title="bbox 269 5142 841 5268">
     <span class='ocr_line' id='line_1_96' title="bbox 269 5142 682 5214; baseline -0.007 -16"><span class='ocrx_word' id='word_1_743' title='bbox 269 5142 349 5214; x_wconf 73' lang='grc' dir='ltr'><strong>(ι)</strong></span> <span class='ocrx_word' id='word_1_744' title='bbox 387 5142 516 5212; x_wconf 68' lang='lat' dir='ltr'><strong>pag.</strong></span> <span class='ocrx_word' id='word_1_745' title='bbox 557 5142 682 5197; x_wconf 63' lang='grc' dir='ltr'><strong>ωε.</strong></span> 
     </span>
     <span class='ocr_line' id='line_1_97' title="bbox 273 5211 841 5268; baseline -0.009 0"><span class='ocrx_word' id='word_1_746' title='bbox 273 5216 351 5268; x_wconf 81' lang='lat' dir='ltr'><strong>(cl</strong></span> <span class='ocrx_word' id='word_1_747' title='bbox 389 5212 522 5268; x_wconf 68' lang='grc' dir='ltr'><strong>σεο.</strong></span> <span class='ocrx_word' id='word_1_748' title='bbox 562 5213 618 5268; x_wconf 83' lang='lat'><strong>5.</strong></span> <span class='ocrx_word' id='word_1_749' title='bbox 648 5226 703 5268; x_wconf 69' lang='grc' dir='ltr'>ιι.</span> <span class='ocrx_word' id='word_1_750' title='bbox 734 5211 841 5264; x_wconf 73' lang='lat'><strong>202</strong></span> 
     </span>
    </p>
   </div>
   <div class='ocr_carea' id='block_1_97' title="bbox 269 5216 905 5350">
    <p class='ocr_par' dir='ltr' id='par_1_97' title="bbox 269 5216 905 5350">
     <span class='ocr_line' id='line_1_98' title="bbox 273 5216 859 5285; baseline -0.009 -18"><span class='ocrx_word' id='word_1_751' title='bbox 273 5216 351 5285; x_wconf 78' lang='grc' dir='ltr'><strong>(ο)</strong></span> <span class='ocrx_word' id='word_1_752' title='bbox 389 5216 522 5279; x_wconf 89' lang='lat' dir='ltr'><strong>Cap.</strong></span> <span class='ocrx_word' id='word_1_753' title='bbox 562 5216 618 5278; x_wconf 86' lang='lat'><strong>5,</strong></span> <span class='ocrx_word' id='word_1_754' title='bbox 648 5226 703 5280; x_wconf 74' lang='grc' dir='ltr'><strong>ρ.</strong></span> <span class='ocrx_word' id='word_1_755' title='bbox 734 5216 859 5264; x_wconf 71' lang='lat'><strong>202.</strong></span> 
     </span>
     <span class='ocr_line' id='line_1_99' title="bbox 269 5280 905 5350; baseline -0.003 -14"><span class='ocrx_word' id='word_1_756' title='bbox 269 5283 355 5350; x_wconf 79' lang='grc' dir='ltr'><strong>(ά)</strong></span> <span class='ocrx_word' id='word_1_757' title='bbox 382 5282 639 5350; x_wconf 65' lang='lat' dir='ltr'><strong>Philastr.</strong></span> <span class='ocrx_word' id='word_1_758' title='bbox 667 5295 786 5349; x_wconf 89' lang='lat' dir='ltr'><strong>cap.</strong></span> <span class='ocrx_word' id='word_1_759' title='bbox 815 5280 905 5334; x_wconf 81' lang='grc'><strong>6⁸1.</strong></span> 
     </span>
    </p>
   </div>
   <div class='ocr_carea' id='block_1_98' title="bbox 268 5349 672 5432">
    <p class='ocr_par' dir='ltr' id='par_1_98' title="bbox 268 5349 672 5432">
     <span class='ocr_line' id='line_1_100' title="bbox 268 5349 672 5432; baseline 0 0"><span class='ocrx_word' id='word_1_760' title='bbox 268 5349 340 5432; x_wconf 60' lang='grc' dir='ltr'><strong>(εὶ</strong></span> <span class='ocrx_word' id='word_1_761' title='bbox 383 5352 510 5432; x_wconf 55' lang='grc' dir='ltr'><strong>ἕξεις</strong></span> <span class='ocrx_word' id='word_1_762' title='bbox 546 5349 672 5432; x_wconf 62' lang='lat'><strong>3,70-</strong></span> 
     </span>
    </p>
   </div>
   <div class='ocr_carea' id='block_1_99' title="bbox 297 5416 906 5558">
    <p class='ocr_par' dir='ltr' id='par_1_99' title="bbox 297 5416 906 5558">
     <span class='ocr_line' id='line_1_101' title="bbox 297 5416 906 5491; baseline -0.002 -19"><span class='ocrx_word' id='word_1_763' title='bbox 297 5416 344 5491; x_wconf 82' lang='lat'><strong>[)</strong></span> <span class='ocrx_word' id='word_1_764' title='bbox 383 5416 633 5474; x_wconf 86' lang='lat' dir='ltr'><strong>Philastr.</strong></span> <span class='ocrx_word' id='word_1_765' title='bbox 666 5431 787 5487; x_wconf 88' lang='lat' dir='ltr'><strong>cap.</strong></span> <span class='ocrx_word' id='word_1_766' title='bbox 813 5416 906 5472; x_wconf 72' lang='lat'><strong>29.</strong></span> 
     </span>
     <span class='ocr_line' id='line_1_102' title="bbox 297 5489 647 5558; baseline -0.003 -16"><span class='ocrx_word' id='word_1_767' title='bbox 297 5495 353 5558; x_wconf 83' lang='lat' dir='ltr'><strong>g)</strong></span> <span class='ocrx_word' id='word_1_768' title='bbox 391 5490 517 5558; x_wconf 77' lang='lat' dir='ltr'><strong>Pag.</strong></span> <span class='ocrx_word' id='word_1_769' title='bbox 558 5489 647 5544; x_wconf 83' lang='lat'><strong>65.</strong></span> 
     </span>
    </p>
   </div>
   <div class='ocr_carea' id='block_1_100' title="bbox 269 5511 630 5642">
    <p class='ocr_par' dir='ltr' id='par_1_100' title="bbox 269 5511 630 5642">
     <span class='ocr_line' id='line_1_103' title="bbox 271 5511 628 5563; baseline 0.003 -21"><span class='ocrx_word' id='word_1_770' title='bbox 271 5511 353 5563; x_wconf 75' lang='grc'><strong>(9)</strong></span> <span class='ocrx_word' id='word_1_771' title='bbox 392 5511 517 5558; x_wconf 75' lang='lat' dir='ltr'><strong>rag.</strong></span> <span class='ocrx_word' id='word_1_772' title='bbox 558 5511 628 5544; x_wconf 77' lang='lat' dir='ltr'><strong>Da</strong></span> 
     </span>
     <span class='ocr_line' id='line_1_104' title="bbox 269 5559 630 5642; baseline 0 0"><span class='ocrx_word' id='word_1_773' title='bbox 269 5559 352 5642; x_wconf 56' lang='grc' dir='ltr'><strong>με)</strong></span> <span class='ocrx_word' id='word_1_774' title='bbox 387 5559 520 5642; x_wconf 68' lang='grc' dir='ltr'><strong>Επε-</strong></span> <span class='ocrx_word' id='word_1_775' title='bbox 540 5559 630 5642; x_wconf 59' lang='lat'><strong>‘22-</strong></span> 
     </span>
    </p>
   </div>
   <div class='ocr_carea' id='block_1_101' title="bbox 268 5627 635 5713">
    <p class='ocr_par' dir='ltr' id='par_1_101' title="bbox 268 5627 635 5713">
     <span class='ocr_line' id='line_1_105' title="bbox 268 5627 635 5713; baseline 0 0"><span class='ocrx_word' id='word_1_776' title='bbox 268 5627 341 5713; x_wconf 61' lang='grc' dir='ltr'><strong>(εὶ</strong></span> <span class='ocrx_word' id='word_1_777' title='bbox 385 5628 514 5713; x_wconf 60' lang='lat'><strong>1’33-</strong></span> <span class='ocrx_word' id='word_1_778' title='bbox 545 5627 635 5713; x_wconf 64' lang='grc' dir='ltr'><strong>ἔδξτ</strong></span> 
     </span>
    </p>
   </div>
   <div class='ocr_carea' id='block_1_102' title="bbox 276 5695 677 5770">
    <p class='ocr_par' dir='ltr' id='par_1_102' title="bbox 276 5695 677 5770">
     <span class='ocr_line' id='line_1_106' title="bbox 276 5695 677 5770; baseline 0 0"><span class='ocrx_word' id='word_1_779' title='bbox 276 5695 344 5770; x_wconf 73' lang='grc' dir='ltr'><strong>σ)</strong></span> <span class='ocrx_word' id='word_1_780' title='bbox 385 5695 512 5770; x_wconf 53' lang='lat' dir='ltr'><strong>Bas</strong></span> <span class='ocrx_word' id='word_1_781' title='bbox 553 5695 677 5770; x_wconf 55' lang='lat'><strong>7}}:</strong></span> 
     </span>
    </p>
   </div>
   <div class='ocr_carea' id='block_1_103' title="bbox 295 5765 685 5837">
    <p class='ocr_par' dir='ltr' id='par_1_103' title="bbox 295 5765 685 5837">
     <span class='ocr_line' id='line_1_107' title="bbox 295 5765 685 5837; baseline 0 0"><span class='ocrx_word' id='word_1_782' title='bbox 295 5765 350 5837; x_wconf 68' lang='lat' dir='ltr'><strong>in</strong></span> <span class='ocrx_word' id='word_1_783' title='bbox 389 5765 517 5837; x_wconf 72' lang='lat' dir='ltr'><strong>Pas-</strong></span> <span class='ocrx_word' id='word_1_784' title='bbox 547 5765 685 5837; x_wconf 63' lang='lat'><strong>206-.</strong></span> 
     </span>
    </p>
   </div>
   <div class='ocr_carea' id='block_1_104' title="bbox 301 5835 664 5909">
    <p class='ocr_par' dir='ltr' id='par_1_104' title="bbox 301 5835 664 5909">
     <span class='ocr_line' id='line_1_108' title="bbox 301 5835 664 5909; baseline -0.006 -17"><span class='ocrx_word' id='word_1_785' title='bbox 301 5835 342 5909; x_wconf 78' lang='grc' dir='ltr'><strong>Ι)</strong></span> <span class='ocrx_word' id='word_1_786' title='bbox 382 5835 511 5908; x_wconf 60' lang='grc' dir='ltr'><strong>Ριέ.</strong></span> <span class='ocrx_word' id='word_1_787' title='bbox 537 5835 664 5891; x_wconf 67' lang='lat'><strong>245:</strong></span> 
     </span>
    </p>
   </div>
   <div class='ocr_carea' id='block_1_105' title="bbox 1876 4723 3454 4802">
    <p class='ocr_par' dir='ltr' id='par_1_105' title="bbox 1876 4723 3454 4802">
     <span class='ocr_line' id='line_1_109' title="bbox 1876 4723 3454 4802; baseline -0.006 -18"><span class='ocrx_word' id='word_1_788' title='bbox 1876 4748 2033 4802; x_wconf 87' lang='lat' dir='ltr'><strong>quem</strong></span> <span class='ocrx_word' id='word_1_789' title='bbox 2056 4746 2215 4800; x_wconf 88' lang='lat' dir='ltr'><strong>supra</strong></span> <span class='ocrx_word' id='word_1_790' title='bbox 2237 4728 2503 4800; x_wconf 86' lang='lat' dir='ltr'><strong>Paganum</strong></span> <span class='ocrx_word' id='word_1_791' title='bbox 2525 4743 2693 4798; x_wconf 85' lang='lat' dir='ltr'><strong>regem</strong></span> <span class='ocrx_word' id='word_1_792' title='bbox 2716 4727 2946 4790; x_wconf 78' lang='lat' dir='ltr'><strong>vocavit,</strong></span> <span class='ocrx_word' id='word_1_793' title='bbox 2970 4741 3118 4793; x_wconf 90' lang='lat' dir='ltr'><strong>aquo</strong></span> <span class='ocrx_word' id='word_1_794' title='bbox 3133 4724 3336 4792; x_wconf 88' lang='lat' dir='ltr'><strong>Pagani</strong></span> <span class='ocrx_word' id='word_1_795' title='bbox 3357 4723 3454 4792; x_wconf 90' lang='lat' dir='ltr'><strong>(q).</strong></span> 
     </span>
    </p>
   </div>
   <div class='ocr_carea' id='block_1_106' title="bbox 1879 4814 3457 4887">
    <p class='ocr_par' dir='ltr' id='par_1_106' title="bbox 1879 4814 3457 4887">
     <span class='ocr_line' id='line_1_110' title="bbox 1879 4814 3457 4887; baseline -0.008 -9"><span class='ocrx_word' id='word_1_796' title='bbox 1879 4823 2172 4878; x_wconf 80' lang='lat' dir='ltr'><strong>Modestius</strong></span> <span class='ocrx_word' id='word_1_797' title='bbox 2220 4820 2467 4887; x_wconf 87' lang='lat' dir='ltr'><strong>quidem,</strong></span> <span class='ocrx_word' id='word_1_798' title='bbox 2526 4832 2588 4869; x_wconf 91' lang='lat' dir='ltr'><strong>ac</strong></span> <span class='ocrx_word' id='word_1_799' title='bbox 2642 4815 3115 4872; x_wconf 66' lang='lat' dir='ltr'><strong>verecundius..dc</strong></span> <span class='ocrx_word' id='word_1_800' title='bbox 3165 4814 3457 4866; x_wconf 87' lang='lat' dir='ltr'><strong>Philastrio</strong></span> 
     </span>
    </p>
   </div>
   <div class='ocr_carea' id='block_1_107' title="bbox 1878 4905 3456 4977">
    <p class='ocr_par' dir='ltr' id='par_1_107' title="bbox 1878 4905 3456 4977">
     <span class='ocr_line' id='line_1_111' title="bbox 1878 4905 3456 4977; baseline -0.009 -7"><span class='ocrx_word' id='word_1_801' title='bbox 1878 4913 2050 4972; x_wconf 85' lang='lat' dir='ltr'><strong>sensit</strong></span> <span class='ocrx_word' id='word_1_802' title='bbox 2073 4909 2396 4968; x_wconf 88' lang='lat' dir='ltr'><strong>Guillelmus</strong></span> <span class='ocrx_word' id='word_1_803' title='bbox 2426 4908 2658 4974; x_wconf 80' lang='lat' dir='ltr'><strong>Caveas,</strong></span> <span class='ocrx_word' id='word_1_804' title='bbox 2681 4908 2839 4977; x_wconf 86' lang='lat' dir='ltr'><strong>cujus</strong></span> <span class='ocrx_word' id='word_1_805' title='bbox 2877 4907 2991 4961; x_wconf 85' lang='lat' dir='ltr'><strong>haec</strong></span> <span class='ocrx_word' id='word_1_806' title='bbox 3023 4916 3149 4960; x_wconf 90' lang='lat' dir='ltr'><strong>sunt</strong></span> <span class='ocrx_word' id='word_1_807' title='bbox 3182 4905 3342 4959; x_wconf 81' lang='lat' dir='ltr'><strong>verba</strong></span> <span class='ocrx_word' id='word_1_808' title='bbox 3363 4905 3456 4974; x_wconf 86' lang='lat' dir='ltr'><strong>(r):</strong></span> 
     </span>
    </p>
   </div>
   <div class='ocr_carea' id='block_1_108' title="bbox 1956 5064 3459 5140">
    <p class='ocr_par' dir='ltr' id='par_1_108' title="bbox 1956 5064 3459 5140">
     <span class='ocr_line' id='line_1_112' title="bbox 1956 5064 3459 5140; baseline -0.005 -18"><span class='ocrx_word' id='word_1_809' title='bbox 1956 5068 2294 5140; x_wconf 16' lang='lat' dir='ltr'><strong>(m)7E_o_dem</strong></span> <span class='ocrx_word' id='word_1_810' title='bbox 2326 5065 2442 5140; x_wconf 71' lang='lat' dir='ltr'><strong>fere</strong></span> <span class='ocrx_word' id='word_1_811' title='bbox 2469 5065 2722 5140; x_wconf 73' lang='lat' dir='ltr'><strong>l9q_uen_di</strong></span> <span class='ocrx_word' id='word_1_812' title='bbox 2757 5064 2925 5140; x_wconf 72' lang='lat' dir='ltr'><strong>modo</strong></span> <span class='ocrx_word' id='word_1_813' title='bbox 2966 5064 3312 5118; x_wconf 71' lang='lat' dir='ltr'><strong>Philasuium</strong></span> <span class='ocrx_word' id='word_1_814' title='bbox 3341 5076 3459 5140; x_wconf 66' lang='lat' dir='ltr'><strong>cas-</strong></span> 
     </span>
    </p>
   </div>
   <div class='ocr_carea' id='block_1_109' title="bbox 1882 5131 3455 5215">
    <p class='ocr_par' dir='ltr' id='par_1_109' title="bbox 1882 5131 3455 5215">
     <span class='ocr_line' id='line_1_113' title="bbox 1882 5131 3455 5215; baseline -0.008 -21"><span class='ocrx_word' id='word_1_815' title='bbox 1882 5131 2317 5215; x_wconf 49' lang='lat' dir='ltr'><strong>tight&#39;Seldenus</strong></span> <span class='ocrx_word' id='word_1_816' title='bbox 2369 5131 2612 5215; x_wconf 43' lang='lat' dir='ltr'><strong>de‘piis‘</strong></span> <span class='ocrx_word' id='word_1_817' title='bbox 2650 5135 2803 5215; x_wconf 73' lang='lat' dir='ltr'><strong>Syris</strong></span> <span class='ocrx_word' id='word_1_818' title='bbox 2851 5133 3133 5215; x_wconf 57' lang='grc' dir='ltr'><strong>Ξγιιιξξβιιιἶ</strong></span> <span class='ocrx_word' id='word_1_819' title='bbox 3186 5148 3223 5196; x_wconf 89' lang='grc' dir='ltr'>ι,</span> <span class='ocrx_word' id='word_1_820' title='bbox 3264 5143 3318 5212; x_wconf 78' lang='lat' dir='ltr'><strong>p_.</strong></span> <span class='ocrx_word' id='word_1_821' title='bbox 3365 5131 3455 5215; x_wconf 53' lang='lat'><strong>91:3,</strong></span> 
     </span>
    </p>
   </div>
   <div class='ocr_carea' id='block_1_110' title="bbox 1878 5201 3458 5279">
    <p class='ocr_par' dir='ltr' id='par_1_110' title="bbox 1878 5201 3458 5279">
     <span class='ocr_line' id='line_1_114' title="bbox 1878 5201 3458 5279; baseline -0.006 -16"><span class='ocrx_word' id='word_1_822' title='bbox 1878 5201 2030 5279; x_wconf 82' lang='lat' dir='ltr'><strong>cujus</strong></span> <span class='ocrx_word' id='word_1_823' title='bbox 2074 5207 2248 5279; x_wconf 83' lang='lat' dir='ltr'><strong>locum</strong></span> <span class='ocrx_word' id='word_1_824' title='bbox 2303 5203 2534 5274; x_wconf 30' lang='lat' dir='ltr'><strong>protulit.</strong></span> <span class='ocrx_word' id='word_1_825' title='bbox 2569 5201 2851 5257; x_wconf 78' lang='lat' dir='ltr'><strong>Fabricius</strong></span> <span class='ocrx_word' id='word_1_826' title='bbox 2893 5201 2946 5257; x_wconf 90' lang='lat' dir='ltr'><strong>in</strong></span> <span class='ocrx_word' id='word_1_827' title='bbox 2987 5201 3338 5257; x_wconf 81' lang='lat' dir='ltr'><strong>Testimoniis</strong></span> <span class='ocrx_word' id='word_1_828' title='bbox 3389 5201 3458 5254; x_wconf 91' lang='lat' dir='ltr'><strong>de</strong></span> 
     </span>
    </p>
   </div>
   <div class='ocr_carea' id='block_1_111' title="bbox 1876 5277 2186 5336">
    <p class='ocr_par' dir='ltr' id='par_1_111' title="bbox 1876 5277 2186 5336">
     <span class='ocr_line' id='line_1_115' title="bbox 1876 5277 2186 5336; baseline -0.029 -1"><span class='ocrx_word' id='word_1_829' title='bbox 1876 5277 2186 5336; x_wconf 81' lang='lat' dir='ltr'><strong>Philastrio.</strong></span> 
     </span>
    </p>
   </div>
   <div class='ocr_carea' id='block_1_112' title="bbox 1973 5338 3452 5417">
    <p class='ocr_par' dir='ltr' id='par_1_112' title="bbox 1973 5338 3452 5417">
     <span class='ocr_line' id='line_1_116' title="bbox 1973 5338 3452 5417; baseline -0.007 -16"><span class='ocrx_word' id='word_1_830' title='bbox 1973 5347 2030 5417; x_wconf 81' lang='grc' dir='ltr'><strong>η)</strong></span> <span class='ocrx_word' id='word_1_831' title='bbox 2063 5345 2188 5417; x_wconf 55' lang='lat' dir='ltr'><strong>Eat.</strong></span> <span class='ocrx_word' id='word_1_832' title='bbox 2206 5345 2276 5417; x_wconf 91' lang='lat' dir='ltr'><strong>ad_</strong></span> <span class='ocrx_word' id='word_1_833' title='bbox 2293 5343 2551 5417; x_wconf 78' lang='lat' dir='ltr'><strong>Pbilastr.</strong></span> <span class='ocrx_word' id='word_1_834' title='bbox 2574 5357 2695 5411; x_wconf 88' lang='lat' dir='ltr'><strong>cap.</strong></span> <span class='ocrx_word' id='word_1_835' title='bbox 2718 5343 2814 5417; x_wconf 62' lang='lat' dir='ltr'><strong>LM</strong></span> <span class='ocrx_word' id='word_1_836' title='bbox 2832 5351 2946 5394; x_wconf 88' lang='lat' dir='ltr'><strong>not.</strong></span> <span class='ocrx_word' id='word_1_837' title='bbox 2969 5341 3034 5394; x_wconf 90' lang='lat' dir='ltr'><strong>Ut</strong></span> <span class='ocrx_word' id='word_1_838' title='bbox 3057 5341 3128 5392; x_wconf 88' lang='lat' dir='ltr'><strong>ait</strong></span> <span class='ocrx_word' id='word_1_839' title='bbox 3174 5338 3452 5417; x_wconf 60' lang='lat' dir='ltr'><strong>Hesiodus.</strong></span> 
     </span>
    </p>
   </div>
   <div class='ocr_carea' id='block_1_113' title="bbox 1969 5408 3372 5481">
    <p class='ocr_par' dir='ltr' id='par_1_113' title="bbox 1969 5408 3372 5481">
     <span class='ocr_line' id='line_1_117' title="bbox 1969 5408 3372 5481; baseline -0.008 -11"><span class='ocrx_word' id='word_1_840' title='bbox 1969 5408 2022 5481; x_wconf 57' lang='grc' dir='ltr'><strong>οἳ</strong></span> <span class='ocrx_word' id='word_1_841' title='bbox 2062 5414 2179 5467; x_wconf 85' lang='lat' dir='ltr'><strong>Vid.</strong></span> <span class='ocrx_word' id='word_1_842' title='bbox 2212 5413 2278 5467; x_wconf 85' lang='lat' dir='ltr'><strong>ad</strong></span> <span class='ocrx_word' id='word_1_843' title='bbox 2301 5428 2418 5481; x_wconf 89' lang='lat' dir='ltr'><strong>cap.</strong></span> <span class='ocrx_word' id='word_1_844' title='bbox 2443 5413 2537 5467; x_wconf 91' lang='grc'><strong>111</strong></span> <span class='ocrx_word' id='word_1_845' title='bbox 2572 5408 2687 5466; x_wconf 77' lang='lat' dir='ltr'><strong>not.</strong></span> <span class='ocrx_word' id='word_1_846' title='bbox 2717 5409 2802 5466; x_wconf 80' lang='lat' dir='ltr'><strong>Ea:</strong></span> <span class='ocrx_word' id='word_1_847' title='bbox 2826 5427 2943 5481; x_wconf 85' lang='lat' dir='ltr'><strong>rege</strong></span> <span class='ocrx_word' id='word_1_848' title='bbox 2969 5426 3189 5480; x_wconf 86' lang='lat' dir='ltr'><strong>pagano.</strong></span> <span class='ocrx_word' id='word_1_849' title='bbox 3222 5408 3372 5462; x_wconf 82' lang='lat' dir='ltr'><strong>Ent&#39;r.</strong></span> 
     </span>
    </p>
   </div>
   <div class='ocr_carea' id='block_1_114' title="bbox 1967 5482 2823 5557">
    <p class='ocr_par' dir='ltr' id='par_1_114' title="bbox 1967 5482 2823 5557">
     <span class='ocr_line' id='line_1_118' title="bbox 1967 5482 2823 5557; baseline 0 -22"><span class='ocrx_word' id='word_1_850' title='bbox 1967 5482 2021 5557; x_wconf 84' lang='grc' dir='ltr'><strong>ρ)</strong></span> <span class='ocrx_word' id='word_1_851' title='bbox 2059 5482 2376 5557; x_wconf 73' lang='lat' dir='ltr'><strong>Supradicto</strong></span> <span class='ocrx_word' id='word_1_852' title='bbox 2404 5497 2523 5557; x_wconf 80' lang='lat' dir='ltr'><strong>cap.</strong></span> <span class='ocrx_word' id='word_1_853' title='bbox 2560 5483 2682 5557; x_wconf 70' lang='lat' dir='ltr'><strong>lli.</strong></span> <span class='ocrx_word' id='word_1_854' title='bbox 2777 5489 2823 5557; x_wconf 44' lang='grc' dir='ltr'>ης</span> 
     </span>
    </p>
   </div>
   <div class='ocr_carea' id='block_1_115' title="bbox 1945 5546 3456 5625">
    <p class='ocr_par' dir='ltr' id='par_1_115' title="bbox 1945 5546 3456 5625">
     <span class='ocr_line' id='line_1_119' title="bbox 1945 5546 3456 5625; baseline -0.005 -19"><span class='ocrx_word' id='word_1_855' title='bbox 2060 5546 2306 5625; x_wconf 73' lang='lat' dir='ltr'><strong>Paganos</strong></span> <span class='ocrx_word' id='word_1_856' title='bbox 2323 5567 2425 5625; x_wconf 70' lang='lat' dir='ltr'><strong>pro</strong></span> <span class='ocrx_word' id='word_1_857' title='bbox 2444 5551 2636 5625; x_wconf 74' lang='lat' dir='ltr'><strong>ercis</strong></span> <span class='ocrx_word' id='word_1_858' title='bbox 2663 5549 2940 5625; x_wconf 65' lang='lat' dir='ltr'><strong>intelligia</strong></span> <span class='ocrx_word' id='word_1_859' title='bbox 2957 5546 3247 5625; x_wconf 72' lang='lat' dir='ltr'><strong>Pbilastrio</strong></span> <span class='ocrx_word' id='word_1_860' title='bbox 3268 5546 3456 5599; x_wconf 82' lang='lat' dir='ltr'><strong>obser-</strong></span> 
     </span>
    </p>
   </div>
   <div class='ocr_carea' id='block_1_116' title="bbox 1873 5616 3453 5689">
    <p class='ocr_par' dir='ltr' id='par_1_116' title="bbox 1873 5616 3453 5689">
     <span class='ocr_line' id='line_1_120' title="bbox 1873 5616 3453 5689; baseline -0.008 -9"><span class='ocrx_word' id='word_1_861' title='bbox 1873 5616 2164 5680; x_wconf 54' lang='lat' dir='ltr'><strong>vasiiidem</strong></span> <span class='ocrx_word' id='word_1_862' title='bbox 2218 5616 2495 5676; x_wconf 62' lang='lat' dir='ltr'><strong>Fabricius</strong></span> <span class='ocrx_word' id='word_1_863' title='bbox 2516 5623 2579 5675; x_wconf 81' lang='lat' dir='ltr'><strong>ad</strong></span> <span class='ocrx_word' id='word_1_864' title='bbox 2625 5633 2743 5689; x_wconf 83' lang='lat' dir='ltr'><strong>cap.</strong></span> <span class='ocrx_word' id='word_1_865' title='bbox 2803 5616 2926 5682; x_wconf 77' lang='grc'><strong>113,</strong></span> <span class='ocrx_word' id='word_1_866' title='bbox 2966 5631 3080 5689; x_wconf 69' lang='lat' dir='ltr'><strong>nm.</strong></span> <span class='ocrx_word' id='word_1_867' title='bbox 3127 5616 3208 5667; x_wconf 84' lang='lat' dir='ltr'><strong>Ad</strong></span> <span class='ocrx_word' id='word_1_868' title='bbox 3242 5632 3453 5689; x_wconf 46' lang='lat' dir='ltr'><strong>grrccos,</strong></span> 
     </span>
    </p>
   </div>
   <div class='ocr_carea' id='block_1_117' title="bbox 1876 5683 3462 5764">
    <p class='ocr_par' dir='ltr' id='par_1_117' title="bbox 1876 5683 3462 5764">
     <span class='ocr_line' id='line_1_121' title="bbox 1876 5683 3462 5764; baseline -0.009 -14"><span class='ocrx_word' id='word_1_869' title='bbox 1876 5696 1967 5750; x_wconf 88' lang='lat' dir='ltr'><strong>ubi</strong></span> <span class='ocrx_word' id='word_1_870' title='bbox 1979 5695 2157 5756; x_wconf 83' lang='lat' dir='ltr'><strong>decet,</strong></span> <span class='ocrx_word' id='word_1_871' title='bbox 2178 5693 2256 5764; x_wconf 79' lang='lat' dir='ltr'><strong>sic</strong></span> <span class='ocrx_word' id='word_1_872' title='bbox 2277 5692 2350 5746; x_wconf 88' lang='lat' dir='ltr'><strong>ibi</strong></span> <span class='ocrx_word' id='word_1_873' title='bbox 2367 5683 2708 5764; x_wconf 78' lang='lat' dir='ltr'><strong>Pbilastrinm</strong></span> <span class='ocrx_word' id='word_1_874' title='bbox 2723 5701 2939 5764; x_wconf 67' lang='lat' dir='ltr'><strong>sumere</strong></span> <span class='ocrx_word' id='word_1_875' title='bbox 2954 5685 3158 5764; x_wconf 50' lang='grc' dir='ltr'><strong>(ἔξωροι</strong></span> <span class='ocrx_word' id='word_1_876' title='bbox 3173 5683 3462 5764; x_wconf 68' lang='lat' dir='ltr'><strong>pranga-</strong></span> 
     </span>
    </p>
   </div>
   <div class='ocr_carea' id='block_1_118' title="bbox 1876 5752 3468 5830">
    <p class='ocr_par' dir='ltr' id='par_1_118' title="bbox 1876 5752 3468 5830">
     <span class='ocr_line' id='line_1_122' title="bbox 1876 5752 3468 5830; baseline -0.003 -13"><span class='ocrx_word' id='word_1_877' title='bbox 1876 5752 2259 5830; x_wconf 35' lang='lat' dir='ltr'><strong>nis,quom_odo</strong></span> <span class='ocrx_word' id='word_1_878' title='bbox 2272 5777 2437 5830; x_wconf 88' lang='lat' dir='ltr'><strong>supra</strong></span> <span class='ocrx_word' id='word_1_879' title='bbox 2454 5763 2603 5829; x_wconf 79' lang='lat' dir='ltr'><strong>cap.l</strong></span> <span class='ocrx_word' id='word_1_880' title='bbox 2621 5764 2643 5815; x_wconf 91' lang='grc'><strong>1</strong></span> <span class='ocrx_word' id='word_1_881' title='bbox 2661 5757 2957 5830; x_wconf 82' lang='lat' dir='ltr'><strong>l,Paganos</strong></span> <span class='ocrx_word' id='word_1_882' title='bbox 2972 5754 3109 5810; x_wconf 74' lang='lat' dir='ltr'><strong>dixit</strong></span> <span class='ocrx_word' id='word_1_883' title='bbox 3127 5768 3224 5822; x_wconf 84' lang='lat' dir='ltr'><strong>pro</strong></span> <span class='ocrx_word' id='word_1_884' title='bbox 3245 5752 3468 5828; x_wconf 62' lang='lat' dir='ltr'><strong>Grecis.</strong></span> 
     </span>
    </p>
   </div>
   <div class='ocr_carea' id='block_1_119' title="bbox 1949 5825 2876 5906">
    <p class='ocr_par' dir='ltr' id='par_1_119' title="bbox 1949 5825 2876 5906">
     <span class='ocr_line' id='line_1_123' title="bbox 1949 5825 2876 5906; baseline 0.011 -19"><span class='ocrx_word' id='word_1_885' title='bbox 1949 5825 2019 5906; x_wconf 69' lang='grc' dir='ltr'><strong>(τ)</strong></span> <span class='ocrx_word' id='word_1_886' title='bbox 2060 5825 2197 5888; x_wconf 76' lang='lat' dir='ltr'><strong>Hist.</strong></span> <span class='ocrx_word' id='word_1_887' title='bbox 2233 5825 2377 5888; x_wconf 82' lang='lat' dir='ltr'><strong>Eccl.</strong></span> <span class='ocrx_word' id='word_1_888' title='bbox 2410 5825 2608 5901; x_wconf 85' lang='lat' dir='ltr'><strong>Script.</strong></span> <span class='ocrx_word' id='word_1_889' title='bbox 2638 5836 2690 5899; x_wconf 78' lang='grc' dir='ltr'><strong>ρ.</strong></span> <span class='ocrx_word' id='word_1_890' title='bbox 2725 5828 2876 5896; x_wconf 78' lang='grc'><strong>1⁸76;⁴</strong></span> 
     </span>
    </p>
   </div>
  </div>
