3918 6444
436 348 578 405 1085

1629 356 1939 415 SANCTUS
1975 356 2448 415 PHILASTBIUS.

3510 358 3674 433 ,tost
3725 339 3729 342 ’

435 460 651 524 Scripsi!
682 461 867 535 librum
898 464 959 517 de
1007 464 1315 545 Ha'resibus,
1359 469 1411 522 in
1442 484 1541 540 quo
1587 470 1866 525 Catholica:
1908 487 1997 525 ve.
2027 474 2073 531 Α
2101 472 2281 536 deicis,
2333 472 2592 528 Bassania
2629 474 2831 527 nomine
2870 473 3163 545 insignitum
3206 472 3528 539 Ertsroutt,
3570 489 3675 527 una

432 545 598 603 ritalis
648 558 870 607 amorem
900 555 1083 625 ubique
1128 541 1329 626 spir‘at;
1365 559 1623 627 judicium
1673 576 1791 615 vero
1836 563 2004 620 minus

431 652 729 696 accuratum
766 647 951 716 crepitu
978 649 1167 718 prodit,
1201 648 1325 701 dum
1372 648 1645 704 hwresibus
1671 663 1899 706 accenset
1944 670 2003 707 ea

429 734 686 802 dogmata,
722 738 836 807 quae
888 756 945 791 eo
972 742 1177 794 nomine
1206 742 1375 794 notari
1422 742 1629 796 minime
1661 744 2000 799 merebantur.

434 824 561 879 Hzcc
603 826 794 881 eadem
846 839 929 884 est
958 834 1251 898 accusatio,
1306 834 1457 902 cujus
1500 833 1843 890 Philastrimn
1876 837 2005 891 insi-

434 915 601 968 mulat
657 915 939 985 Dupinins,
990 926 1051 974 ut
1098 936 1260 990 supra
1308 924 1539 977 vidimus
1590 925 1684 995 (a);
1719 906 2003 995 propterea

434 1021 541 1059 non
562 1020 697 1073 opus
725 1016 844 1084 est,_
860 1024 980 1077 quin
1005 1011 1078 1065 ibi
1124 1012 1377 1078 diximus,
1419 1017 1519 1070 hoc
1548 1018 1664 1071 loco
1693 1018 1884 1073 iterum
1920 1035 2005 1089 re-

440 1110 662 1165 ponere.
713 1095 937 1152 Constat
971 1110 1147 1156 autem
1177 1116 1360 1172 aperte
1389 1122 1467 1174 ,ω
1497 1107 1772 1177 hucusque
1823 1110 2002 1177 dictis,

433 1200 596 1255 qnam
636 1187 925 1252 immerito,
960 1206 1026 1243 ne
1069 1192 1241 1247 dicam
1276 1203 1545 1264 proterve,
1576 1195 1844 1266 .losephus
1876 1189 2019 1255 Sea?

436 1275 570 1344 liger
602 1277 994 1344 intereadicta,
1020 1297 1137 1348 qua:
1154 1282 1489 1355 Scaligcrana
1520 1296 1778 1342 vocantur
1810 1289 1909 1359 (ὁ),
1931 1290 2004 1345 ita

435 1365 502 1419 de
550 1366 843 1422 Philastrio
878 1372 1186 1437 pronuntiet

438 1472 557 1512 cum
589 1468 666 1513 tot
704 1459 881 1515 doctis
913 1462 1061 1528 viris,
1104 1464 1267 1519 immo
1291 1468 1388 1536 ipsi
1417 1469 1712 1537 Augustino
1736 1471 2005 1526 Philastrii

439 1550 578 1603 liber
610 1561 755 1603 tanto
780 1554 897 1605 usui
932 1553 1111 1608 fuerit.
1151 1554 1413 1613 Cancrum
1436 1560 1673 1630 Scaliger
1694 1562 2006 1631 jamdudum

439 1638 726 1692 Philastrio
754 1652 947 1708 Sponte
973 1659 1091 1708 sua,
1118 1654 1209 1697 aut
1239 1647 1412 1713 potius
1432 1651 1661 1717 quodam
1685 1652 1848 1706 animi
1880 1654 2006 1707 vitio

440 1742 556 1785 erat
588 1731 857 1798 infensus,
888 1744 944 1788 ttt
970 1736 1165 1805 cuique
1212 1736 1495 1793 Elcnchum
1539 1740 1831 1799 Triliwresii
1866 1744 2007 1801 illius

1230 1391 1243 1426 :
1292 1372 1599 1429 Philastrius
1648 1378 1780 1433 nihil
1830 1381 2004 1446 ualet;
2048 1402 2053 1407 '

2107 577 2221 614 cum
2240 554 2421 616 Jacoai
2452 565 2712 618 Apost-ou
2731 562 2993 617 Episrou
3013 562 3368 633 deprehendit.
3386 564 3527 617 Sane
3551 575 3673 615 cum

2109 652 2222 704 haec
2255 652 2523 720 legissem,
2567 652 2845 707 confestim
2892 668 2994 707 ms.
3036 653 3378 708 Pbilastriu‘m
3428 650 3677 708 Corbcitn

2106 743 2495 813 deprehensum
2517 745 2578 798 iri
2608 760 2701 813 pro
2722 756 2871 799 certo
2891 744 3047 798 habui
3073 748 3223 809 ;cum
3247 745 3388 799 enim
3412 743 3465 813 in
3495 758 3562 799 eo
3582 759 3679 798 νο-
3742 783 3751 789 -

2105 834 2307 888 lumine
2346 844 2539 903 praeter
2566 835 2809 889 Latinam
2841 832 3089 887 Barnabas
3124 833 3375 904 Epistolas
3412 831 3679 901 Interpre-

2105 925 2533 994 tationem,quam
2556 941 2620 979 ex
2647 924 2958 980 Corbeiensi
2976 924 3099 980 eod.
3126 924 3343 978 Parisiis
3371 938 3511 978 anno
3539 923 3678 979 1645

2106 1012 2331 1082 vulgavit
2350 1013 2658 1078 Menardus,
2678 1014 2930 1067 nonnulla
2946 1012 3047 1065 alia
3062 1011 3260 1067 diversi
3275 1013 3487 1082 generis
3499 1012 3675 1081 Opus-

2104 1102 2226 1156 cula
2255 1103 2598 1165 haberentur,
2630 1103 2783 1157 facile
2811 1102 3048 1157 intellexi
3103 1104 3243 1156 inter
3266 1118 3328 1157 ea
3356 1104 3516 1158 etiam
3553 1103 3679 1158 Phi-

2104 1193 2280 1249 lastrii
2326 1194 2522 1248 librum
2563 1194 2627 1248 de
2682 1192 2973 1247 Iliensibus
3024 1192 3360 1248 delitescere.
3415 1192 3677 1248 Videbam

2107 1293 2365 1353 praeterea
2423 1292 2533 1340 tum
2578 1299 2609 1338 a
2663 1282 3030 1354 Papebroehio
3085 1284 3136 1338 in
3187 1284 3333 1337 Actis
3381 1282 3480 1338 SS.
3530 1282 3679 1338 Junii

2107 1383 2237 1427 tom.
2264 1373 2327 1439 ll,
2358 1389 2410 1443 p.
2438 1373 2564 1438 457,
2597 1384 2708 1427 tum
2737 1374 2900 1429 etiam
2929 1389 2957 1426 a
2991 1373 3237 1428 Fabricio
3272 1372 3324 1426 in
3357 1371 3680 1427 Prwl‘atione

2106 1462 2172 1515 ad
2224 1462 2588 1527 Philastrium,
2642 1462 3028 1517 Corbeiensem
3066 1461 3306 1517 codicem
3349 1460 3575 1524 laudari,
3624 1471 3682 1516 ut

2109 1564 2268 1618 supra
2290 1550 2523 1604 diximus
2540 1549 2644 1620 (ἡ),
2667 1561 2934 1619 tamquam
2960 1551 3011 1603 in
3038 1564 3105 1605 eo
3126 1550 3290 1604 latina
3312 1550 3401 1604 illa
3423 1550 3684 1603 Barnabas

2113 1637 2362 1709 Epistolis
2414 1639 2800 1708 lnterpretatio,
2853 1639 3092 1695 auctoris
3142 1643 3357 1693 nomine
3400 1640 3680 1705 destituta,

2110 1731 2402 1785 Philastrio
2433 1731 2798 1797 tribueretur;
2838 1731 2891 1785 in
2917 1746 3021 1801 quo
3061 1730 3186 1785 licet
3228 1741 3453 1798 uterque
3477 1742 3507 1781 a
3552 1736 3699 1782 vero

438 1822 672 1875 auctoris
730 1824 947 1878 adeunti
982 1827 1265 1881 manifeste
1312 1830 1533 1897 patebit,
1590 1834 1639 1886 in
1701 1850 1805 1903 quo
1854 1837 2003 1906 plura

2113 1822 2387 1875 aberraret
2406 1822 2882 1891 quamplurimum,
2910 1828 3069 1889 atque
3095 1818 3235 1872 aliud
3268 1835 3364 1887 pro
3391 1817 3498 1871 alio
3526 1816 3684 1873 nobis

438 1910 726 1966 Philastrio
752 1912 936 1981 objicit
964 1931 1065 1983 qua
1108 1916 1253 1983 jure,
1280 1933 1380 1987 qua
1414 1919 1602 1989 injuria
1628 1940 1641 1987 ;
1682 1934 1839 1993 atque
1868 1926 2007 1981 inter

440 2003 568 2069 alia,
599 2004 739 2074 quod
764 2007 905 2061 nulla
928 2008 1064 2076 apud
1092 2024 1227 2063 eum
1244 2011 1442 2065 mentio
1462 2014 1527 2066 sit
1557 2022 1655 2068 τῶν
1676 2017 1806 2093 ὑπὲρ
1825 2026 2009 2094 νεκρῶν

444 2096 853 2169 βηαπτιζομένων,
891 2112 1119 2154 mortuos
1150 2101 1515 2171 baptizatttium
1535 2104 1646 2173 -(c);
1680 2121 1799 2158 cum
1831 2117 2006 2161 tamen

442 2188 643 2243 diserte
664 2190 1006 2255 Pbilaslrins,
1039 2194 1126 2247 tibi
1155 2196 1263 2261 agit
1292 2195 1357 2247 de
1378 2196 1565 2249 haeresi
1588 2194 2022 2268 Catapbrygum,.

448 2278 563 2331 lla-c
594 2277 788 2333 habeat
818 2280 896 2351 (ά)
923 2298 936 2333 :
964 2279 1038 2333 Hi
1059 2291 1285 2337 mortuos
1306 2283 1592 2351 baptizant;
1626 2286 1765 2355 qttod
1795 2287 2006 2355 quidem

444 2370 719 2423 annotavit
750 2369 1028 2425 Fabricius
1059 2371 1146 2442 (ρ),
1195 2384 1245 2427 et
1273 2382 1396 2427 ante
1419 2360 1723 2430 Fabricium
1754 2376 2007 2431 observa-

447 2470 573 2515 runt
602 2462 1088 2533 Magdeburgenses
1118 2465 1211 2536 (Ῑ).
1242 2465 1345 2521 Sed
1377 2478 1653 2537 postquam
1699 2469 1766 2523 de
1803 2469 2010 2525 Philas-

448 2553 551 2605 trio
578 2555 728 2617 satis,
754 2553 865 2621 jam
902 2555 970 2610 de
1023 2556 1335 2611 Corbeiensi
1374 2557 1649 2613 Philastrii
1696 2575 1798 2615 ms.
1857 2562 2011 2618 nobis

441 2645 707 2713 agendum
765 2656 888 2709 est,
948 2648 1099 2716 cujus
1155 2651 1316 2704 varia:
1370 2651 1674 2717 lectiones,
1734 2661 2007 2721 tamquam

448 2738 677 2804 pretiosa
729 2740 1008 2805 mantissa,
1062 2740 1185 2796 huic
1235 2750 1433 2797 nostrae
1485 2743 1705 2798 editioni
1758 2757 2005 2799 accesse-

449 2839 592 2881 runt.

520 2957 548 3028 §
584 2958 671 3013 lll.
712 2959 789 3015 De
813 2978 909 3035 ms.
937 2962 1246 3030 Corbeiensi,
1274 2975 1323 3019 et
1347 2966 1777 3022 entendationibus
1797 2984 1862 3022 ea:
1884 2964 1942 3022 eo

1077 3056 1351 3123 desumptis
1367 3094 1381 3109 .

2110 1912 2441 1973 obtruderet.
2469 1925 2592 1964 cum
2626 1925 2726 1964 nec
2755 1908 3038 1963 Menardus
3062 1907 3153 1977 qui
3192 1906 3431 1961 codicem
3480 1908 3531 1960 in
3564 1920 3683 1960 ma-

2110 2005 2265 2058 nibus
2293 2002 2496 2067 habuit,
2544 2016 2643 2056 nec
2671 2001 2914 2066 Vossius,
2952 2009 3042 2055 aut
3085 1998 3387 2055 Cotelerius
3422 1997 3686 2052 Barnabas

2113 2092 2366 2160 Epistula:
2393 2091 2661 2153 editores,
2690 2089 3190 2161 Interpretationem
3223 2089 3362 2143 illam
3380 2088 3687 2156 ,Pbilastrio

2111 2181 2345 2234 tribuere
2375 2194 2604 2248 umquam
2632 2181 3011 2249 cogitaverim;
3033 2189 3212 2251 tamen
3231 2180 3394 2234 etiam
3418 2180 3529 2234 haec
3552 2194 3686 2248 qua-

2110 2272 2406 2337 liscumque
2430 2270 2645 2323 demum
2682 2269 3034 2338 l’apebrochii
3072 2280 3125 2323 et
3171 2267 3399 2323 Fabricii
3431 2270 3683 2334 assertio,

2110 2359 2311 2429 aliquid
2340 2360 2392 2412 in
2421 2374 2487 2413 eo
2513 2358 2700 2414 codice
2728 2370 2947 2414 exstare
2974 2359 3274 2419 indicabat.
3307 2358 3445 2428 quod
3476 2358 3689 2412 Philas-

2111 2454 2267 2506 trium
2305 2460 2578 2505 auctorem
2624 2458 2961 2519 agnosceret.
2990 2448 3187 2521 itaque
3216 2457 3349 2502 vota-
3376 2462 3517 2511 mea,
3549 2449 3691 2517 peti-

2110 2544 2387 2610 tionesque
2405 2542 2672 2595 continuo
2684 2539 2965 2594 Corbeiam
2990 2539 3190 2602 direxi,
3214 2548 3273 2591 ut
3296 2550 3396 2592 ms.
3422 2537 3569 2591 illius
3590 2552 3689 2592 no-

2112 2632 2227 2685 titia
2258 2632 2386 2685 mihi
2415 2631 2635 2685 certior.
2670 2644 2733 2682 ac
2758 2627 2912 2698 c0pia
2946 2628 3121 2691 ﬁeret,
3149 2642 3332 2682 verum
3365 2627 3688 2682 Pbilastrius

2113 2721 2308 2774 frustra
2328 2718 2575 2774 Corbeia:
2600 2718 2959 2786 quzerebatur,
2980 2716 3291 2785 jamdudum
3319 2716 3461 2771 enim
3487 2715 3540 2768 in
3573 2715 3688 2769 Mo-

2116 2811 2407 2865 nasterium
2436 2809 2738 2863 Parisiense
2763 2806 2822 2862 S.
2845 2807 3096 2861 Germani
3121 2822 3149 2859 a
3175 2805 3348 2860 Pratis
3363 2806 3689 2874 commigra-

2115 2912 2282 2967 vcrat,
2313 2900 2466 2970 cujus
2502 2899 2734 2954 cmnobii
2760 2896 3000 2952 hlonacbi
3042 2897 3235 2950 librum
3271 2910 3301 2949 a
3339 2893 3687 2950 Corbeiensi—

2116 2995 2215 3047 bus
2268 2993 2436 3046 multo
2490 3001 2646 3045 antea
2695 2989 3034 3044 commodata
3086 2994 3425 3054 acceperant.
3479 2983 3689 3052 Monuit

2114 3084 2329 3152 quidem
2375 3086 2445 3138 el.
2496 3084 2581 3137 vir
2607 3082 2789 3151 Scipio
2824 3079 3084 3144 Mall'eius,
3109 3078 3342 3146 Epistula
3368 3076 3435 3129 ad
3468 3092 3553 3131 me
3584 3077 3689 3133 Pa-

519 3184 607 3239 20.
626 3184 1011 3241 Ms.Philastrii
1038 3188 1276 3244 codicem
1302 3189 1505 3257 jamdiu
1532 3191 1862 3245 eruditorum
1885 3166 2006 3244 vota

2114 3177 2235 3229 risis
2261 3176 2383 3229 data
2429 3191 2516 3228 an.
2550 3175 2689 3229 1755
2717 3173 2871 3227 nonis
2915 3167 3189 3224 Februarii
3240 3170 3337 3239 (i),
3390 3169 3576 3223 haberi
3624 3169 3683 3223 in

449 3277 790 3345 expetebant,
817 3294 1047 3346 eumque
1069 3294 1128 3334 se
1148 3291 1391 3348 rogante,
1419 3279 1473 3334 in
1497 3280 1641 3334 Italia
1667 3285 1858 3335 frustra
1880 3296 2011 3336 con-

447 3368 783 3435 quisitumab
799 3368 991 3421 illustri
1012 3369 1886 3439 viroGisbertoCuperoFabricius
1901 3373 2013 3440 ipse

446 3464 816 3519 testator,cum
834 3457 1099 3512 Pbilastrii
1115 3460 1401 3514 editionem
1424 3456 1847 3530 inoliretur,q'u:e
1864 3462 2014 3515 llam-

447 3546 597 3614 bnrgi
621 3548 810 3614 prodiit
828 3564 970 3603 anno
987 3550 1140 3614 1721;
1160 3566 1325 3618 quare
1338 3554 1576 3619 speomni
1602 3552 1905 3619 frustratus,
1925 3567 2015 3608 so—

444 3639 508 3692 lis
531 3640 856 3695 editionibus
873 3642 970 3696 sibi
992 3643 1241 3697 standum
1262 3643 1448 3709 fuisse,
1469 3645 1673 3698 monuit
1694 3644 2012 3700 Praefatioue

443 3718 617 3781 eidem
668 3729 887 3782 editioni
936 3731 1325 3801 ilamburgeosi
1376 3734 1671 3801 prmmissa.
1726 3734 1835 3801 Ego
1880 3747 2013 3788 vero

447 3821 535 3888 qui
568 3821 650 3872 vix
678 3821 802 3873 dum
832 3821 977 3874 edito
1002 3821 1339 3884 Gaudentio,
1366 3837 1557 3875 novam
1590 3822 1861 3875 Philastrii
1903 3822 2016 3876 edi-

451 3908 648 3961 tionem
678 3908 785 3976 jam
822 3915 934 3961 tum
982 3910 1163 3963 animo
1195 3923 1577 3977 conceperam;
1620 3925 1940 3980 quamquam
1983 3926 2011 3964 a

448 4001 518 4055 cl.
560 4000 811 4056 Fabricio
846 4010 1168 4070 praeventus,
1219 4002 1544 4070 propositum
1587 4013 1811 4072 mutare,
1854 4014 2012 4073 atque

447 4092 554 4146 alio
574 4106 731 4145 curas
766 4091 1056 4159 transferre
1085 4107 1230 4146 meas
1259 4092 1581 4163 cogitabam,
1610 4108 1714 4146 non
1739 4102 1915 4147 tamen
1942 4093 2015 4147 id-

448 4186 593 4238 circo
615 4184 680 4237 de
705 4178 978 4237 Phila‘strii
996 4200 1097 4238 ms.
1124 4185 1441 4238 inveniendo
1462 4166 1682 4253 prorsus
1701 4184 2011 4255 desperare,

449 4285 541 4328 ant
568 4275 636 4329 ab
669 4290 736 4329 eo
764 4267 991 4329 ulterius
1027 4275 1201 4329 adhuc
1237 4273 1605 4344 conquirendo
1644 4277 1863 4330 omnino
1895 4291 2013 4331 ces-

370 4360 371 4363 “
449 4381 569 4420 sare
602 4374 864 4433 potemm.
899 4366 1092 4419 Verum
1114 4382 1213 4421 ms.
1248 4366 1514 4422 Philastrli
1544 4366 1708 4422 codex
1738 4376 1846 4421 tum
1873 4365 2011 4435 apud

451 4455 676 4515 Italicas,
695 4462 805 4506 tum
821 4454 961 4521 apud
978 4455 1358 4521 Transalpinas
1370 4456 1729 4511 Bibliothecas
1742 4458 2008 4511 incassum

2117 3265 2433 3320 biblimbeca
2462 3265 2521 3319 S.
2554 3263 2804 3319 Germani
2831 3278 2859 3314 a
2889 3262 3090 3317 Pralris
3114 3278 3215 3315 ms.
3242 3260 3511 3315 Philastrii
3532 3259 3686 3315 codi-

2114 3372 2230 3411 cem
2265 3374 2319 3410 n.
2350 3355 2474 3420 625,
2498 3370 2600 3424 qua
2632 3369 2690 3409 re
2711 3368 2860 3425 spem
2888 3353 3039 3408 nobis
3063 3354 3211 3421 quasi
3234 3361 3436 3407 certam
3459 3351 3681 3418 fecerat,

2113 3450 2338 3504 alterius
2361 3465 2460 3502 ms.
2490 3447 2835 3503 Philastriani
2878 3444 3067 3515 Operis
3096 3444 3146 3497 in
3188 3444 3515 3499 Bibliotheca
3548 3443 3686 3503 San-

2108 3542 2445 3610 germaueusi
2476 3537 2803 3592 inveniendi.
2848 3537 2915 3589 At
2955 3535 3040 3590 hic
3102 3534 3242 3588 idem
3270 3530 3364 3589 ille
3403 3543 3519 3588 erat
3551 3535 3686 3588 Cor-

2116 3632 2349 3688 beiensis
2403 3632 2571 3686 codex
2631 3628 2729 3700 (ut
2770 3643 2894 3682 mox
2952 3626 3290 3696 videbimus)
3338 3642 3495 3697 quem
3541 3626 3683 3680 adeo

2113 3723 2423 3790 expetebam
2449 3735 2652 3788 ;neque
2673 3721 2887 3772 interim
2900 3718 3191 3771 sciscitanti
3223 3717 3352 3775 mihi
3381 3716 3523 3770 aliud
3545 3731 3684 3784 pra:-

2115 3819 2258 3863 terea
2290 3808 2532 3876 responsi
2578 3808 2825 3870 dabatur,
2867 3821 2973 3873 quo
3009 3806 3209 3859 certius
3236 3805 3435 3874 aliquid
3482 3806 3549 3860 de
3582 3806 3684 3860 hoc

2117 3899 2403 3955 Parisiensi
2432 3895 2620 3951 codice
2640 3896 2779 3949 scire
2809 3908 3041 3963 possem.
3071 3893 3232 3964 Igitur
3254 3910 3373 3948 cum
3397 3896 3526 3949 nihil
3557 3910 3685 3966 pro-

2112 3994 2344 4054 ﬁcerem,
2372 4005 2468 4044 nec
2496 3988 2782 4057 quidquam
2817 3986 2942 4039 mihi
2969 3986 3677 4041 suboleretdeCorbeiensis

2113 4084 2233 4140 cod.
2264 4083 2725 4159 in‘blonasterinm
2753 4078 3052 4132 Parisieose
3080 4077 3523 4140 transmissione;
3552 4091 3681 4145 sup-

2115 4178 2282 4249 plices
2334 4177 2541 4231 libellos
2591 4172 2756 4228 detuli
2811 4170 2876 4225 ad
2928 4169 3303 4230 Eminentiss.~
3338 4168 3681 4224 Cardinalem

2112 4270 2415 4338 Quirinum,
2448 4268 2640 4323 Brixia:
2663 4268 2996 4337 episcopum,
3019 4263 3085 4317 ab
3123 4277 3188 4318 eo
3218 4272 3439 4332 petens,
3484 4270 3538 4313 ut
3586 4275 3684 4331 pro

2112 4364 2322 4416 summa
2349 4376 2443 4416 sua
2478 4360 2531 4415 in
2567 4372 2776 4424 omnes,
2810 4356 3108 4427 przesertim
3138 4360 3265 4409 vero
3300 4367 3423 4423 erga
3454 4351 3680 4417 litteras,

2112 4454 2482 4521 litteratosquo
2502 4452 2648 4504 viros
2687 4449 3035 4519 benignitate,
3066 4448 3272 4508 litteras
3302 4444 3529 4499 Parisios
3559 4443 3683 4497 mit-
3744 4496 3747 4499 λ

452 4544 728 4613 quaesitus,
761 4558 1020 4613 nusquam
1052 4546 1341 4612 apparebat
1369 4560 1382 4597 :
1414 4559 1532 4598 cum
1568 4546 1706 4599 inter
1733 4547 2013 4615 legendum
2036 4540 2091 4598 D
2119 4543 2571 4610 leredignaretur,
2591 4548 2749 4609 atque
2768 4539 3022 4594 indecod.
3041 4535 3680 4606 hujusCorbeiensiseer-

450 4634 589 4689 aliud
613 4635 786 4703 agenti
806 4635 957 4700 mihi,
974 4636 1210 4688 occurrit
1226 4635 1511 4695 Admonitio
1529 4635 1743 4690 Larius:
1766 4634 2014 4689 Barnaba:

454 4724 703 4794 Epistola-
717 4722 1135 4796 Interpretationi
1170 4726 1381 4795 praeﬁxa
1409 4734 1555 4780 tomo
1584 4725 1629 4780 ll
1671 4726 2013 4781 Bibliotheca:

454 4815 556 4869 PP.
598 4816 729 4869 edit.
762 4816 1007 4885 Lugdun.
1045 4833 1163 4887 pag.
1196 4818 1283 4881 16,
1309 4818 1395 4873 ubi
1420 4834 1484 4872 ex
1512 4818 1737 4885 quadam
1768 4817 2015 4871 Dacberii

450 4906 674 4974 epistola
698 4907 773 4977 (g)
789 4920 1033 4975 excerpta
1055 4908 1167 4964 haec
1183 4910 1442 4964 habentur
1461 4928 1472 4963 :
1489 4909 1614 4964 Cum
1630 4912 1683 4963 in
1713 4911 2019 4964 PﬂlLASTﬂll

454 5014 682 5053 EPISCOPI
712 4999 1006 5053 Bnmensrs
1030 5003 1259 5056 volumen
1296 5018 1391 5055 tm.
1421 5018 1447 5055 ε
1490 5000 1776 5055 Corbeiemi
1814 5015 2018 5055 monas-

453 5091 580 5142 terio
616 5090 877 5142 incidisset
912 5091 1184 5160 aliquando
1208 5092 1275 5147 R.
1310 5090 1376 5146 P.
1408 5091 1557 5165 Hugo
1590 5088 1892 5157 Menenius,
1919 5090 2016 5142 ibi-

452 5179 566 5232 dem
591 5178 820 5247 proxime
847 5188 958 5243 post
991 5180 1287 5235 EPls'I‘OLAl
1312 5180 1672 5235 Tauranus!
1693 5181 1756 5234 de
1773 5180 1898 5234 cibis
1924 5175 2016 5233 lue

551 5379 607 5447 α)
646 5378 802 5433 Num.
835 5377 918 5433 15.

464 5482 467 5485 -
525 5446 599 5517 (b)
640 5449 765 5517 Pag.
808 5449 930 5511 510,
960 5449 1087 5503 edit.
1119 5446 1306 5502 Colon.

550 5522 597 5583 c)
638 5519 864 5573 Elencb.
892 5519 1119 5573 Triharr.
1146 5534 1264 5587 cap.
1291 5518 1342 5571 t.

530 5588 609 5657 (ά)
647 5589 777 5653 Cap.
808 5588 896 5644 49.

534 5661 605 5793 ξε)
645 5661 942 5737 Testimon.
972 5661 1041 5716 de
1066 5661 1319 5716 Philastr.

562 5734 602 5793 n
640 5730 794 5786 Cent.
824 5731 880 5793 2,
902 5746 1021 5793 cap.
1048 5734 1102 5793 5,
1132 5746 1185 5793 ι).
1206 5732 1293 5787 78.

562 5734 602 5799 fl
640 5730 794 5786 Cent.
824 5731 880 5797 2,
902 5746 1021 5801 cap.
1048 5734 1102 5799 5,
1132 5746 1185 5803 p.
1206 5732 1293 5787 78.

2114 4624 2299 4685 liorem
2365 4631 2519 4683 nobis
2564 4630 2923 4698 cognitionem
2984 4629 3337 4694 notitiamque
3385 4634 3679 4695 expeteret.

2114 4720 2368 4773 Praestitit
2389 4720 2656 4773 cumulate
2685 4718 2768 4772 vir
2793 4732 3031 4772 summus
3052 4758 3067 4783 ,
3099 4725 3257 4784 atque
3286 4716 3682 4771 immortalitate

2092 4814 2325 4880 dignus,
2356 4812 2495 4881 quod
2542 4812 2857 4881 petebatur;
2896 4826 2964 4864 ac
3003 4810 3141 4864 binis
3177 4810 3403 4864 subinde
3441 4808 3681 4878 epistolis

2113 4905 2177 4957 ad
2228 4919 2347 4958 eum
2399 4906 2593 4967 IIIlSSIS,
2643 4904 3021 4957 Corbeiensem
3073 4902 3195 4957 cod.
3244 4903 3298 4955 in
3352 4900 3679 4955 Bibliotheca

2120 4994 2566 5064 Sangermancnsi
2596 4992 2809 5057 haberi,
2835 4993 3067 5063 atquein
3094 5008 3158 5047 eo
3188 4992 3454 5047 Philastrii
3490 4992 3677 5047 librum

2115 5084 2176 5137 de
2203 5083 2501 5137 Hceresibus’
2521 5094 2755 5149 exstare,
2785 5098 2971 5152 magna
3003 5084 3167 5137 animi
3203 5082 3471 5150 Voluptate
3498 5083 3692 5151 percc4

2120 5178 2313 5246 pimus.
2360 5175 2517 5230 Prior
2554 5189 2617 5229 ex
2674 5176 2756 5229 his
2803 5175 3043 5245 epistolis
3083 5174 3146 5229 ad
3186 5173 3680 5229 Entittenlissintum

2188 5376 2265 5447 (gl
2289 5375 2663 5447 Habeturibtec
2687 5374 3177 5447 Da_cherii_cpis‘lo_la
3201 5376 3360 5430 etiam
3383 5375 3539 5447 Tom.
3563 5372 3681 5447 XVI

2116 5444 2463 5501 Bibliotheca:
2491 5446 2716 5500 Maxime
2744 5445 2897 5503 JOan.
2925 5444 2999 5499 de
3021 5447 3068 5498 la
3102 5445 3245 5517 llaye
3273 5458 3397 5501 ante
3426 5444 3683 5501 Barnabze

2118 5517 2437 5586 lipistolam,
2472 5531 2593 5586 pag.
2626 5518 2751 5572 θοι.

2192 5588 2272 5659 (Ιι)
2302 5589 2460 5659 Num.
2490 5588 2577 5659 t5.

2193 5654 2262 5729 (i)'
2292 5658 2481 5714 Exstat
2510 5656 3048 5729 inter'Antiquitales
3078 5654 3331 5729 Qﬂlieas,

2193 5650 2264 5729 ("ii
2292 5658 2481 5714 Exstat
2510 5656 3048 5727 inter'Antiquitates
3078 5654 3331 5721 Gallicas,
3364 5670 3419 5725 p.
3464 5653 3531 5709 76
3551 5692 3566 5721 ,
3594 5650 3685 5706 ubi

2127 5743 2222 5809 per
2250 5743 2509 5796 errorem,
2540 5744 2638 5801 pro
2665 5729 2821 5794 i753,
2850 5727 3040 5796 legitur
3070 5726 3228 5781 i730.
3556 5737 3560 5741 '
