3922 6406
251 363 389 423 1085

1434 363 1495 417 Ρ.
1535 358 1879 418 GALEARDI
1918 356 2304 415 PBEFATIO.

3326 351 3465 411 1086

247 452 591 533 (lardinalcm
622 477 744 533 data
773 478 824 533 iv
842 477 956 543 Kal.
984 478 1308 549 Septembris
1338 492 1478 532 anno
1509 475 1665 542 i736,
1691 475 1804 531 haec
1830 482 1879 543 Α
1904 490 2022 530 cum
2055 475 2121 529 iis
2147 489 2265 545 qua:
2291 480 2583 544 sequuntur
2608 473 2882 528 meliorem
2910 473 2961 525 in
2991 473 3205 528 modum
3227 470 3469 525 restituta

252 570 414 624 habet
437 586 450 623 :
479 567 599 641 J‘ay
629 568 751 643 deja
771 587 833 625 eu
859 567 1122 624 l’ltonneur
1140 567 1203 621 de
1222 567 1436 623 mander
1463 567 1496 621 ὰ
1532 564 1594 619 γ.
1622 563 1692 619 Ε.
1714 581 1810 635 que

241 657 429 735 faunis
461 675 555 741 seu
597 660 728 715 Dom
758 659 989 715 Bernard
1019 660 1081 714 de
1110 658 1447 730 Montfaucon
1471 674 1539 713 att
1581 660 1714 728 sujet
1739 656 1811 711 du

252 753 531 806 rnanuscrit
565 753 629 807 de
668 753 730 809 S.
774 751 1047 807 Philastre.
1090 749 1156 805 Je
1179 767 1301 805 oous
1334 767 1399 821 ay
1428 749 1611 803 mande
1633 763 1808 817 aussy,

252 844 778 916 monseigneur,‘qu’il
802 861 835 915 y
862 860 923 898 en
951 844 1082 898 aeoit
1106 859 1175 897 un
1200 842 1330 896 dans
1358 841 1407 895 la
1434 840 1731 908 biblioteque
1748 836 1812 890 de

252 936 480 1007 l‘abbaye
499 936 562 990 de
590 935 654 992 S.
682 936 929 991 ‘Germain
962 936 1047 1006 qui
1084 936 1228 989 estoit
1267 934 1371 1002 fort
1406 932 1605 997 ancien,
1639 928 1689 984 et
1724 930 1813 999 qui

255 1026 421 1081 oenoit
441 1026 504 1080 de
524 1024 724 1083 Corbie.
741 1025 925 1083 Altera
950 1041 1076 1082 vero
1102 1025 1257 1095 paulo
1274 1032 1398 1095 post
1415 1022 1604 1080 eodem
1626 1034 1812 1076 mense

256 1118 561 1190 Septembri
610 1120 934 1190 conscripta,
985 1118 1120 1173 idem
1164 1116 1273 1171 lere
1314 1115 1454 1186 quod
1501 1115 1664 1183 prior,
1715 1112 1810 1167 scd

256 1208 638 1266 multoetiam
695 1212 907 1267 uberius
949 1208 1267 1264 conﬁrmat:
1312 1204 1366 1261 ll
1405 1206 1732 1259 mimoscritto
1761 1204 1813 1257 di

258 1298 323 1355 S.
351 1298 622 1365 Filastrio,
652 1299 731 1354 cIi'
753 1316 781 1354 e
805 1301 936 1354 nella
961 1298 1159 1353 libraria
1188 1297 1323 1351 della
1348 1296 1496 1351 badia
1520 1296 1575 1349 di
1604 1296 1663 1350 S.
1688 1293 1815 1348 Ger-

258 1404 431 1456 mano,
456 1390 486 1444 ὲ
508 1390 680 1459 quello
703 1395 860 1445 stesso
895 1390 948 1441 di
983 1388 1164 1442 Corbio
1192 1388 1273 1441 del
1293 1388 1441 1457 quale
1459 1388 1503 1440 si
1524 1386 1551 1440 ἑ
1569 1386 1749 1459 servito
1776 1384 1817 1438 il

259 1479 326 1535 P.
357 1480 625 1537 Henardo.
662 1479 856 1535 Comei
878 1478 1038 1535 Padri
1062 1480 1114 1533 di
1139 1477 1322 1535 Corbio
1354 1478 1563 1533 aveaulo
1606 1478 1818 1546 impres-

256 1581 365 1626 tato
394 1589 425 1625 a
449 1568 610 1643 questi
637 1573 859 1639 πίθηαι-ἰ,
885 1573 976 1627 clie
1006 1588 1069 1626 ne
1095 1586 1308 1626 avevano
1340 1571 1393 1623 di
1423 1570 1652 1639 bisogno,
1687 1569 1715 1621 ἑ
1746 1569 1819 1621 ri-

258 1675 422 1719 masto
449 1667 555 1733 qui,
582 1683 607 1721 e
637 1669 685 1721 vi
712 1667 933 1721 rimam‘t
959 1667 1069 1720 sino
1098 1682 1128 1718 a
1162 1664 1253 1719 cite
1282 1666 1326 1718 si
1357 1663 1525 1718 oorrd.
1558 1662 1817 1733 Equidem

257 1758 498 1827 acceptis
531 1758 833 1828 linjusmodi
875 1759 1092 1824 litteris,
1133 1756 1267 1811 haud
1313 1755 1527 1810 modico
1570 1754 1818 1824 perfusus

1906 576 1961 621 et
1984 566 2271 631 distincta;
2303 576 2359 619 ut
2386 564 2545 620 etiam
2571 579 2688 633 cap.
2720 564 2820 618 110
2845 564 2863 634 (
2878 562 2936 635 f)
2957 603 2972 627 ,
2997 562 3090 616 ubi
3110 576 3207 631 pro
3232 564 3474 633 conjunc-

1908 666 2013 710 tttm
2037 655 2177 726 quod
2227 656 2419 726 legitur
2448 655 2500 708 in
2528 652 2849 708 editionibus
2884 652 3101 707 omnino
3143 651 3303 717 male,
3342 650 3474 704 Cor-

1908 746 2144 803 heiensis
2184 746 2354 799 codex
2401 755 2697 812 Opportune
2734 733 2947 812 reponit
2987 741 3303 813 conjugium,
3354 740 3474 794 sine

1909 852 2011 908 qua
2041 835 2416 892 emendatione
2438 835 2584 889 locus
2612 834 2864 887 editionis
2887 829 3300 899 llamburgensis
3325 828 3472 883 nullo

1910 938 2064 998 pacto
2092 926 2318 997 intelligi
2346 936 2546 996 potest.
2573 926 2706 981 Sunt
2740 924 2992 995 pleraque
3020 918 3318 991 liujusmodi
3349 934 3469 989 qua:

1910 1028 2095 1091 aperte
2134 1019 2444 1082 ostendunt,
2494 1032 2654 1087 quam
2696 1014 2960 1070 immerito
2997 1013 3066 1067 cl.
3108 1011 3388 1066 Fabricius
3419 1010 3473 1063 in

1913 1110 2231 1167 Prtel'atione
2272 1109 2687 1179 llanihurgeiisis
2729 1106 2976 1161 editionis
3019 1105 3255 1159 dixerit:
3296 1101 3474 1155 Pauca

1912 1201 2080 1257 adhuc
2115 1210 2230 1256 sunt
2261 1204 2393 1265 loca,
2423 1204 2475 1253 in
2504 1200 2683 1270 quibus
2711 1209 2937 1268 optarem
2968 1197 3129 1250 lucem
3158 1212 3189 1247 a
3218 1194 3475 1247 codicibus

1912 1310 2035 1347 mss.
2065 1308 2185 1348 cum
2224 1303 2303 1348 tot
2344 1294 2618 1362 supersint
2657 1290 2847 1345 menda
2882 1290 2934 1343 in
2983 1302 3043 1343 ea
3072 1286 3327 1347 editione,
3356 1300 3476 1353 quin

1913 1402 2014 1457 ope
2040 1386 2383 1441 Corbeiensis
2410 1401 2513 1440 ms.
2550 1392 2733 1438 sanata
2778 1390 2918 1436 sunt.
2962 1379 3169 1448 Insigne
3216 1390 3373 1446 porro
3394 1382 3479 1429 est

1914 1476 2040 1532 illud
2086 1492 2203 1545 cap.
2236 1476 2337 1530 144
2378 1475 2481 1546 (g),
2512 1475 2717 1528 illorum
2754 1473 2983 1542 priorum
3025 1468 3349 1529 Sanctorum,
3390 1464 3478 1532 qui

1918 1570 2251 1640 Septuaginta
2277 1569 2496 1622 duorum
2532 1567 2648 1621 aliis
2689 1565 2895 1631 modis;
2940 1564 3031 1617 ubi
3070 1560 3279 1615 delectu
3321 1557 3477 1612 unius

1916 1662 2071 1717 lineae
2101 1677 2197 1717 nec
2231 1660 2482 1729 OEilipus
2507 1661 2620 1728 ipse
2648 1658 2774 1729 quid
2804 1656 2965 1712 vellet
2992 1652 3331 1711 Pliilastrius,
3362 1650 3479 1703 sine

1916 1751 2228 1807 Corbeiensi
2251 1750 2648 1814 emendatione,
2668 1748 2877 1817 assequi
2905 1744 3190 1807 valuisset;
3210 1739 3479 1810 quomodo

256 1861 378 1901 sum
416 1846 629 1917 gaudio,
680 1849 819 1919 quod
863 1833 1097 1903 viderem
1153 1848 1509 1916 conjecturam
1549 1860 1721 1899 meam
1750 1842 1816 1898 de
1844 1842 1891 1901 B
1916 1843 2072 1897 etiam
2097 1856 2214 1910 cap.
2250 1839 2352 1894 148
2382 1839 2487 1912 (Ιι),
2516 1840 2567 1893 in
2597 1853 2705 1907 quo
2733 1853 2830 1909 pro
2857 1850 2987 1890 voce
3014 1833 3273 1905 prreputii,
3304 1831 3482 1898 inepte

257 1937 571 1993 Corbeiensi
600 1942 720 1994 cod.
764 1950 870 1994 tam
902 1940 1153 2010 prmclare
1189 1939 1256 1992 ab
1300 1946 1488 1991 eventu
1534 1934 1817 1990 conﬁrma-

261 2038 411 2094 tam;
442 2028 601 2084 simul
629 2033 789 2085 etiam
820 2030 984 2085 subiit
1000 2030 1232 2083 animum
1261 2028 1461 2093 mirari,
1485 2040 1584 2096 qua
1613 2025 1818 2079 ratione

260 2121 458 2175 summi
483 2122 583 2176 viri
629 2122 697 2177 de
722 2122 1030 2177 Corbeiensi
1063 2122 1163 2176 hoc
1197 2121 1318 2176 cod.
1367 2122 1645 2188 loquentes
1683 2117 1819 2170 adeo

261 2208 473 2278 decepti
500 2210 737 2277 fuerint;
768 2213 1060 2281 praesertim
1100 2227 1226 2266 vero
1257 2210 1394 2281 quod
1424 2210 1698 2264 Fabricius
1722 2207 1821 2261 Pa-

265 2301 559 2373 pehrocltio
595 2278 786 2369 ﬁdens,
816 2278 921 2374 qui)
956 2313 1197 2373 tempore
1229 2278 1492 2357 Pliilastrii
1530 2300 1819 2355 editionem

266 2392 509 2463 parabat,
541 2392 610 2448 de
635 2394 945 2449 Corbeiensi
972 2409 1072 2449 ms.
1102 2394 1329 2449 certiora
1357 2393 1607 2456 scrutari,
1638 2397 1729 2443 aut
1755 2390 1823 2442 ab

266 2498 333 2539 ro
362 2483 572 2553 aliquod
600 2484 699 2537 sibi
725 2484 1018 2538 subsidium
1059 2492 1239 2552 petere
1269 2482 1577 2551 neglexerit.
1615 2480 1823 2533 Interea

272 2580 599 2646 prepositum
633 2593 821 2646 urgere
852 2592 953 2630 non
982 2576 1182 2641 destiti,
1209 2591 1271 2630 ac
1309 2574 1588 2630 Variantes
1612 2572 1823 2627 Lectio-

270 2683 369 2723 nes
394 2668 633 2738 ejusdem
662 2683 761 2721 ms.
805 2667 1030 2721 subinde
1086 2680 1335 2736 poscere,
1380 2663 1690 2732 interposita
1722 2663 1822 2715 ite-

271 2776 391 2816 rum
440 2759 859 2815 Eminentissimi
899 2758 1183 2816 cardinalis
1234 2756 1434 2822 Quirini
1479 2753 1821 2817 auctoritate;

274 2853 363 2908 liic
394 2868 519 2909 vero
544 2853 735 2907 litteris
758 2853 821 2905 ad
851 2849 1295 2906 Montlauconium
1319 2849 1478 2919 datis,
1508 2846 1680 2900 studio
1707 2858 1826 2899 meo

275 2947 520 3015 impense
551 2946 696 3011 lavit,
740 2959 1019 3014 quousque
1055 2943 1213 2997 varia:
1252 2942 1507 2995 lectinnes
1550 2940 1677 3006 ipsa:
1708 2935 1829 2990 dili-

274 3049 462 3107 genter
483 3048 749 3108 excerpta:
777 3036 1052 3091 in'lialiaut
1073 3036 1429 3097 mitterentur,
1453 3048 1568 3101 qua:
1598 3045 1715 3084 cum
1746 3044 1829 3083 sc—

277 3132 390 3187 rius
417 3131 482 3187 ad
514 3145 611 3186 nos
647 3130 1007 3199 pervenerint,
1045 3141 1106 3181 ac
1139 3122 1600 3180 Pliilastrii.ediiio
1642 3120 1828 3174 allecto

1916 1934 2180 1989 editiones
2208 1932 2562 1987 obtrudebant
2589 1938 2839 2000 praecepta
2862 1945 2881 1994 ;
2907 1943 3025 1981 nam
3050 1941 3116 1979 eo
3141 1925 3195 1978 in
3218 1926 3332 1977 loco
3356 1921 3481 1975 Plii-

1918 2025 2132 2082 lastrius
2174 2024 2241 2078 de
2285 2024 2531 2079 Gentium
2576 2033 2724 2092 typo,
2753 2029 2807 2074 et
2841 2018 3148 2074 Judworum
3184 2014 3480 2076 disserens,

1919 2115 2155 2187 prtrputii
2181 2115 2390 2184 quippe,
2423 2122 2469 2165 et
2497 2110 2891 2165 circumcisionis
2914 2106 3208 2161 conveniens
3236 2104 3366 2156 ratio
3402 2102 3484 2156 in-

1919 2202 2227 2254 dubitanter
2266 2198 2581 2267 scripserat,
2625 2195 2701 2249 uti
2747 2204 2893 2248 recte
2943 2190 3103 2245 habet
3144 2189 3305 2244 lectio
3359 2186 3480 2242 cod.

1919 2290 2283 2347 Corbeiensis.
2313 2290 2452 2355 Quin
2496 2287 2670 2341 adhuc
2704 2286 3009 2345 etiamfnon
3053 2296 3218 2349 pauca
3258 2286 3484 2345 restant,

1921 2382 2114 2451 quibus
2142 2379 2491 2434 Corbeiensis
2538 2379 2706 2432 codex
2750 2375 2893 2445 nihil
2931 2372 3152 2429 subsidii
3181 2371 3386 2436 attulit,
3431 2377 3490 2423 ut

1919 2480 2004 2525 est
2048 2470 2178 2524 illud
2215 2484 2334 2537 cap.
2378 2469 2447 2523 88
2496 2467 2616 2537 (i),
2667 2482 2783 2519 nam
2830 2462 3102 2517 Manicluei
3139 2459 3486 2529 Apocryphu;

1920 2578 2078 2632 quem
2110 2562 2286 2616 locum
2316 2559 2583 2613 Pliilastrii
2606 2568 2917 2625 corruptum
2947 2569 3066 2610 esse
3106 2561 3384 2607 notaverat
3418 2567 3486 2605 ex

1923 2651 2212 2708 Germonio
2233 2650 2507 2705 Fabricius
2528 2663 2738 2718 quoque
2772 2648 2824 2718 (1
2850 2645 2899 2715 );
2925 2654 2978 2699 et
3004 2643 3131 2698 illud
3159 2658 3278 2711 cap.
3305 2642 3355 2697 6.
3384 2641 3484 2710 (lc),

1922 2744 2151 2815 quaedam
2180 2753 2405 2812 tempora
2438 2740 2639 2795 Christo
2670 2738 2887 2792 Domino
2914 2744 3084 2789 nostra
3108 2749 3215 2787 esse
3233 2730 3489 2786 contraria

1925 2812 2175 2896 asserunt.
2200 2835 2290 2889 ubi
2320 2833 2598 2888 Fabricius
2621 2845 2716 2900 pro
2741 2812 2971 2897 quietiam
2998 2838 3222 2895 tempora
3248 2824 3491 2878 scriben-

1926 2929 2048 2981 dum
2082 2926 2301 2996 putabat
2327 2924 2557 2994 quwdam
2596 2919 2927 2984 testimonia;
2978 2917 3117 2987 quod
3158 2925 3332 2969 tamen
3375 2912 3493 2966 sine

1928 3017 2249 3072 auctoritate
2290 3029 2418 3069 mss.
2451 3012 2613 3067 codd.
2658 3009 2957 3065 iaciendum
2997 3021 3102 3061 non
3131 3020 3247 3059 esse
3288 3002 3491 3056 statuit.

1930 3102 2066 3156 Illud
2104 3103 2265 3157 etiam
2303 3114 2423 3169 cap.
2470 3097 2569 3152 122
2608 3095 2731 3168 (ι),
2764 3094 2998 3149 nondum
3037 3092 3166 3145 satis
3201 3089 3495 3158 eliquatum

274 3222 407 3291 jam,
460 3231 513 3276 et
559 3180 942 3290 propemodum
992 3180 1234 3271 inchoata
1266 3223 1427 3279 esset,
1479 3213 1678 3267 idcirco
1715 3220 1827 3280 post

1934 3204 2036 3260 est,
2058 3194 2194 3263 quod
2230 3193 2327 3263 fuit
2355 3190 2556 3261 quidem
2586 3198 2697 3258 post
2735 3201 2895 3239 annos
2925 3186 2975 3237 in
3002 3180 3359 3237 Thessaliain
3387 3180 3496 3231 loco

277 3312 444 3368 Notas
489 3313 713 3367 Fabricii
764 3312 1068 3379 posthumas
1107 3311 1156 3362 in
1194 3308 1539 3377 appendicem
1577 3305 1834 3375 conjecta:

278 3414 404 3457 sunt
443 3398 541 3475 (a).
715 3410 720 3416 ‘

347 3496 437 3552 21.
471 3494 529 3551 Si
557 3495 675 3564 quis
705 3508 862 3563 porro
887 3492 1024 3574 scire
1051 3491 1199 3554 velit,
1227 3489 1350 3559 quid
1375 3489 1661 3543 Pliilastrin
1689 3504 1831 3542 emo-

282 3586 524 3655 lumenti,
557 3584 760 3640 lucisve
800 3583 1069 3636 attulerint
1114 3583 1377 3636 variantes
1428 3581 1686 3634 lectiones
1711 3578 1829 3632 cod.

282 3678 641 3741 Corbeiensis,
683 3676 730 3730 is
761 3674 1099 3744 Spicilegium
1138 3685 1378 3727 nosmim
1418 3672 1592 3733 adeat,
1635 3670 1685 3721 in
1730 3683 1835 3736 quo

284 3769 437 3837 plura
465 3767 733 3822 Pliilaslrii
767 3768 876 3819 loca
906 3763 1155 3829 inveniet,
1183 3778 1299 3833 quae
1330 3761 1568 3816 subsidio
1598 3775 1696 3815 ms.
1740 3758 1838 3813 liii-

280 3860 368 3928 jus
406 3860 487 3913 vel
538 3860 798 3923 restituta,
846 3858 926 3911 vel
964 3858 1225 3927 suppleta,
1260 3856 1343 3909 vel
1374 3855 1590 3907 meliora
1633 3850 1836 3905 reddita

285 3959 427 4005 sunt.
466 3951 773 4020 lllleISlIIOdi
813 3952 950 4005 inter
980 3951 1078 4003 alia
1107 3958 1188 4003 est
1227 3947 1354 4001 illud
1383 3962 1499 4012 cap.
1532 3947 1594 3999 4³7
1616 3943 1743 4015 (ὁ),
1778 3944 1839 3997 de

285 4052 502 4105 quatuor
529 4042 806 4107 elementis,
833 4056 944 4111 qua:
978 4042 1040 4093 de
1078 4039 1127 4093 Μ
1136 4038 1271 4092 unde
1297 4044 1577 4100 acceperat,
1600 4034 1687 4087 ubi
1718 4048 1840 4085 sen—

287 4147 378 4187 sus
414 4131 760 4202 imperlectus
805 4130 1021 4186 omnino
1069 4143 1130 4183 ac
1165 4126 1378 4180 mutilos
1403 4166 1416 4187 ,
1461 4140 1489 4177 a
1528 4122 1838 4176 Corbeicnsi

289 4239 387 4279 ins.
413 4227 709 4291 restitutus,
727 4241 789 4281 ac
809 4225 1077 4293 suppletus
1106 4229 1185 4275 est
1206 4217 1305 4289 (c);
1331 4218 1488 4287 prout
1516 4217 1673 4269 etiam
1698 4214 1839 4268 aliud

287 4335 403 4390 cap.
432 4315 495 4373 bl
521 4318 623 4388 (ά),
649 4318 738 4371 ubi
763 4324 935 4370 textus
960 4308 1226 4366 Philastrii
1259 4321 1533 4376 perperam
1556 4320 1620 4358 ex
1647 4303 1841 4357 haeresi

288 4409 673 4478 Cataphryguiu
714 4400 1198 4475 pseudopmplietas
1237 4396 1462 4465 ingerit,
1510 4393 1652 4464 quod
1686 4409 1841 4448 men-

288 4500 412 4553 dum
453 4497 663 4550 auxilio
705 4495 944 4563 ejusdem
977 4490 1097 4545 cod.
1134 4498 1216 4543 est
1244 4486 1536 4541 sublatum.
1582 4483 1842 4539 Similiter

1930 3286 2187 3340 interdum
2220 3283 2453 3347 modico;
2484 3280 2722 3350 quamvis
2768 3271 3033 3345 volgatani
3079 3271 3361 3327 lectionem
3402 3270 3497 3320 iiii-

1935 3378 2146 3439 inerito,
2190 3384 2246 3427 ut
2278 3374 2408 3426 milii
2436 3372 2651 3440 quidem
2692 3370 2923 3432 videtur,
2966 3360 3269 3419 sollicitavit
3309 3358 3495 3413 Fabri-

1932 3467 2083 3529 cius,
2146 3479 2239 3532 pro
2284 3461 2540 3516 interdum
2600 3459 2820 3528 cupiens
2872 3456 2976 3529 legi
3029 3455 3158 3507 inter
3219 3449 3401 3505 (Etani
3452 3458 3500 3501 et

1937 3561 2184 3625 Pindum,
2223 3560 2267 3612 si
2310 3571 2438 3611 mss.
2470 3554 2695 3608 Codices
2722 3551 3160 3617 sullragarentur.
3200 3544 3496 3597 Obscurum

1878 3676 1879 3679 η
1934 3667 2176 3724 quoque,
2210 3651 2309 3703 nisi
2339 3648 2476 3701 forte
2525 3644 2764 3697 vitiatum
2798 3645 3209 3705 et'corruptutn
3247 3641 3333 3688 est
3371 3631 3501 3684 illud

1934 3762 2057 3817 cap.
2098 3744 2197 3799 152
2223 3742 2343 3817 (nt),
2375 3750 2427 3793 ut
2459 3749 2504 3793 rt
2534 3747 2718 3791 natura
2740 3751 2836 3786 non
2862 3747 3038 3787 exsors
3063 3727 3251 3782 Christi
3280 3724 3504 3777 muneris

1935 3843 2219 3897 inveniatur
2235 3837 2403 3890 aliena
2428 3834 2646 3903 penitus,
2669 3829 2722 3883 id
2742 3838 2811 3881 est
2842 3842 2931 3879 nec
2951 3821 3387 3881 Catechumenus;
3414 3816 3501 3870 tibi

1940 3947 2040 3987 nec
2055 3927 2398 3986 Corbeiensis
2418 3924 2608 3987 codex,
2636 3936 2733 3975 nec
2751 3917 3049 3981 Fabricius,
3074 3911 3270 3981 aliquid
3288 3912 3503 3980 juvant;

1942 4024 2017 4077 uti
2059 4022 2221 4075 etiam
2268 4016 2410 4070 aliud
2461 4030 2579 4081 cap.
2626 4011 2724 4066 150
2772 4013 2882 4078 (tt),
2919 4010 2971 4059 in
3013 4005 3202 4059 Christi
3241 4000 3508 4070 praisentia

1935 4113 2130 4176 itidem,
2162 4120 2217 4165 et
2256 4124 2376 4176 cap.
2407 4106 2507 4160 155
2535 4104 2633 4175 (ο),
2667 4113 2711 4155 et
2739 4110 2850 4170 post
2876 4096 3058 4150 Fidem
3084 4094 3271 4148 Christi
3311 4107 3501 4160 pauco-

1939 4221 2051 4257 rum
2091 4201 2352 4255 catholica:
2371 4198 2491 4267 ﬁdei
2513 4193 2762 4267 gignendo
2780 4233 2794 4256 ,
2816 4190 2994 4244 electio
3018 4205 3034 4249 ;
3063 4187 3258 4256 Quibus
3290 4185 3340 4237 in
3374 4182 3505 4236 locis

1940 4292 2161 4349 omnino
2182 4290 2348 4344 hauet
2368 4302 2505 4355 aqua
2531 4303 2544 4338 :
2568 4300 2630 4338 ac
2648 4284 2747 4336 nisi
2770 4282 3189 4334 lortesuccurrat
3211 4274 3346 4328 alter
3363 4272 3510 4341 quis-

1942 4388 2081 4457 piam
2109 4398 2209 4438 ms.
2232 4382 2410 4436 Codex
2429 4378 2568 4433 unde
2593 4384 2800 4439 erutus,
2828 4388 2933 4426 non
2962 4369 3116 4423 facile
3146 4366 3350 4436 quivis,
3384 4363 3510 4417 licet

1945 4451 2144 4547 ingenti
2174 4473 2328 4547 felix,
2360 4481 2415 4525 et
2454 4464 2791 4538 conjectandi
2823 4462 3080 4533 peritior,
3112 4458 3177 4513 ab
3209 4451 3511 4525 iiiijusmodi

286 4591 603 4658 depravatus
630 4560 765 4642 erat
819 4597 1035 4654 prorsus
1086 4581 1137 4634 iii
1186 4578 1510 4634 editionibus
1562 4578 1711 4630 locus
1755 4560 2005 4629 illeDse
2035 4565 2348 4634 ambagibus
2378 4561 2653 4630 expediat.

286 4695 386 4750 cap
413 4678 482 4734 66
511 4680 529 4749 (
552 4677 616 4749 e)
645 4696 659 4732 :
683 4676 1004 4745 SMpiterna
1034 4670 1305 4728 similitudo
1332 4662 1499 4740 itaque
1528 4664 1653 4720 Filii
1688 4679 1733 4720 et
1768 4682 1844 4719 se-

288 4773 509 4827 cundum
539 4789 711 4842 opera.
746 4772 870 4825 licet
896 4766 1166 4822 Fabricius
1193 4763 1321 4817 nihil
1349 4762 1415 4816 de
1444 4762 1545 4815 hoc
1570 4759 1698 4813 vitio
1737 4773 1849 4811 ino-

290 4875 441 4920 neret
464 4879 480 4928 ;
505 4873 559 4917 at
579 4860 917 4917 Corbeiensis
949 4858 1104 4913 lectio
1131 4871 1295 4925 parvo
1319 4852 1534 4923 negotio
1554 4850 1805 4905 emendat
1837 4869 1849 4903 :

290 4955 609 5024 Sempiterna
638 4951 918 5006 similitudo
944 4951 1109 5019 itaque
1127 4944 1253 5000 Filii
1281 4954 1352 4998 est
1376 4944 1652 4997 secundum
1678 4957 1850 5011 opera,

363 5084 437 5155 (a)
467 5083 764 5155 Habeseas
816 5081 1022 5155 p_._i_52,
1052 5095 1153 5155 una
1176 5096 1301 5155 cum
1333 5076 1557 5155 epistola
1685 5076 1849 5155 inan—

290 5147 895 5222 nis‘RaverdyMonachi
919 5150 1333 5222 Beiiedictiniad
1352 5147 1844 5222 Eminentisciniuin

289 5216 624 5277 cardinaletn'
657 5223 935 5286 Quirinum
978 5219 1342 5271 inissa—Nos
1372 5233 1500 5271 vero
1539 5216 1634 5268 has
1672 5216 1849 5267 varias

291 5295 547 5349 lectiones
574 5290 640 5343 ad
670 5291 979 5358 paginarum
1008 5288 1203 5341 calcem
1234 5288 1512 5358 attulimus
1531 5326 1543 5346 ,
1579 5294 1634 5338 ut
1676 5288 1849 5337 moni-

292 5375 379 5419 tus
405 5377 488 5425 es,
516 5357 703 5421 lector,
727 5360 829 5413 col.
852 5358 1006 5412 1095.
1036 5364 1149 5412 not.
1165 5358 1209 5409 b.
1239 5357 1395 5413 Ευιτ.

363 5432 436 5503 (b)
475 5431 583 5503 lloc
610 5438 770 5503 caput
791 5428 956 5503 textui
992 5426 1355 5503 restitiiimus,
1386 5434 1507 5476 nota
1544 5432 1717 5503 tamen
1752 5437 1843 5489 pe-

292 5493 477 5558 culiari
507 5493 765 5568 originem
795 5497 911 5568 ejus
939 5495 1575 5568 adscititiam_signantes.
1634 5493 1781 5545 Eutr.

388 5571 435 5641 c)
475 5562 735 5641 Yidfliuj.
762 5562 889 5641 edit.
922 5566 1025 5641 col.
1240 5562 1393 5641 ~lion“.

368 5574 435 5710 ἒς)
475 5574 593 5624 Viti.
622 5574 735 5647 huj..
762 5574 889 5646 edi_i.
922 5574 1025 5618 col.
1058 5574 1211 5616 “ea.
1241 5574 1391 5615 EDIT.

395 5641 450 5710 ά)
484 5637 599 5710 Yid.
632 5636 744 5710 huj.
770 5634 897 5710 edit.
925 5629 1391 5710 col._ilQ7.nEoir.

377 5641 427 5710 rd
484 5641 599 5693 Vid.
633 5641 744 5704 huj.
770 5641 897 5689 edit.
925 5641 1026 5686 col.
1058 5641 1212 5685 1167.
1239 5641 1368 5684 Ευιτ

377 5641 450 5788 (ei
484 5707 607 5788 Χὲίὲ·
630 5706 749 5788 3³⁸³3·
779 5704 872 5788 9‘1:
891 5704 1004 5788 φλ.
1027 5704 1191 5788 ¹ἕὲ9λ
1213 5702 1368 5788 BERV:

378 5770 447 5857 in
484 5777 603 5835 viii.
630 5770 745 5857 huj.
767 5774 898 5832 edit.
924 5773 1027 5830 col.
1058 5772 1213 5853 ηδε.
1236 5770 1386 5851 Eutr.

1955 4661 1981 4733 ᾗ
2013 4659 2098 4715 IV.
2144 4633 2219 4713 De
2263 4672 2352 4711 sex
2380 4653 2627 4722 capitibus
2661 4645 2924 4701 Pliilastrii
2953 4656 3113 4710 nuper
3138 4640 3189 4691 in
3230 4633 3517 4691 Corbeiensi

2556 4759 2651 4796 ms.
2678 4738 2909 4793 inventis.

2022 4845 2111 4899 22.
2151 4839 2403 4909 Quamtis
2434 4844 2540 4888 tam
2580 4833 2801 4893 multas,
2832 4840 3030 4895 easque
3059 4820 3299 4892 egregias
3328 4830 3511 4871 cmen-

1953 4939 2198 4993 dationes
2239 4930 2523 4987 Pliilastrio
2572 4923 2875 4981 exhibuerit
2918 4916 3262 4974 Corbciensis
3309 4911 3513 4975 codex,

2020 5070 2095 5139 (g)
2135 5069 2253 5121 Vid.
2282 5066 2392 5131 huj.
2419 5064 2546 5117 edit.
2577 5039 2679 5115 col.
2706 5057 2860 5111 19.79.
2893 5057 3042 5109 EDIT.

2022 5141 2098 5192 (hi
2142 5137 2256 5190 Vid.
2291 5136 2397 5192 ltiti.
2432 5134 2559 5185 edit.
2589 5132 2692 5183 col.
2720 5129 2872 5183 1285.
2904 5128 3034 5179 Ευιτ

2044 5141 2098 5208 It)
2142 5139 2256 5190 Vid.
2291 5139 2397 5201 huj.
2432 5139 2559 5185 edit.
2589 5139 2692 5183 col.
2720 5139 2872 5183 1233).
2904 5139 3054 5179 ILDI'I'.

2123 5207 2261 5281 _Viil.
2289 5205 2397 5281 ituj.
2426 5202 2686 5281 cdil1'c0'l“.
2718 5198 2871 5253 H99.
2902 5197 3054 5281 ΙΞΜΤζ

2019 5254 2260 5351 z1:);
2290 5254 2500 5351 Aptior:
2534 5270 2597 5323 N.
2632 5267 2942 5351 AT._,par.“3
2966 5305 3004 5344 ,ῃ
3030 5279 3079 5351 p.
3114 5260 3330 5351 59%:-
3354 5254 3510 5309 (mur,

1947 5330 2213 5414 ιιιιᾷίόύιι.
2240 5330 2353 5396 (ιυιῖ
2374 5343 2524 5401 1200,
2557 5347 2666 5391 not.
2704 5330 2838 5391 Nam
2864 5330 3152 5386 Manicliwi.
3185 5330 3334 5382 Euri.

2021 5417 2092 5457 (lci
2135 5414 2249 5457 Viti-
2278 5413 2387 5457 ltiti-
2413 5412 2540 5457 edit.
2570 5410 2673 5457 Ciil.
2700 5406 2855 5457 1120.
2887 5406 3037 5455 Εοιτ.

2021 5409 2092 5489 (lt)
2135 5414 2250 5467 V'id.
2278 5413 2387 5479 litij.
2413 5412 2540 5463 edit.
2570 5410 2673 5461 col.
2700 5409 2855 5461 1120.
2887 5409 3037 5455 Εοιτ.

2027 5488 2088 5554 (l)
2132 5484 2257 5554 vid.
2278 5481 2394 5554 lt_nj._
2416 5480 2545 5554 edit.
2575 5479 2680 5554 col.
2713 5475 2865 5554 1:217:
2904 5475 3053 5554 [2‘0le

2049 5495 2088 5554 υ
2137 5495 2259 5606 ‘t‘t
2278 5495 2365 5602 ‘1"
2378 5520 2395 5561 ·-
2416 5495 2545 5600 εσίιξ·
2575 5495 2680 5597 εοιί
2713 5495 2865 5595 “is;
2904 5495 3053 5592 iiii“;

2026 5495 2123 5695 iis)
2150 5569 2282 5695 villi:
2299 5567 2420 5695 ριἰἶῗξ
2435 5556 2568 5695 folii.
2587 5562 2697 5695 cogi;
2723 5581 2883 5695 tego;
2909 5579 3068 5695 gon}

2056 5608 2119 5687 n)'
2150 5622 2269 5675 Viti.
2299 5608 2409 5687 linj'.
2435 5608 2564 5671 edit.
2587 5616 2689 5687 col.
2723 5614 2873 5687 129οζ
2909 5608 3056 5687 Et)”.

2033 5624 2086 5695 (η
2150 5624 2269 5675 Viti.
2299 5624 2409 5687 linj.
2435 5624 2564 5671 edit.
2587 5624 2689 5669 col.
2723 5624 2873 5665 1290.
2909 5624 3056 5661 non.

2033 5624 2110 5765 to;
2150 5690 2264 5745 Vid.
2300 5689 2410 5757 huj.
2444 5687 2573 5742 edit.
2605 5686 2707 5738 col.
2741 5682 2895 5737 1295.
2926 5679 3075 5756 Eutr.
