3922 6412
480 351 616 408 1087
1701 351 2007 411 SANCTUS
2036 355 2051 411 Ι

2155 354 2486 414 LASTRIUS
3308 351 3315 358 ’
3576 361 3713 417 1088

477 463 653 531 major
673 463 847 519 adimo
870 463 1073 517 utilitas
1100 477 1166 518 ex
1193 477 1259 518 eo
1284 463 1633 520 nihilominus
1661 475 1913 534 percepta
1937 474 2041 532 est,
2071 483 2124 545 Δ
2148 481 2363 531 Lxxxiv,
2393 466 2642 523 subditur
2667 467 2861 524 ibidem
2879 509 2893 534 ,
2931 469 3032 524 sub
3060 484 3114 523 n.
3145 482 3371 534 Lxxxvt,
3404 469 3626 526 haeresis
3648 472 3716 528 de

481 557 625 625 quod
663 556 1002 611 Philastrium
1045 557 1306 612 hactenus
1349 558 1760 628 imperfectum,
1800 568 1854 612 et
1889 559 2049 612 muti-
2148 556 2348 627 duplici
2370 559 2501 625 Deo,
2523 561 2857 615 etsententia
2881 560 3242 631 diaboli;cap.
3271 561 3373 617 lu
3405 563 3568 633 (nobis
3592 564 3714 636 116)

481 650 614 715 lum,
663 650 951 719 perfectum
995 659 1155 721 atque
1198 652 1464 721 integrum
1510 653 1666 706 nobis
1705 652 1870 706 dedit.
1912 652 2047 705 Cum
2147 651 2288 717 quod
2315 650 2483 704 estde
2507 652 2632 705 Adi:
2658 661 2706 705 et
2741 652 2858 706 Eme
2880 654 3124 718 edacitate,
3149 654 3201 707 in
3231 668 3333 708 ms.
3363 669 3416 707 n.
3457 646 3714 723 Lxxxvit,
3775 705 3782 714 .

484 745 624 798 enim
657 744 1004 810 Philastrios,
1030 744 1330 814 Augustino
1360 753 1524 810 teste,
1558 746 1610 798 in
1641 737 1857 799 centum
1896 744 2050 812 quin-

484 837 733 905 quaginta
772 849 866 889 sex
909 835 1084 906 capita
1127 835 1273 904 Opus
1298 850 1454 889 suum
1491 835 1855 911 distinxisset,
1889 850 1954 889 ex
1985 833 2052 888 iis

481 935 694 980 centum
723 926 999 980 dumtaxat
1026 936 1081 980 et
1111 926 1492 996 quinquaginta
1520 926 1570 979 in
1601 924 1924 980 editionibus
1957 939 2053 993 ap-

481 1017 757 1085 parebant.
784 1015 958 1070 Locus
977 1017 1259 1086 Augustini
1284 1025 1430 1086 patet
1455 1017 1508 1071 in
1533 1017 1758 1086 cpistola
1780 1015 1847 1071 ad
1873 1015 2053 1083 Quod-

479 1107 754 1162 vultdeum
782 1108 898 1175 ejus
925 1108 1168 1176 catalogo
1195 1107 1262 1163 de
1292 1107 1598 1163 Haeresibus
1629 1109 1901 1177 prmmissa
1926 1109 2003 1180 (a)
2035 1124 2048 1160 :

485 1196 795 1250 Philastrius
838 1198 1043 1266 quidam
1087 1197 1369 1250 Brixiensis
1415 1199 1717 1266 episcopus,
1749 1215 1895 1267 quem
1940 1215 2053 1251 cum

486 1292 548 1346 S.
584 1291 846 1345 Ambrosio
883 1290 1165 1345 Mediolani
1202 1293 1355 1345 etiam
1393 1293 1501 1362 ipse
1532 1291 1664 1355 uidi,
1695 1292 1896 1361 scripsit
1935 1292 2053 1344 hinc

480 1383 683 1448 librum,
714 1400 805 1436 nec
834 1383 951 1436 illas
976 1384 1190 1437 hmreses
1217 1385 1608 1454 praetermittens
1635 1400 1750 1452 qua:
1781 1386 1833 1437 in
1862 1384 2052 1453 populo

479 1473 667 1526 .ludieo
707 1479 909 1541 fuerunt
954 1483 1069 1528 ante
1095 1476 1379 1527 adventum.
1396 1473 1602 1528 Domini
1625 1515 1640 1539 ,
1668 1491 1848 1544 easque
1881 1489 2052 1528 xxvut

481 1566 890 1618 commemoravit
907 1580 928 1632 ;
957 1573 1004 1617 et
1031 1575 1146 1635 post
1176 1564 1381 1617 Domini
1411 1566 1680 1618 aduentum
1714 1580 1937 1619 cxxvm.
1971 1564 2052 1618 Ex

480 1665 711 1724 utroque
735 1654 897 1724 igitur
917 1669 1146 1709 numero
1171 1654 1530 1709 coniiciuntur
1552 1665 1767 1716 centum
1796 1656 2056 1724 quinqua-

475 1746 620 1813 ginta
651 1760 744 1798 sex
786 1745 1019 1799 hiereses
1060 1760 1155 1800 seu
1182 1755 1396 1799 centum
1425 1746 1805 1816 quinquaginta
1835 1760 1930 1800 sex
1967 1760 2052 1799 ca-

2148 742 2449 797 occurritin
2478 744 2667 798 eodem
2701 759 2799 798 ms.
2829 762 2882 800 η.
2908 761 3163 810 Lxxxvtu,
3188 747 3288 802 alia
3322 747 3544 802 haeresis
3569 749 3716 804 circa

2151 831 2358 885 tunicas
2384 834 2658 903 pelliceas,
2687 850 2818 907 quas
2833 835 3090 891 Dominus
3121 836 3244 891 fecit
3271 839 3457 906 primis
3483 840 3718 908 parenti-
3780 851 3783 853 '

2151 922 2251 979 bus
2281 935 2399 993 post
2427 927 2913 994 praevaricationem
2936 944 2952 993 ;
2979 935 3034 983 et
3061 943 3178 998 cap.
3235 929 3335 985 156
3373 930 3538 1001 (nobis
3566 929 3714 1001 159),

2153 1016 2206 1069 in
2264 1031 2370 1085 quo
2418 1018 2594 1085 agitur
2618 1019 2680 1071 de
2732 1026 2947 1087 quatuor
2983 1020 3288 1073 animalibus
3326 1021 3381 1073 in
3423 1019 3715 1091 PrOphetis,

2153 1118 2476 1177 notaturque
2515 1110 2568 1163 in
2612 1125 2710 1164 ms.
2752 1126 2805 1164 n.
2853 1126 3008 1174 cvm,
3052 1127 3108 1165 n.
3149 1126 3255 1174 ctx,
3296 1112 3536 1180 ejusdem
3581 1112 3719 1166 Cor-

2151 1197 2386 1253 beicnsis
2413 1215 2514 1253 IIIS.
2544 1200 2770 1254 habetur
2798 1199 3021 1255 htcresis
3049 1201 3115 1255 de
3140 1201 3227 1256 die
3257 1201 3679 1270 Epiplianiorum
3702 1241 3717 1266 ,

2151 1305 2272 1358 quae
2298 1291 2475 1344 omnia
2515 1291 2566 1344 in
2609 1290 3008 1346 editis'desunt.
3052 1291 3140 1346 Sic
3184 1291 3237 1343 in
3268 1291 3422 1346 editis
3453 1301 3570 1360 post
3597 1306 3714 1360 cap.

2154 1379 2435 1450 146(uobis
2457 1381 2596 1450 l50),
2625 1381 2675 1435 in
2699 1397 2796 1435 ms.
2823 1397 2966 1446 cm,
2996 1368 3136 1450 quod
3158 1391 3238 1434 est
3268 1381 3331 1435 de
3347 1380 3592 1434 uxoribus
3619 1381 3720 1435 Sa-

2153 1471 2390 1536 lomonis,
2419 1472 2657 1526 succedit
2683 1486 2804 1541 cap.
2846 1471 2947 1526 M7
2976 1457 3144 1541 (nobis
3172 1471 3326 1541 15%),
3356 1472 3420 1526 de
3448 1472 3721 1542 spiramine

2151 1561 2288 1627 quod
2314 1561 2476 1613 Adam
2495 1562 2721 1630 accepit;
2743 1571 2796 1615 at
2817 1562 2868 1615 in
2896 1575 2996 1616 ms.
3023 1563 3368 1616 interseritur
3389 1578 3440 1615 η.
3482 1578 3585 1616 cxx
3613 1562 3722 1617 bte—

2153 1649 2289 1704 resis
2318 1650 2383 1705 de
2405 1651 2833 1722 cultrislapideis
2871 1663 2926 1706 et
2954 1653 3365 1707 circumcisione
3385 1653 3716 1719 Iudaeorum;

2155 1750 2314 1810 prout
2344 1741 2504 1796 etiam
2523 1757 2642 1812 cap.
2676 1731 2775 1796 148
2797 1742 2960 1812 (nobis
2985 1742 3128 1811 155),
3153 1743 3241 1795 ubi
3262 1744 3311 1797 in
3331 1743 3488 1798 editis
3511 1743 3722 1811 ponitur

476 1836 606 1901 pila,
636 1849 702 1887 ex
725 1817 918 1903 quibus
947 1834 1262 1888 Philastrius
1289 1835 1480 1889 librum
1511 1836 1573 1888 de
1602 1835 1898 1890 Hceresibus
1924 1849 2055 1890 con-
2085 1838 2128 1896 Β
2157 1831 2377 1886 haeresis
2405 1831 2471 1886 de
2515 1832 2744 1902 funiculo
2785 1833 3038 1886 mensorio
3076 1833 3129 1884 in
3160 1831 3413 1885 Zacharia
3443 1832 3721 1901 PrOpIieta,

475 1927 822 1992 cinnaverat;
853 1926 994 1996 quod
1038 1927 1253 1995 quidem
1292 1927 1639 1982 conﬁrmatur
1674 1929 1838 1983 etiam
1877 1944 1945 1983 ex
1990 1945 2054 1984 eo

473 2016 617 2085 quod
643 2015 915 2086 Catalogus
940 2032 1113 2069 eorum
1133 2019 1222 2084 qui
1242 2027 1361 2070 ante
1387 2018 1659 2092 adventum
1683 2018 1873 2071 Christi
1896 2012 2056 2072 luere-

476 2125 588 2162 seos
628 2119 934 2176 arguuntur,
981 2123 1010 2161 τι
1054 2108 1343 2163 Pbilastrio
1389 2110 1544 2162 initio
1592 2109 1783 2178 Operis
1825 2102 2058 2162 colloca-

479 2207 598 2263 tus,
629 2214 692 2253 ac
731 2199 984 2252 desinens
1033 2200 1088 2252 in
1135 2199 1475 2263 Herodianis,
1532 2199 1717 2267 viginti
1756 2205 1883 2254 octo
1910 2197 2057 2267 capi-

480 2288 651 2350 tibus,
708 2298 801 2341 seu
860 2286 1157 2341 lueresibus
1207 2297 1455 2353 constet,
1504 2288 1754 2341 utetiam
1809 2287 2056 2355 Augusti-

479 2391 581 2431 nus
616 2376 873 2445 aﬂirmat;
901 2377 1123 2447 reliquae
1150 2392 1279 2432 vero
1310 2377 1545 2433 bmreses
1573 2386 1684 2432 tum
1713 2387 1834 2447 post
1858 2377 2055 2433 Christi

478 2471 787 2532 adventum,
817 2479 927 2521 tum
953 2469 1116 2523 etiam
1141 2484 1260 2538 qua:
1288 2469 1387 2522 sub
1409 2469 1684 2538 Apostolis
1711 2470 2052 2536 exstiterunt,

478 2571 826 2614 numerentur
846 2561 898 2614 in
919 2560 1078 2615 editis
1097 2569 1316 2616 centum
1335 2560 1613 2616 dumtaxat
1633 2572 1688 2617 et
1705 2562 1887 2631 viginti
1910 2564 2052 2631 duze,

477 2665 595 2704 cum
629 2659 806 2704 tamen
837 2652 1135 2721 Augustino
1169 2652 1414 2705 dicantur
1440 2662 1655 2707 centum
1688 2653 1877 2723 viginti
1907 2661 2051 2720 octo,

476 2743 564 2810 qui
597 2741 835 2809 profecto
861 2757 1119 2796 numerus
1143 2742 1419 2812 reponitur
1444 2744 1511 2797 ab
1536 2744 1728 2798 eodem
1753 2745 2053 2813 Augustino

473 2833 637 2887 etiam
670 2848 789 2902 cap.
818 2835 881 2887 41
921 2833 1040 2888 libri
1081 2848 1175 2888 seu
1207 2836 1434 2904 eatalogi
1463 2851 1622 2905 quem
1651 2836 1718 2890 de
1747 2837 2054 2893 llaeresibus

475 2924 818 2992 conscripsit.
863 2925 1161 2994 Augustino
1206 2927 1550 2980 consentiunt
1594 2927 1923 2993 posteriores
1963 2928 2052 2995 qui

476 3012 818 3067 Philastriani
847 3014 1038 3083 Operis
1069 3017 1428 3071 meminerunt
1459 3035 1471 3068 :
1510 3026 1698 3073 auctor
1727 3020 2052 3089 Appendicis

475 3103 542 3156 ad
581 3103 906 3158 lldel’onsum
937 3105 1004 3159 de
1032 3105 1398 3174 Scriptoribus
1420 3107 1816 3163 Ecclesiasticis
1842 3114 1960 3178 Cap.
1995 3113 2050 3176 5,

2154 1941 2273 1994 qua:
2304 1925 2356 1978 in
2390 1939 2489 1977 ms.
2521 1924 2747 1990 habetur
2775 1939 2826 1976 n.
2852 1937 3023 1988 cxxn,
3053 1922 3193 1976 idem
3229 1939 3331 1976 ms.
3358 1924 3524 1978 codex
3539 1925 3636 1977 sub
3667 1940 3721 1978 n.

2155 2031 2318 2070 cxxut
2331 2016 2713 2084 subjicitaliam
2729 2016 2975 2070 haeresim
2989 2015 3058 2069 de
3071 2015 3260 2068 avibus
3275 2014 3406 2068 Elia:
3421 2016 3726 2070 ministrau-

2159 2107 2321 2170 tibus;
2340 2106 2534 2174 quibus
2553 2106 2938 2175 supplementis
2951 2107 3192 2161 delectus
3229 2120 3320 2160 sex
3343 2107 3576 2176 capitum
3599 2106 3725 2159 Phi-

2157 2194 2398 2248 lastriani
2422 2195 2614 2264 Operis
2639 2195 2853 2265 penitus
2869 2196 3256 2258 restituitur,ae
3280 2197 3503 2265 proinde
3529 2194 3727 2250 bcneli-

2156 2287 2242 2340 cio
2284 2287 2621 2342 Corbeiensis
2650 2287 2874 2352 codicis,
2903 2287 3247 2341 Philastrium
3292 2285 3550 2341 hactenus
3579 2301 3727 2339 man-

2154 2393 2274 2433 cum
2291 2391 2344 2432 et
2359 2380 2427 2432 im
2436 2379 2751 2448 perlectum,
2773 2379 3036 2448 integrum
3050 2393 3112 2432 ac
3131 2377 3428 2446 perlectum
3445 2378 3724 2432 habemus.

2223 2469 2312 2524 23.
2355 2468 2626 2536 Quoniam
2645 2484 2772 2524 vero
2800 2469 2866 2523 de
2896 2468 2962 2523 iis
2990 2485 3110 2538 qua:
3139 2469 3192 2522 in
3231 2483 3329 2522 sex
3368 2469 3486 2522 istis
3516 2467 3725 2522 Philas-

2153 2560 2343 2614 trianis
2372 2560 2633 2630 capitibus
2666 2569 3058 2630 proponuntur,
3090 2575 3259 2630 pauca
3288 2545 3576 2615 admodum
3596 2601 3612 2627 ,
3642 2559 3725 2614 vel

2155 2651 2283 2705 nihil
2314 2653 2532 2706 omnino
2560 2651 2917 2706 delibavimus
2947 2652 3000 2704 in
3032 2651 3320 2720 Spicilegio
3349 2659 3555 2712 uestro,
3583 2648 3725 2718 quod

2154 2741 2482 2797 variantibus
2525 2742 2844 2797 lectionibus
2880 2740 3225 2797 Corbeicnsis
3266 2756 3369 2796 ms.
3411 2737 3722 2810 subjicitur;

2154 2849 2259 2888 non
2301 2835 2401 2887 erit
2431 2845 2557 2903 puto
2597 2835 3009 2903 inopportunum
3042 2833 3295 2887 nonnulla
3323 2833 3413 2886 hic
3442 2839 3723 2896 annotare,

2153 2938 2272 2992 qua:
2300 2934 2408 2977 tum
2441 2925 2573 2993 ipsis
2601 2925 2864 2994 capitibus
2907 2922 3165 2992 majorem
3202 2925 3379 2978 lucem
3413 2923 3721 2986 aﬂ'undant,

2155 3024 2263 3068 tum
2296 3016 2456 3069 etiam
2500 3015 2769 3068 Philastrii
2811 3029 3028 3069 sensum
3049 3054 3066 3078 ,
3107 3013 3174 3068 de
3213 3013 3277 3067 iis
3305 3027 3427 3081 qua:
3457 3021 3580 3065 tunc
3608 3011 3724 3065 lor-

2152 3113 2296 3158 tasse
2325 3107 2492 3174 magis
2521 3105 2838 3159 obtinebant
2867 3102 3169 3166 sententiis,
3199 3103 3440 3170 aperiant
3467 3108 3521 3154 et
3571 3109 3724 3168 pate-

474 3191 565 3257 qui
605 3193 679 3246 ait
705 3210 719 3245 :
754 3193 1067 3248 Philastrius
1091 3194 1374 3249 Brixiensis
1399 3199 1668 3265 episcopus
1690 3197 1849 3252 edidit
1871 3199 2055 3253 librum
2080 3192 2124 3252 C
2156 3195 2373 3249 faciant.
2402 3196 2568 3264 Igitur
2597 3199 2650 3249 in
2681 3211 2780 3250 ms.
2810 3193 3120 3251 Corbeicnsi
3143 3233 3158 3257 ,
3190 3208 3242 3244 η.
3271 3207 3478 3252 Lxxvn,
3514 3191 3725 3260 ponitur

474 3282 544 3336 de
573 3283 897 3350 Hmresibns,
925 3286 1156 3354 singulas
1182 3300 1410 3354 quasque
1432 3288 1780 3341 demonstrans
1807 3289 1914 3343 sive
1937 3305 2052 3356 qua:

473 3373 528 3425 in
576 3374 765 3443 papula
796 3372 1094 3427 Judaaorum
1131 3377 1247 3428 ante
1288 3375 1698 3431 Incarnationem
1724 3376 1915 3432 Christi
1943 3379 2053 3446 [ue-

474 3477 620 3532 ruut,
656 3483 781 3534 quas
815 3466 993 3535 viginti
1020 3477 1130 3521 octo
1157 3479 1414 3522 enumerat
1450 3487 1469 3522 :
1501 3471 1604 3525 sive
1643 3487 1756 3540 qua:
1799 3481 1909 3539 post
1939 3469 2050 3524 Do-

474 3559 598 3610 mini
641 3559 920 3611 Salvatoris
966 3560 1235 3613 adventum
1277 3563 1519 3615 adversus
1555 3564 1857 3617 catholicam
1897 3565 2051 3631 ﬁdem

471 3659 660 3702 exorta:
686 3659 831 3715 sunt,
869 3666 995 3718 quas
1032 3643 1233 3704 centum
1272 3653 1449 3723 viginti
1488 3663 1600 3707 octo
1642 3670 1748 3707 esse
1784 3656 2050 3720 describit;

471 3739 706 3807 itemque
733 3739 971 3793 Joannes
999 3741 1326 3794 Tritbemius
1351 3745 1416 3796 de
1447 3744 1812 3811 Scriptoribus
1841 3745 2048 3801 Eccles.

471 3843 592 3896 cap.
626 3829 725 3893 84,
754 3831 843 3882 ubi
883 3830 950 3882 de
987 3830 1274 3883 Philastrio
1303 3833 1528 3898 loquens
1561 3850 1574 3882 :
1611 3832 1816 3896 Fertur,
1851 3816 2052 3902 inquit,

472 3918 614 3970 beato
642 3920 919 3988 Augustino
943 3929 1178 3985 testante,
1205 3923 1317 3991 ejus
1344 3922 1544 3989 insigne
1568 3921 1710 3989 Opus
1735 3925 1871 3992 quod
1891 3925 2055 3991 scrip-

470 4011 535 4062 sit
565 4011 628 4062 de
663 4022 859 4065 centum
890 4013 1258 4083 quinquaginta
1286 4030 1375 4066 sea:
1412 4014 1712 4068 hceresibus.
1743 4014 1826 4068 Cl.
1869 4015 2051 4079 Fabri-

468 4103 587 4156 cius
614 4104 666 4157 in
694 4105 1144 4178 Testimoniis‘de
1185 4105 1502 4171 Philastrio,
1535 4107 1624 4160 ubi
1653 4103 1935 4183 Augustini
1971 4109 2049 4162 lo-

468 4206 589 4244 cum
624 4195 862 4260 protulit,
889 4210 952 4248 ex
976 4210 1083 4264 quo
1113 4210 1367 4249 numerus
1395 4195 1674 4250 haereseon
1700 4213 1820 4266 qure
1859 4213 1889 4251 a
1928 4199 2054 4252 Phi-

467 4281 654 4336 lastrio
692 4296 1064 4351 recensentur,
1094 4288 1390 4356 colligitur,
1420 4288 1716 4344 desiderari
1747 4305 1846 4346 sex
1877 4293 2050 4358 capita

467 4374 928 4436 animadvertens,
961 4378 1192 4443 conjecit
1221 4394 1282 4431 ea
1318 4388 1592 4446 postremo
1621 4379 1813 4449 Operis
1846 4381 2053 4434 Philas-

469 4462 630 4513 triani
674 4464 791 4516 loco
822 4465 1012 4517 deesse
1040 4482 1052 4515 :
1084 4465 1336 4518 Credibile
1363 4478 1434 4520 est
1460 4471 1628 4537 capita
1655 4481 1908 4536 postrema
1937 4472 2052 4524 libri

2150 3285 2371 3341 haeresis
2408 3287 2474 3340 de
2515 3289 2618 3341 line
2655 3286 2837 3340 mundi
2887 3294 2942 3341 et
2982 3283 3448 3339 consummatione
3502 3281 3682 3336 sareuli
3707 3323 3720 3346 ,

2150 3393 2253 3445 qua
2298 3378 2540 3432 nonnulli
2596 3377 2945 3432 autumabant
2973 3385 3258 3444 temporum
3315 3373 3663 3442 definitionem
3690 3388 3721 3425 a

2152 3468 2261 3522 Deo
2291 3468 2492 3524 Christo
2525 3470 2792 3525 Saluatore
2818 3470 2978 3539 fuisse
3003 3476 3262 3522 statutam.
3299 3465 3373 3520 At
3408 3464 3721 3548 Philastrius

2151 3561 2400 3629 rejiciens
2442 3563 2765 3615 sententiam
2812 3562 3003 3624 istam,
3046 3573 3165 3628 quzc
3206 3569 3410 3612 certum
3458 3569 3718 3608 annorum

2154 3665 2435 3703 numerum
2471 3649 2978 3712 consummationis,
3021 3657 3073 3700 et
3115 3664 3214 3699 non
3243 3649 3385 3716 plus,
3417 3663 3516 3699 non
3555 3645 3721 3696 minus

2153 3738 2387 3791 futurum
2420 3741 2756 3805 Opinabalur,
2787 3738 2863 3790 ait
2887 3738 3020 3804 quod
3047 3737 3306 3803 prophetae
3335 3737 3557 3803 undique
3589 3751 3721 3786 nun-

2154 3829 2384 3880 tiaverint
2405 3829 2536 3880 circa
2559 3827 2659 3881 500
2679 3843 2866 3878 annum
2887 3825 2998 3892 ﬁeri
3021 3827 3504 3878 consummationem
3526 3824 3718 3888 δίει-ηιξ,

2155 3929 2202 3970 et
2227 3919 2299 3970 sic
2327 3916 2596 3970 Dominum
2627 3918 2688 3970 de
2718 3917 2854 3969 (telis
2883 3917 3064 3967 iterum
3096 3915 3352 3969 advenire.
3390 3915 3511 3968 Htcc
3544 3922 3719 3966 autem

2155 4007 2426 4060 Philastrii
2455 4006 2717 4060 sententia
2745 4021 2811 4060 eo
2836 4004 3095 4074 principio
3126 4005 3417 4068 nitebatur,
3443 4003 3583 4071 quod
3611 4003 3720 4070 pri-

2154 4097 2254 4150 mis
2301 4096 2553 4150 Ecclesia:
2600 4096 2811 4150 sacculis
2857 4094 3103 4147 omnibus
3152 4093 3263 4146 fere
3318 4092 3563 4145 Patribus
3606 4103 3722 4145 erat

2152 4204 2470 4253 commune;
2517 4189 2769 4242 mundum
2805 4189 3012 4241 scilicet
3050 4202 3146 4240 sex
3190 4185 3424 4239 millibus
3462 4198 3718 4236 annorum

2152 4295 2182 4333 a
2221 4280 2493 4334 creatione
2529 4277 3005 4333 consummandam
3048 4291 3168 4330 esse
3190 4316 3204 4338 ,
3234 4275 3300 4327 de
3335 4287 3441 4343 quo
3485 4273 3719 4342 Epistola

2153 4369 2412 4424 Barnabae
2445 4373 2659 4426 nomine
2703 4370 2955 4438 inscripta
2996 4382 3112 4437 cap.
3148 4365 3232 4429 15,
3263 4365 3498 4420 lrenmus
3527 4365 3720 4419 adver-

2153 4479 2244 4517 sus
2277 4462 2508 4517 hzereses
2536 4464 2626 4516 lib.
2659 4480 2687 4512 ν
2718 4477 2833 4529 cap.
2865 4462 2956 4525 28,
2988 4461 3294 4514 Lactantius
3324 4459 3416 4511 lib.
3441 4473 3510 4510 vn
3545 4455 3715 4511 Divin.

474 4549 749 4603 Philaslrii
772 4593 786 4617 ,
820 4554 870 4604 in
897 4569 998 4620 quo
1027 4555 1228 4607 nullum
1262 4557 1503 4608 clausula:
1531 4559 1813 4627 vestigium,
1847 4563 2052 4614 interci-
2077 4553 2130 4611 D
2153 4554 2324 4607 lnsm.
2377 4568 2496 4621 cap.
2544 4553 2626 4626 l-l~
2651 4563 2704 4606 et
2746 4552 2835 4613 Ξῖ),
2882 4551 3213 4605 Gaudentius
3257 4559 3456 4612 noster,
3495 4548 3716 4616 aliique.

470 4642 624 4695 disse.
651 4644 718 4696 At
759 4659 944 4712 parum
970 4645 1194 4700 feliciter
1208 4645 1512 4700 clarissimo
1524 4647 1639 4701 viro
1659 4650 1820 4702 cessit
1840 4651 2050 4717 conjec-

473 4745 594 4787 tura
625 4751 740 4800 sua,
763 4754 881 4791 nam
907 4739 958 4792 in
983 4738 1294 4793 Corbeicnsi
1325 4755 1450 4804 ms.,
1474 4757 1502 4794 a
1525 4745 1630 4810 quo
1655 4742 1895 4798 defectus
1920 4746 2050 4798 isto-

471 4839 588 4876 rum
644 4840 736 4879 sex
783 4829 1014 4895 capitum
1055 4830 1268 4899 egregie
1306 4831 1605 4899 suppletur,
1641 4833 1828 4886 eadem
1876 4834 2049 4902 capita

470 4917 635 4968 variis
667 4917 720 4970 in
753 4918 906 4980 locis,
937 4919 1275 4990 diversisque
1303 4926 1403 4975 sub
1430 4926 1664 4978 numeris
1693 4925 2045 4979 collocantur.

474 5007 628 5058 Enim
647 5023 776 5063 vero
800 5019 916 5076 post
939 5025 1056 5078 cap.
1078 5011 1181 5066 106
1201 5012 1328 5066 edit.
1350 5013 1790 5081 Hamburgensis,
1812 5025 1870 5069 ut
1887 5016 2047 5069 etiam

475 5106 671 5150 nostra:
693 5139 708 5162 ,
739 5101 882 5166 quod
915 5102 964 5153 in
997 5118 1098 5156 ms.
1128 5114 1343 5158 notatur
1371 5123 1424 5160 η.
1458 5123 1638 5160 Lxxvn
1662 5149 1675 5172 ,
1704 5108 1790 5160 ubi
1835 5108 2050 5176 ponitur

476 5183 700 5239 bzeresis
720 5189 782 5242 de
803 5192 950 5241 annis
974 5191 1180 5258 Christi,
1197 5205 1244 5248 et
1272 5206 1492 5265 tempore
1516 5199 1785 5264 dubitans;
1807 5200 2053 5268 sequitur

475 5273 526 5326 in
559 5275 750 5329 eodem
785 5293 910 5340 ms.,
942 5283 1170 5348 repetito
1199 5285 1388 5339 eodem
1429 5303 1652 5342 numero
1696 5304 1905 5352 Lxxvn,
1945 5290 2048 5342 alia

479 5364 696 5419 hmresis
711 5367 777 5421 de
802 5367 906 5422 line
928 5371 1135 5440 mundi,
1155 5386 1207 5428 et
1224 5379 1688 5433 consummatione
1701 5380 1906 5442 saeculi,
1929 5395 2050 5446 qua:

477 5470 529 5508 1η
544 5456 702 5511 editis
727 5459 896 5524 deest;
916 5461 1671 5537 deindepostcap.l12(nobis
1697 5470 1834 5540 H5),
1867 5471 1920 5525 in
1944 5485 2048 5539 quo

478 5559 559 5602 est
584 5548 805 5608 haeresis
836 5555 898 5609 de
920 5567 1112 5625 septem
1140 5561 1392 5629 planetis,
1421 5570 1740 5631 notaturque
1770 5564 1822 5618 in
1854 5578 1954 5618 ms.
1990 5578 2044 5615 n.

552 5741 625 5810 (α)
664 5742 815 5800 Tom.
845 5743 911 5801 Vl
938 5747 1076 5819 Opp.
1107 5753 1212 5808 col.
1244 5751 1298 5808 6;

2155 4645 2288 4697 Cum
2317 4655 2492 4697 autem
2534 4659 2597 4696 ex
2642 4645 3016 4712 supputatione
3043 4657 3159 4710 qua:
3202 4640 3559 4693 communiter
3594 4648 3718 4692 tunc

2156 4729 2450 4800 obtinebat,
2480 4754 2509 4790 a
2537 4739 2712 4792 Mundi
2737 4740 3008 4792 creatione
3035 4738 3100 4790 ad
3129 4738 3398 4791 Christum
3425 4739 3594 4806 elapsi
3626 4754 3720 4806 pu-

2155 4836 2397 4882 tarentur
2423 4831 2654 4897 quinque
2685 4830 2828 4882 mille
2870 4839 2924 4882 et
2951 4829 3179 4895 amplius
3204 4829 3330 4881 anni
3351 4870 3366 4894 ,
3406 4827 3528 4882 hinc
3558 4827 3717 4880 ﬁebat

2150 4927 2215 4992 ut
2247 4922 2633 4972 consummatio
2667 4919 2878 4979 saeculi,
2911 4930 2966 4972 et
2997 4919 3196 4972 Christi
3233 4919 3426 4973 iterum
3457 4919 3524 4974 de
3565 4918 3716 4973 etelis

2153 5011 2431 5074 adventus,
2461 5025 2565 5064 non
2594 5012 2753 5079 longo
2777 5012 3032 5078 temporis
3062 5011 3343 5064 intervallo
3367 5011 3718 5084 crederentur

2154 5099 2374 5156 distare.
2399 5102 2534 5168 Quin
2564 5103 2722 5156 etiam
2747 5101 3059 5172 Hippolytus
3083 5111 3300 5171 martyr,
3333 5103 3553 5156 testibus
3580 5101 3710 5156 Pho.

2151 5194 2227 5247 tio
2266 5194 2385 5247 cod.
2415 5194 2519 5246 202
2549 5205 2600 5248 et
2644 5194 2895 5263 Syncello
2926 5212 2976 5261 p.
3005 5195 3108 5247 MS
3129 5235 3144 5259 ,
3185 5195 3509 5248 existimavit
3535 5193 3716 5247 Chris—

2151 5292 2260 5336 tum
2307 5293 2486 5338 natum
2539 5287 2756 5340 ineunte
2795 5300 2936 5340 anno
2970 5285 3101 5338 5501
3151 5299 3178 5336 a
3224 5285 3424 5338 mundo
3466 5284 3712 5346 condito;

2145 5377 2402 5445 judicium
2427 5392 2552 5431 vero
2585 5377 2816 5432 futurum
2847 5378 2950 5433 500
2977 5379 3129 5431 annis
3155 5388 3274 5445 post
3296 5377 3492 5431 Christi
3516 5387 3709 5439 ortum,

2149 5470 2289 5537 quod
2319 5470 2425 5524 fere
2448 5471 2695 5539 convenit
2719 5485 2840 5523 cum
2870 5470 3140 5523 Philastrii
3166 5469 3456 5522 sententia.
3479 5467 3717 5522 Fuerunt

2151 5559 2243 5627 qui
2275 5575 2549 5614 numerum
2580 5553 2684 5614 500
2711 5573 2993 5626 annorum,
3021 5573 3126 5627 quo
3157 5557 3341 5615 mundi
3371 5559 3712 5612 consumma-
