3922 6418
201 352 335 412 1089

1418 356 1474 410 Ρ.
1525 353 1871 412 GALEARDI
1910 353 2300 413 PR£FATIO.

3308 361 3446 418 1090

204 471 297 530 tio,
331 475 383 520 et
411 465 612 522 Christi
642 468 833 524 iterum
861 470 928 524 de
953 469 1104 525 caelis
1133 441 1395 525 adventus
1425 471 1634 528 futurus
1664 480 1772 526 sla-
1798 475 1845 532 A
1873 476 2220 545 ἐπιθυμίαιςνὸ
2253 482 2378 535 παῖς
2397 515 2410 538 ,
2440 475 2672 528 seductus
2711 475 2809 543 fuit
2848 492 2880 526 (ι
2915 476 3275 546 cupiditatibus
3306 493 3450 544 puer;

204 560 472 624 tuebatur,
500 570 622 629 post
651 572 862 617 sextum
891 562 1246 617 millenarium
1272 564 1594 632 completum
1623 580 1779 634 repo-

201 662 416 717 nerent,
446 663 500 708 et
533 654 615 709 sic
642 669 784 709 anno
811 671 840 709 a
867 655 1138 710 creatione
1174 654 1356 709 mundi
1388 663 1541 709 sexto
1570 663 1623 708 et
1652 655 1776 708 mil-

129 767 132 770 ’
200 744 428 809 lesimo,
457 744 781 814 quingentos
825 746 924 800 hos
967 760 1137 800 annos
1179 745 1478 809 adderent;
1524 753 1580 797 ut
1617 743 1776 799 docet

199 834 500 891 Cotelerius
527 836 596 891 ad
627 837 921 906 Epistolam
950 837 1205 892 Barnabas
1233 852 1285 905 p.
1314 835 1407 900 44,
1443 844 1621 890 utrum
1643 849 1776 891 vero

200 926 522 982 Philastrius
548 927 708 983 fuerit
737 929 790 982 in
823 928 1020 997 priori,
1045 943 1112 982 an
1138 927 1190 981 in
1214 927 1496 996 posteriori
1526 927 1623 982 hac
1651 942 1776 983 sen-

201 1018 366 1074 tentia
410 1033 516 1073 non
567 1019 698 1073 satis
745 1019 931 1088 liquet.
979 1016 1199 1072 Videndi
1247 1031 1408 1084 porro
1444 1014 1774 1084 Augustinus

200 1109 295 1162 lib.
312 1123 444 1163 xvm
465 1108 534 1162 de
548 1107 662 1162 Civ.
683 1123 802 1177 cap.
817 1109 906 1172 55,
923 1103 1221 1161 Cotelerius
1240 1103 1308 1157 ad
1335 1104 1623 1172 Epistolam
1645 1106 1776 1159 Bard

201 1201 356 1256 nabas
397 1215 451 1270 p.
485 1199 577 1266 44,
619 1199 709 1255 ubi
743 1199 907 1252 alium
954 1197 1115 1252 etiam
1157 1194 1429 1249 Philastrii
1458 1194 1771 1250 locumvex-

201 1293 407 1362 pendit,
434 1293 523 1362 qui
554 1305 674 1360 cap.
702 1289 802 1344 106
827 1290 902 1343 ait
949 1287 1061 1341 falli
1089 1300 1181 1340 eos
1202 1286 1290 1354 qui
1322 1294 1511 1354 putant
1540 1300 1570 1338 a
1599 1286 1773 1355 primo

199 1383 405 1438 Christi
432 1383 667 1436 adventu
696 1380 761 1433 ad
791 1376 1107 1441 secundum,
1138 1375 1190 1429 id
1216 1385 1300 1430 est
1339 1374 1404 1429 ad
1432 1389 1774 1429 consumma-

199 1474 403 1529 tionem
429 1471 648 1547 saeculi,
683 1477 953 1524 trecentos
993 1456 1266 1536 sexaginta
1306 1465 1539 1535 quinque
1579 1479 1767 1532 annos,

198 1583 293 1621 nec
322 1566 458 1634 plus,
482 1579 574 1616 nec
596 1563 786 1628 minus,
803 1562 1000 1616 debere
1022 1557 1328 1622 numerari;
1362 1558 1608 1613 Clemens
1645 1556 1770 1612 item

196 1658 596 1714 Alexandrinus
625 1655 756 1712 edit.
789 1654 990 1711 Potteri
1027 1669 1079 1723 p.
1109 1652 1231 1716 407,
1271 1652 1324 1704 in
1353 1651 1494 1704 notis
1522 1650 1773 1705 collecta-

198 1750 318 1806 neis
354 1749 422 1804 ad
460 1749 554 1803 lib.
591 1764 608 1802 ι
652 1746 852 1803 Strom.
890 1759 1009 1814 cap.
1051 1744 1142 1808 21,
1186 1750 1242 1797 et
1276 1740 1666 1795 Feuardentius
1704 1738 1771 1793 ad

1874 563 2110 634 itemque
2147 566 2478 634 TbeOphilus
2510 565 2873 620 Antioeltenus
2915 567 3005 621 lib.
3047 583 3083 620 ιι
3124 569 3192 622 ad
3232 567 3456 633 Autoly—

1874 669 1994 708 cum
2027 671 2078 724 p.
2111 656 2240 722 514,
2274 657 2327 710 in
2363 655 2662 720 Ortbodox,
2694 656 2914 722 dicens,
2947 656 3087 725 quod
3131 657 3252 712 ideo
3280 656 3450 711 Adam

1871 743 2019 814 ligno
2055 746 2295 801 scientia:
2318 746 2475 817 Ivesci
2521 736 2853 816 nequiverit,
2894 746 3016 815 quia
3055 745 3128 800 in
3169 751 3344 806 νήπιος
3371 745 3449 810 ἧν,

1873 835 2042 888 adhuc
2067 836 2271 906 infans,
2301 853 2392 891 seu
2427 853 2552 906 puer
2585 847 2711 891 erat.
2744 837 2824 890 Ad
2855 836 2907 890 id
2944 835 3085 905 quod
3116 837 3358 905 sequitur
3382 837 3452 890 de
3493 903 3496 906 ,

1874 927 2138 981 sententia
2190 936 2247 982 et
2278 928 2485 995 judicio
2517 927 2757 993 diaboli,
2795 942 2903 996 quo
2938 927 3150 981 videtur
3175 927 3451 981 insinuare

1875 1016 2211 1084 Philastrius,
2241 1018 2458 1073 diabolo
2499 1027 2617 1088 post
2659 1019 2867 1088 lapsum
2897 1019 3227 1087 pmuitentia:
3271 1019 3446 1072 locum

1875 1110 2236 1178 superfuisse;
2267 1113 2493 1166 fortasse
2525 1111 2774 1166 collineat
2801 1111 2922 1164 trita
2951 1110 3042 1164 illa
3068 1119 3308 1164 veterum
3340 1126 3444 1164 non

1875 1204 2059 1272 paucis
2082 1203 2370 1270 sententia,
2394 1204 2663 1259 diabolum
2692 1202 2926 1257 nondum
2951 1202 3312 1257 damnationis
3338 1218 3450 1256 suae

1873 1290 2148 1360 accepisse
2178 1295 2524 1358 sententiam,
2558 1308 2731 1362 neque
2759 1292 3097 1362 sempiternis
3123 1292 3449 1346 cruciatibus

1873 1382 2166 1450 addictum,
2210 1384 2306 1438 sed
2345 1385 2400 1438 in
2440 1394 2690 1440 extremo
2721 1384 2919 1453 judicio
2951 1385 3000 1438 id
3032 1399 3152 1437 eum
3180 1398 3300 1438 esse
3328 1397 3449 1452 pas-

1873 1488 2093 1539 surum;
2121 1474 2254 1530 dicit
2281 1477 2426 1530 enim
2458 1475 2773 1530 Pliilastrius
2805 1492 2818 1527 :
2851 1472 3097 1528 Diabolus
3126 1491 3238 1527 cum
3267 1473 3447 1527 durior

1872 1564 1940 1618 ad
1979 1566 2318 1634 paenitentiam
2362 1566 2673 1636 pervidetur,
2706 1567 2950 1634 maiorem
2996 1566 3156 1635 futuri
3193 1564 3381 1632 judicii
3417 1581 3450 1616 a

1874 1655 2075 1710 Christo
2099 1655 2323 1711 Domino
2348 1658 2636 1712 servitutem
2658 1658 2924 1727 (fortasse
2949 1658 3226 1725 legendum
3265 1657 3448 1711 severi-

1873 1746 2046 1817 tatem)
2068 1757 2359 1818 eccspectat;
2386 1748 2455 1804 de
2481 1765 2586 1817 quo
2614 1748 2876 1803 videndus
2905 1747 3200 1802 Massuetus
3233 1748 3298 1801 ad
3339 1747 3450 1803 Ire-

199 1841 465 1896 lreuaum
497 1838 593 1894 lib.
622 1854 656 1893 v
683 1852 802 1908 cap.
830 1836 922 1903 28,
945 1835 1075 1890 edit.
1097 1832 1346 1890 Massueti
1377 1845 1430 1899 p.
1457 1829 1584 1894 199,
1608 1837 1666 1882 ιιι
1692 1829 1770 1881 in-
1801 1843 1848 1901 Β
1874 1851 2046 1890 meum
2095 1837 2185 1891 lib.
2217 1854 2270 1904 ν,
2300 1853 2420 1907 cap.
2459 1837 2564 1904 26,
2599 1855 2652 1907 p.
2685 1839 2827 1902 524;
2873 1839 3105 1908 itemque
3142 1839 3359 1894 dissert.
3392 1839 3450 1904 5,

200 1940 466 2002 terpretes
491 1941 600 1985 tum
623 1939 855 1994 veteres,
879 1933 993 1980 tum
1022 1923 1369 1987 recentiores,
1392 1919 1770 1984 transmittam,

199 2026 294 2096 qui
338 2025 408 2080 ad
446 2038 568 2093 cap.
617 2038 740 2076 χχιιι
786 2019 1020 2075 Matthaei
1057 2032 1198 2072 vers.
1249 2016 1316 2071 56
1356 2023 1411 2069 et
1458 2015 1477 2068 Ι
1524 2010 1770 2068 Thessal.

198 2132 323 2187 cap.
347 2132 400 2182 v,
423 2130 564 2170 vers.
586 2116 635 2180 1,
663 2114 768 2167 late
792 2114 844 2167 in
869 2111 969 2166 hoc
991 2114 1306 2179 argumento
1325 2105 1606 2192 exspatiati
1627 2111 1772 2157 sunt.

271 2208 366 2263 24.
407 2207 490 2262 Ad
521 2220 806 2261 numerum
843 2219 1037 2258 uxxv:
1069 2203 1123 2256 in
1154 2214 1254 2255 ms.
1288 2197 1600 2253 Corbeiensi
1627 2195 1779 2250 addi-

201 2309 292 2357 tur
313 2300 536 2356 haeresis
563 2299 631 2354 de
657 2298 858 2368 duplici
898 2296 1031 2360 Deo,
1056 2309 1212 2364 quam
1243 2292 1427 2346 tribuit
1458 2289 1778 2344 Philastrius

202 2393 278 2448 ibi
311 2391 630 2455 Manicluzis,
689 2388 964 2451 Gnosticis,
997 2384 1269 2438 Nicolaitis
1308 2389 1356 2435 et
1397 2381 1514 2434 aliis
1546 2379 1774 2446 perditis,

202 2486 293 2554 qui
325 2485 379 2537 in
412 2485 553 2537 hunc
579 2496 819 2536 errorem
842 2477 1214 2538 consentiunt,
1239 2474 1462 2526 dicentes
1487 2471 1624 2539 quod
1648 2471 1778 2522 alter

203 2575 412 2645 quidem
436 2572 598 2647 bonus
618 2571 758 2624 Deus
777 2579 871 2634 est,
894 2569 1022 2620 alter
1042 2575 1210 2619 autem
1237 2563 1422 2616 malus.
1446 2561 1589 2616 Alibi
1615 2560 1775 2614 etiam

204 2665 526 2722 Philastrius
560 2663 629 2718 de
659 2662 759 2716 hoc
785 2674 971 2716 errore
1003 2657 1322 2712 Manichaeos
1348 2655 1556 2724 arguit,
1587 2665 1780 2721 nempe

205 2743 326 2824 cap.
353 2756 444 2820 6|,
477 2754 541 2809 ad
568 2768 726 2823 quem
755 2752 933 2806 locum
961 2748 1214 2803 nonnulla
1242 2745 1535 2815 adiecimus
1565 2746 1617 2799 in
1649 2745 1776 2812 Spi-

206 2848 448 2916 cilegio;
495 2850 654 2914 hujus
703 2850 880 2897 autem
933 2840 1134 2895 erroris
1184 2838 1334 2907 origo
1377 2835 1664 2891 aseribitur
1711 2835 1778 2889 ab

206 2941 400 2995 eodem
442 2936 726 2991 Pbilastrio
777 2949 895 3002 cap.
928 2932 996 2986 ﬂ
1033 2939 1088 2985 et
1129 2930 1231 2996 15,
1266 2927 1493 2983 Cerdoni
1545 2937 1600 2982 et
1637 2927 1777 2980 Mar-

206 3031 348 3086 cioni
376 3027 638 3085 Cerdonis
659 3027 956 3095 discipulo;
986 3038 1120 3093 quos
1151 3022 1217 3076 de
1251 3022 1352 3074 hoc
1383 3034 1566 3074 errore
1600 3018 1782 3073 redar-

207 3122 323 3192 guit
339 3130 452 3176 tum
467 3118 793 3190 Epiphanius
811 3115 998 3181 tom.l,
1012 3113 1197 3185 p.500,
1214 3112 1338 3175 505,
1353 3110 1442 3164 ubi
1460 3110 1780 3165 Marcionem

1874 1943 1993 1998 quso
2036 1937 2119 1983 est
2158 1930 2226 1984 de
2273 1929 2460 1984 lrenzei
2504 1930 2749 1985 doctrina
2795 1939 2896 1984 art.
2930 1930 2993 1995 9,
3033 1946 3088 1984 n.
3139 1930 3264 1997 108,
3314 1931 3449 1995 109;

1876 2017 2266 2073 Feuardentius
2316 2019 2516 2073 Annot.
2571 2019 2636 2074 ad
2693 2020 2954 2074 lremeum
3009 2020 3139 2074 edit.
3199 2020 3457 2075 Massucti

1878 2124 1931 2176 p.
1966 2109 2026 2161 11
2058 2118 2114 2163 et
2151 2109 2287 2174 198,
2320 2111 2397 2164 uti
2436 2112 2596 2165 etiam
2636 2111 2886 2167 Petavius
2931 2121 3061 2166 tom.
3101 2112 3168 2167 lll
3205 2112 3451 2183 Dogmat.

1877 2200 2135 2272 Theolog.
2177 2202 2212 2256 l.
2245 2219 2294 2270 ι,
2324 2202 2393 2258 de
2421 2204 2661 2273 Angelis,
2694 2220 2743 2258 c.
2769 2205 2804 2258 8
2833 2213 2888 2258 et
2916 2205 2954 2258 l.
2987 2220 3071 2270 ιιι,
3108 2220 3158 2259 c.
3188 2206 3242 2259 4.

1948 2292 2039 2345 25.
2079 2291 2209 2358 Quae
2238 2294 2306 2346 de
2330 2291 2573 2362 pelliCeis
2604 2293 2803 2348 tunicis
2848 2293 3143 2363 primorum
3174 2303 3459 2364 parentum

1881 2381 2042 2433 tradit
2070 2382 2399 2436 Philastrius
2425 2401 2478 2436 n.
2512 2401 2749 2439 Lxxxvm
2768 2386 2976 2440 codicis
3003 2385 3372 2453 Corbeiensis,
3397 2404 3462 2444 ea

1878 2472 2102 2525 tendant
2122 2472 2187 2525 ad
2217 2472 2574 2527 refellendam
2604 2475 2819 2528 illorum
2868 2475 3145 2541 haeresim,
3173 2477 3262 2544 qui
3291 2476 3463 2530 bonii—

1877 2579 1991 2617 nem
2011 2567 2127 2635 jam
2157 2566 2413 2630 choicum,
2443 2572 2506 2618 ut
2530 2565 2603 2618 ait
2627 2564 2864 2619 lrenmus
2897 2567 2996 2637 (c),
3021 2568 3074 2621 id
3092 2578 3176 2622 est
3197 2583 3263 2622 ex
3294 2577 3466 2623 mate-

1876 2653 1956 2707 ria
1984 2663 2320 2720 concretum,
2346 2669 2450 2707 non
2481 2665 2649 2708 tamen
2683 2654 2746 2707 ab
2774 2655 2869 2707 hac
2895 2656 3046 2707 arida
3092 2665 3252 2720 terra,
3283 2659 3371 2710 sed
3399 2658 3464 2710 ab

1878 2745 2122 2800 invisibili
2142 2747 2424 2800 substantia
2443 2745 2668 2800 formam
2697 2747 2972 2815 accepisse
2990 2749 3277 2814 putabant;
3308 2747 3464 2802 dein-

1879 2837 1947 2892 de
1976 2837 2246 2891 carnalem
2280 2836 2622 2907 superlieiem
2650 2850 2716 2890 ac
2737 2836 3048 2890 seusibilem
3075 2836 3324 2905 corporis
3353 2835 3460 2889 for-

1881 2945 2020 2983 mam
2051 2937 2179 2983 tunc
2203 2927 2465 2994 induisse,
2494 2943 2614 2982 cum
2639 2927 2691 2981 in
2714 2927 2913 2982 Genesi
2945 2927 3160 2998 legitur,
3188 2927 3330 2998 quod
3361 2928 3463 2982 Do-

1881 3018 2058 3072 minus
2084 3017 2341 3084 pelliceas
2372 3017 2580 3072 tunicas
2603 3017 2792 3086 primis
2817 3017 3131 3085 parentibus
3149 3017 3274 3071 fecit
3304 3016 3459 3088 (Gen.

1883 3125 1962 3175 ιιι,
1988 3109 2104 3177 21).
2129 3109 2242 3163 Hoc
2271 3118 2451 3164 autem
2485 3108 2702 3163 nomine
2731 3109 3095 3178 arguebantur
3125 3109 3466 3178 potissimum

128 3238 130 3240 τ
208 3230 316 3267 non
340 3213 447 3268 duo
476 3219 680 3266 tantum
705 3207 986 3278 principia,
1002 3205 1096 3259 sed
1126 3205 1221 3258 tria
1239 3200 1581 3257 constituisse
1611 3201 1780 3254 anim-
1803 3200 1848 3263 C
1881 3198 2269 3263 Valentiniani,
2318 3209 2377 3252 ut
2421 3207 2637 3253 constat
2659 3215 2724 3254 es
2756 3198 3093 3277 Tertulliano
3111 3201 3323 3254 advers.
3359 3201 3467 3254 Va-

209 3304 459 3368 advertit,
513 3301 656 3371 quod
707 3307 944 3353 notatum
973 3298 1132 3352 etiam
1161 3295 1356 3350 Grabio
1386 3293 1450 3348 ad
1495 3293 1774 3356 lrenzeum,

209 3397 247 3451 Ι.
280 3411 359 3458 ιιι,
387 3409 437 3447 c.
460 3392 551 3459 45,
578 3390 708 3446 edit.
734 3388 982 3443 Massueti
1011 3401 1065 3454 p.
1094 3385 1228 3449 Ml;
1257 3394 1371 3437 tum
1393 3390 1518 3436 ante
1549 3381 1778 3449 Epipha-

209 3486 358 3541 nium
386 3483 638 3548 lrenmus,
670 3481 784 3550 ipse
814 3480 850 3534 Ι.
879 3493 926 3544 ι,
954 3492 1004 3531 e.
1032 3476 1124 3540 27,
1153 3474 1397 3530 eumdem
1428 3487 1664 3528 errorem
1695 3485 1779 3526 rc-
1818 3535 1828 3558 Ι

211 3578 427 3639 futans,
457 3575 492 3628 l.
525 3588 618 3640 ιιι,
647 3587 697 3627 e.
733 3572 767 3626 9
797 3579 849 3625 et
875 3570 974 3636 45,
1008 3570 1168 3623 immo
1206 3567 1319 3621 fere
1357 3575 1469 3619 toto
1499 3565 1534 3618 Ι.
1567 3580 1658 3629 ιιι,
1702 3564 1776 3617 uti

211 3673 467 3728 observat
495 3664 879 3722 Feuardentius
917 3662 980 3716 ad
1018 3660 1113 3714 lib.
1153 3676 1170 3714 ι
1213 3657 1397 3713 lrenaei
1435 3672 1484 3711 c.
1515 3655 1616 3721 29,
1646 3655 1776 3709 edit.

214 3759 466 3815 Massueti
509 3773 560 3826 p.
594 3757 684 3823 77,
715 3769 780 3837 ac
817 3762 928 3809 toto
967 3752 1058 3807 lib.
1096 3766 1170 3816 tv,
1203 3759 1356 3820 prout
1382 3747 1613 3802 advertit
1639 3746 1780 3801 Mas—

213 3861 399 3909 suetus
424 3850 638 3905 dissert.
668 3851 724 3916 5,
753 3850 806 3903 in
834 3849 1113 3911 Irenaeum,
1147 3861 1201 3899 ιι.
1225 3844 1316 3910 55,
1346 3858 1400 3912 p.
1429 3857 1589 3898 cxxx.
1627 3839 1782 3908 Quod

214 3941 397 3998 subdit
423 3939 741 3995 Philastrius
775 3955 787 3990 :
823 3938 943 3991 Non
968 3936 1137 4004 itaque
1169 3934 1398 3987 invidens
1428 3931 1569 3985 Deus
1597 3933 1783 3997 repulit

214 4044 412 4103 patrem
449 4038 678 4084 nostrum
705 4029 769 4082 de
796 4027 1066 4099 paradiso,
1099 4026 1186 4078 sed
1215 4024 1377 4090 magis
1405 4022 1569 4073 eidem
1595 4036 1780 4072 consu-

213 4127 322 4180 lens
364 4124 417 4175 in
461 4137 615 4192 parvo
651 4120 888 4190 ,peccanti
923 4133 1024 4171 non
1054 4113 1272 4184 pepercit
1302 4109 1408 4181 (a),
1440 4125 1503 4162 ne
1531 4109 1783 4178 parcendo

211 4217 279 4270 ad
319 4217 520 4286 majora
561 4212 710 4266 etiam
750 4211 941 4263 crimen
978 4206 1082 4258 alia
1119 4203 1271 4272 (lege
1300 4200 1367 4251 ad
1403 4201 1600 4269 majora
1639 4198 1784 4250 etiant

211 4305 476 4377 crimina),
495 4304 738 4358 inveniret
767 4317 878 4354 eum
901 4294 1177 4367 prodeunte
1201 4300 1346 4345 (etate
1367 4291 1616 4359 ampliore
1638 4289 1786 4360 (sup-

212 4399 303 4467 ple
331 4395 666 4467 processisse)
694 4402 964 4462 posteaque
1000 4383 1251 4439 criminali
1285 4382 1474 4449 iudicio
1500 4397 1640 4434 reum
1677 4385 1788 4450 fac-

214 4498 323 4540 tum
350 4485 569 4554 amplius
595 4482 990 4544 condemnaret,
1031 4475 1206 4529 simile
1245 4482 1329 4528 est
1357 4473 1407 4528 ei
1446 4472 1586 4542 quod
1627 4471 1787 4526 habet

1878 3292 2202 3369 lentinianos
2229 3306 2346 3359 cap.
2363 3291 2433 3344 24
2454 3311 2467 3344 :
2485 3291 2706 3346 Interim
2724 3293 2981 3346 carnalem
3002 3293 3326 3361 superﬁciem
3347 3309 3467 3361 pos-

1878 3394 1958 3435 tea
1986 3384 2130 3435 aiunt
2174 3382 2582 3452 (Valentiniani)
2614 3383 2794 3438 choico
2837 3392 3208 3453 supertextam,
3249 3394 3296 3438 et
3332 3389 3464 3437 hanc

1878 3489 1986 3525 esse
2008 3473 2271 3541 pelliceam
2301 3474 2526 3525 tunicam
2554 3473 2824 3527 obnoxiam
2869 3476 3063 3527 sensui.
3104 3474 3169 3527 Et
3201 3489 3321 3542 cap.
3340 3475 3372 3526 7
3398 3473 3468 3528 de

1880 3564 2188 3618 Resurrect.
2237 3565 2462 3620 carnis:
2498 3563 2679 3634 Neque
2728 3566 2886 3630 enim,
2921 3575 2977 3616 ut
3017 3566 3227 3633 quidam
3267 3567 3468 3632 volunt,

1879 3656 1984 3708 illa:
1996 3655 2212 3719 pellicia:
2234 3656 2443 3719 tunicae,
2464 3670 2591 3722 quas
2603 3653 2768 3707 Adam
2789 3664 2834 3707 et
2863 3652 2973 3707 Eva
2996 3656 3297 3722 paradisum
3323 3658 3468 3709 exuti

1881 3745 2193 3811 induerunt,
2220 3747 2346 3817 ipsae
2374 3755 2524 3799 erunt
2549 3745 2718 3798 carnis
2746 3760 2810 3798 ea:
2837 3744 2957 3798 limo
2984 3748 3274 3815 reformatio
3297 3786 3312 3811 ,
3350 3763 3465 3800 cum

1884 3841 2150 3908 aliquanto
2188 3839 2331 3907 prius
2354 3849 2401 3892 et
2413 3838 2604 3902 ,Adam
2648 3837 2945 3892 substantia:
2990 3853 3097 3892 sua:
3125 3839 3385 3892 traducem
3412 3841 3466 3893 in

1885 3933 2078 4001 femina
2089 3931 2207 3998 jam
2228 3946 2403 3994 carne,
2429 3932 2775 3998 recognoverit
2796 3945 2817 3983 :
2837 3930 2951 4000 Hoc
2982 3946 3122 3986 nunc
3151 3946 3211 3984 os
3233 3947 3299 3985 ex
3325 3933 3465 3986 ossi-

1882 4023 1985 4076 bus
2005 4020 2161 4084 meis;
2193 4026 2248 4072 et
2276 4034 2405 4073 caro
2436 4033 2504 4073 ex
2529 4033 2692 4073 carne
2721 4033 2840 4073 mea
2869 4018 3023 4088 (Gen.
3055 4035 3113 4084 ιι,
3137 4019 3250 4087 25),
3280 4030 3326 4072 et
3351 4021 3466 4088 ipsa
3553 4023 3557 4028 ”

1886 4112 2129 4164 delibatio
2157 4110 2374 4163 masculi
2412 4111 2465 4162 in
2503 4109 2750 4177 feminam
2777 4126 2930 4163 carne
2955 4110 3190 4180 suppleta
3208 4112 3310 4180 sit,
3342 4112 3465 4164 limo

1886 4202 2071 4268 opinor
2098 4199 2407 4269 supplenda,
2435 4198 2480 4252 si
2501 4199 2666 4251 Adam
2692 4198 2862 4252 adhuc
2885 4177 3222 4264 limus.Quas
3237 4201 3468 4267 pellicias

1889 4290 2089 4343 tunicas
2136 4288 2355 4344 vocavit
2407 4287 2815 4353 Tertullianus,
2868 4289 3206 4341 derumtinam
3244 4291 3468 4343 tunicam

1887 4380 2021 4434 dixit
2042 4380 2299 4444 Irenaeus,
2323 4379 2463 4434 hunc
2483 4378 2984 4434 Valentinianorum
3011 4395 3250 4434 errorem
3278 4395 3470 4436 recen-

1890 4470 2110 4542 sens(d)
2143 4487 2155 4522 :
2184 4469 2312 4524 Post
2344 4470 2909 4525 deindecircumdatam
2935 4471 3112 4524 dicunt
3144 4473 3192 4524 ei
3211 4471 3466 4526 dermati-

211 4591 335 4644 cap.
367 4572 492 4637 129,
521 4571 588 4626 de
622 4570 751 4626 Cain
785 4577 1020 4640 peccato,
1055 4566 1143 4621 ubi
1169 4565 1299 4619 dicit
1331 4578 1452 4618 eum
1483 4570 1787 4632 correptum
1814 4563 2014 4623 Dnam
2047 4562 2279 4617 tunicam
2305 4579 2320 4615 :
2350 4560 2484 4616 hanc
2510 4571 2680 4615 autem
2707 4562 2998 4616 sensibilem
3027 4578 3228 4617 carnem
3252 4579 3361 4615 esse
3383 4577 3468 4616 vo-

213 4680 241 4719 a
277 4662 546 4728 Domino,
575 4670 629 4714 ut
669 4661 714 4714 si
754 4662 951 4730 fructus
989 4657 1235 4711 bonorum
1266 4670 1474 4725 operum
1512 4653 1575 4707 de
1612 4662 1791 4707 ccetero

214 4771 331 4810 eum
373 4761 686 4824 sequeretur,
725 4750 1071 4806 remissionem
1112 4747 1237 4800 tanti
1282 4747 1483 4809 sceleris
1521 4754 1652 4799 esset
1684 4746 1793 4800 sine

215 4847 369 4901 dubio
414 4854 732 4915 accepturus.
773 4843 945 4898 Verba
993 4836 1153 4910 porro
1201 4839 1289 4892 illa
1336 4837 1617 4908 prodeunte
1643 4847 1793 4892 (etate

217 4938 488 5008 ampliore,
511 4935 748 4992 indicare
773 4933 1042 4995 videntur,
1071 4929 1410 4985 Philastrium
1446 4931 1496 4982 in
1529 4943 1592 4982 ea
1625 4927 1790 4983 fuisse

216 5029 516 5094 sententia,
561 5041 682 5097 quas
725 5024 921 5080 asserit
966 5024 1164 5092 primos
1210 5028 1461 5091 parentes
1507 5021 1561 5074 in
1605 5020 1786 5075 adulta

216 5129 378 5173 aetate
429 5117 572 5172 haud
617 5124 867 5177 creatos;
926 5114 1062 5166 hanc
1112 5121 1290 5168 autem
1341 5110 1504 5166 tradit
1555 5110 1789 5172 Irenaaus

215 5208 260 5262 l.
287 5222 375 5274 ιιι,
411 5220 460 5261 c.
486 5206 579 5271 22,
609 5222 664 5260 ιι.
689 5197 746 5270 1⁸,
776 5203 864 5260 cui
899 5203 1026 5258 licet
1053 5217 1159 5258 non
1197 5205 1392 5258 multos
1420 5205 1787 5273 patrocinatur-

186 5313 311 5353 .ros
351 5297 467 5352 lore
508 5297 816 5365 pronuntiet
856 5295 1153 5349 Massuetus
1195 5294 1259 5348 ad
1298 5294 1442 5348 hunc
1479 5294 1666 5350 [renati
1714 5294 1791 5349 lo—

214 5401 344 5443 cum
366 5385 467 5457 (b),
489 5399 608 5440 eam
638 5393 814 5440 tamen
835 5397 1089 5461 expresse
1109 5382 1262 5438 docet
1286 5381 1537 5438 Clemens
1557 5383 1791 5439 Alexan-

214 5478 408 5536 drinus
431 5478 694 5544 Protrept.
720 5488 839 5544 cap.
865 5473 955 5540 11,
981 5474 1070 5529 ubi
1095 5473 1163 5529 de
1186 5474 1354 5529 Adam
1383 5475 1458 5528 ait
1488 5492 1501 5528 :
1533 5481 1789 5550 παρήγετο

288 5633 363 5704 (a)
406 5627 790 5704 Similiter_5l_e
828 5628 1279 5704 Adam_loquitur
1321 5629 1553 5684 tremens
1596 5628 1632 5681 ι.
1690 5644 1764 5694 ιιι,

217 5723 274 5763 c.
296 5697 386 5771 25,
414 5719 470 5757 ιι.
504 5700 558 5770 ϐ,
593 5716 643 5768 p.
665 5697 796 5771 222,
821 5699 951 5754 edit.
982 5697 1250 5754 Massueti.
1273 5731 1289 5769 ,-

292 5769 377 5850 (b)
408 5769 549 5845 Pag.
563 5769 710 5834 2l9J

1894 4657 2026 4715 lunt.
2059 4654 2243 4710 Sixtus
2273 4652 2533 4708 Senensis
2553 4652 2648 4706 lib.
2682 4667 2713 4704 v
2735 4651 2991 4706 Biblioth.
3025 4661 3243 4717 sanctae,
3278 4661 3474 4704 annot.-

1891 4748 1980 4813 55,
2009 4746 2175 4800 refert
2190 4758 2430 4798 errorem
2466 4742 2609 4796 buiic
2629 4755 2660 4794 a
2688 4740 2957 4795 Methodio
2984 4741 3275 4808 ascriptum
3299 4741 3467 4795 fuisse

1891 4836 2102 4906 Origeni
2128 4851 2142 4900 ;
2169 4833 2323 4904 quasi
2348 4833 2393 4887 is
2445 4833 2785 4887 existimaret
2810 4847 2915 4887 rem
2947 4831 3225 4886 admodum
3265 4831 3463 4886 ridicu-

1891 4927 1992 4983 laiit
2011 4944 2138 4994 esse,
2167 4925 2304 4996 quod
2350 4923 2492 4978 Deus
2534 4924 2807 4978 decoriatis
2863 4924 3076 4978 mortuis
3121 4923 3463 4977 animantibus

1893 5019 2051 5089 pelles
2076 5023 2301 5086 pararet,
2324 5024 2372 5068 et
2402 5014 2642 5083 pelliceas
2669 5015 2866 5067 tunicas
2891 5021 3177 5078 consueret,
3199 5028 3260 5065 ac
3279 5012 3323 5064 si
3339 5021 3462 5065 esset

1888 5107 2159 5171 cariorius,
2181 5106 2260 5158 vel
2290 5104 2503 5172 pellium
2526 5111 2690 5158 sutor.
2722 5103 2769 5157 A
2794 5117 2902 5174 quo
2929 5111 3106 5156 tamen
3130 5116 3315 5156 errore
3342 5099 3461 5155 Ori-

1888 5212 2076 5269 genem
2104 5201 2294 5264 purgat
2318 5193 2576 5249 Senensis
2616 5193 2805 5249 eadem
2842 5201 3030 5247 annot.
3061 5192 3134 5246 55
3168 5190 3455 5246 subdens:

1890 5273 2134 5358 Suspicor
2151 5287 2286 5339 hunc
2305 5286 2474 5340 locum
2497 5287 2654 5354 fuisse
2678 5294 2978 5356 corruptum
3004 5283 3066 5336 ab
3095 5282 3294 5336 aemulis
3336 5282 3458 5334 Ori-

1888 5382 2062 5454 genis;
2083 5379 2125 5430 is
2170 5376 2306 5430 enim
2333 5377 2386 5430 in
2415 5377 2513 5429 hac
2541 5371 2838 5429 re‘mentem
2854 5390 2997 5427 suam
3019 5372 3266 5425 catltolice
3293 5372 3458 5440 aperit

1890 5470 2097 5525 homilia
2119 5466 2153 5522 6
2171 5467 2226 5520 in
2250 5466 2552 5533 Leviticum,
2574 5467 2660 5520 ubi
2688 5467 2762 5519 sic
2779 5465 2950 5519 scribit
2973 5481 2992 5518 :
3021 5462 3171 5519 Fecit
3199 5463 3343 5520 Deus
3369 5474 3456 5521 lu-

1947 5625 2025 5699 (c)
2056 5623 2171 5699 hil).
2197 5637 2246 5686 ι,
2273 5635 2324 5676 e.
2439 5637 2493 5675 η.
2519 5622 2572 5699 ξ,
2601 5636 2654 5692 ι).
2683 5622 2773 5675 27.

1956 5691 2034 5765 id)
2074 5693 2188 5747 Lib.
2213 5707 2252 5756 ι,
2281 5706 2332 5746 c.
2354 5691 2409 5757 5,
2435 5707 2488 5744 ιι.
2521 5691 2576 5745 5.
2608 5691 2617 5692 7
2647 5710 2649 5714 ‘
