3922 6476
421 346 552 416 teat
1635 336 1943 414 sanares
1969 337 2438 415 ratusratus.
3492 356 3632 416 i093

416 475 568 530 nicas
619 474 894 544 pelliccas,
920 480 972 526 et
1004 471 1175 526 induit
1201 470 1393 536 Adam,
1422 478 1475 524 et
1524 469 1804 525 mulierem
1836 470 1972 540 ejus.
2001 475 2051 534 Α
2079 471 2197 526 nire
2223 469 2488 540 potulsse;
2522 483 2629 539 quo
2657 469 2817 524 etiam
2846 468 3074 544 fortasse
3089 467 3316 534 confert,
3339 467 3479 539 quod
3494 476 3638 524 uter-

415 562 534 616 Illic
546 580 662 634 ergo
679 563 857 616 tunicae
876 561 937 615 de
961 561 1177 632 pellibus
1199 569 1341 613 erant
1353 576 1414 614 ex
1429 559 1727 612 animalibus
1741 575 1851 612 sum
1857 569 1978 626 ptte;

416 656 600 708 talibus
619 655 748 707 enim
777 651 1036 722 oportebat
1062 651 1206 704 indui
1228 658 1560 719 peccatorem.
1610 650 1770 718 Igitur
1797 649 1979 716 objec-

418 744 492 798 tio
511 743 650 813 quod
683 744 789 797 Deo
813 741 1068 796 indecens
1118 749 1264 795 esset
1293 740 1545 808 pelliccas
1572 739 1774 794 tunicas
1807 739 1980 792 homi-

416 836 572 890 nibus
603 848 814 904 parare,
842 835 1016 902 potius
1049 847 1206 899 quam
1229 831 1468 901 Origeni,
1490 831 1607 899 ejus
1624 829 1978 884 sectatoribus

415 926 696 980 tribuenda
723 935 804 980 est
825 924 938 995 (a);
972 925 1054 978 cui
1083 932 1140 977 ut
1167 923 1412 977 nonnulli
1438 929 1793 989 occurrerent,
1827 921 1980 975 dixe-

413 1027 559 1083 runt,
580 1017 828 1087 ,ptlliceas
856 1017 1054 1069 tunicas
1075 1015 1130 1069 in
1154 1029 1222 1070 eo
1248 1015 1478 1070 Genesis
1516 1013 1636 1068 loco
1675 1011 1979 1083 significare
2015 1040 2020 1045 -

415 1112 668 1165 arborum
697 1109 958 1172 cortices;
987 1122 1107 1161 nam
1147 1108 1286 1160 sicut
1309 1105 1618 1159 animalium
1644 1103 1784 1158 coria
1813 1101 1982 1173 pelles

413 1202 691 1265 dicuntur,
726 1200 796 1254 ita
825 1209 882 1253 et
906 1199 1157 1252 arborum
1185 1198 1416 1252 cortices
1430 1198 1596 1266 pelles
1625 1195 1976 1265 appellantur.

365 1312 371 1314 ‘
413 1295 482 1350 At
513 1293 831 1348 Philastrius
862 1279 1044 1347 noster
1067 1291 1130 1345 ad
1157 1291 1426 1360 objeetum
1471 1288 1780 1344 diluendum
1818 1287 1986 1342 aliam.

412 1385 510 1449 init
531 1387 699 1448 viam;
732 1385 915 1439 dicens
945 1383 1197 1452 pelliceas
1227 1382 1434 1435 tunicas
1466 1381 1683 1436 minime
1701 1380 1979 1449 designare

412 1477 707 1546 primorum
732 1484 1013 1543 parentum
1033 1487 1280 1541 corpora,
1299 1471 1392 1527 sed
1410 1471 1668 1525 declarari
1692 1470 1793 1524 hoc
1818 1468 1979 1523 modo

414 1565 581 1620 Deum
609 1565 669 1617 de
693 1566 912 1631 potentia
932 1564 1104 1616 diuina
1132 1562 1329 1615 dedisse
1367 1561 1437 1615 eis
1461 1561 1783 1630 sapientiam,
1815 1569 1870 1612 ut
1900 1562 1979 1630 fa-

416 1663 586 1707 cerent
606 1653 702 1705 sibi
723 1655 995 1722 corporum
1015 1650 1332 1704 indumenta.
1364 1648 1516 1716 Quod
1553 1658 1727 1724 autem
1774 1650 1851 1701 ait
1879 1649 1980 1702 hoc

415 1745 537 1800 loco
562 1744 896 1807 Philostrius,
922 1756 1110 1811 nempe
1137 1741 1359 1816 septimo
1383 1742 1464 1795 die
1492 1742 1746 1809 accepisse
1800 1737 1975 1791 Domi.

2079 577 2182 630 que
2203 561 2320 616 dies
2343 560 2507 616 festus
2541 569 2644 616 tam
2668 559 2870 617 Natalis
2892 561 3126 626 Domini,
3162 577 3320 631 quam
3350 562 3635 626 adventus,

2079 658 2132 705 et
2162 650 2491 707 adorationls
2517 651 2808 722 Magorum,
2838 650 2972 720 apud
2998 650 3295 706 Orientales
3338 652 3636 722 appellatus

2078 740 2234 795 fuerit
2260 741 2573 814 Epiphania,
2603 751 2665 798 ut
2683 743 2930 798 observat
2951 740 3175 796 Macrius
3201 744 3251 796 in
3275 742 3636 819 liierolexico;

2028 885 2033 891 .
2079 841 2130 886 et
2162 831 2353 888 Suidas
2380 833 2805 889 incarnationem
2829 833 2997 903 ipsam
3023 831 3149 887 Jesu
3176 832 3377 888 Christi
3407 833 3640 904 Epipha-

2079 927 2214 979 niam
2229 935 2385 984 vocet
2413 943 2426 980 :
2449 927 2746 1000 Ἐπιφάνεια,
2767 929 2798 985 ἦ
2815 935 2904 983 τοῦ
2925 936 3147 999 Σωτῆρος
3169 931 3307 999 ἡμῶν
3328 927 3496 987 ἰησοῦ
3517 938 3639 1005 Χρι-

2070 1023 2206 1073 λστοῦ
2229 1017 2468 1096 ἴνᾳαρκος
2495 1021 2751 1089 οἰκοιιομὶα
2778 1035 2793 1071 :
2818 1016 3109 1086 Epiphania
3142 1019 3326 1071 dicitur
3356 1017 3639 1073 Saluatoris

2084 1109 2245 1161 nostri
2271 1108 2395 1162 Jesu
2433 1107 2623 1162 Christi
2645 1109 2700 1161 in
2725 1123 2878 1162 carne
2900 1108 3198 1162 econamia.
3249 1105 3411 1162 ltecte
3457 1119 3636 1163 autem

2080 1199 2181 1253 hoc
2198 1197 2639 1254 locoPhilastrius
2662 1198 2973 1268 Epiphaniae
3001 1200 3213 1252 nomine
3234 1198 3481 1268 designat
3505 1198 3634 1253 ado-

2079 1291 2343 1363 rationem
2372 1289 2665 1360 Magorum,
2687 1291 2926 1362 quamvis
2951 1291 3097 1355 alibi,
3147 1306 3338 1360 nempe
3364 1306 3481 1358 cap.
3514 1292 3634 1352 149.

2081 1380 2463 1436 Ascensionem
2487 1381 2695 1436 Domini
2728 1381 3073 1452 Epiphaniam
3100 1389 3272 1447 vocet,
3297 1381 3454 1436 sicuti
3486 1389 3634 1435 uota-

2081 1473 2153 1525 vit
2178 1472 2241 1525 ad
2269 1487 2388 1526 eum
2415 1474 2588 1526 locum
2622 1471 2890 1528 Fabricius
2919 1473 3011 1545 (e),
3041 1473 3125 1527 cui
3158 1488 3255 1525 nos
3277 1488 3491 1541 quoque
3512 1486 3640 1526 con-

2081 1561 2348 1615 sensimus
2369 1563 2420 1614 in
2445 1561 2842 1634 Spicilegio(f);
2862 1562 2946 1614 hic
2973 1575 3132 1630 porro
3150 1571 3328 1630 quatu.
3353 1577 3379 1614 r
3406 1560 3639 1629 majores

2081 1652 2200 1705 dies
2237 1649 2403 1705 festos
2437 1651 2912 1720 annuosassignat,
2936 1649 3394 1705 scilicetNatalem
3411 1649 3639 1722 Domini,

2083 1739 2450 1811 Epiphaniam,
2476 1741 2626 1794 tertio
2647 1740 2777 1793 diem
2789 1742 2842 1794 in
2855 1756 2952 1808 quo
2974 1756 3154 1808 passus
3172 1749 3248 1794 est
3277 1752 3320 1794 et
3346 1742 3636 1804 resurrexit,

412 1854 536 1891 num
575 1848 761 1891 terram
791 1835 855 1890 de
884 1836 1022 1900 limo,
1049 1845 1099 1888 et
1125 1835 1403 1902 plasmasse
1422 1832 1712 1886 earumdem
1739 1845 1976 1900 corpora,
2010 1837 2056 1897 Β
2081 1840 2261 1901 quarto
2291 1831 2344 1882 in
2385 1846 2487 1899 quo
2517 1829 2742 1882 ascendit
2769 1831 2822 1882 in
2846 1830 3024 1883 emtum
3063 1831 3196 1883 circa
3249 1828 3592 1884 Pentecostem
3621 1847 3640 1895 ;

412 1928 635 1982 omnino
677 1926 816 1981 idem
848 1933 930 1980 est
967 1925 1105 1993 quod
1136 1923 1498 1977 al‘llrmaverat
1523 1921 1688 1976 etiam
1732 1934 1851 1988 cap.
1873 1917 1940 1972 97
1961 1956 1978 1984 ,

411 2019 500 2075 ubi
534 2019 641 2087 agit
666 2019 726 2070 de
747 2016 966 2087 imagine
991 2013 1086 2067 Dei
1118 2016 1172 2067 in
1213 2028 1424 2084 corpore
1475 2013 1696 2064 humano
1719 2025 1738 2062 :
1759 2023 1880 2062 nam
1913 2015 1985 2062 σει

412 2113 487 2169 ibi
515 2113 696 2176 habet,
721 2110 862 2178 quod
897 2109 1110 2173 septimo
1139 2107 1221 2159 die
1242 2106 1363 2158 dicit
1386 2105 1658 2171 Scriptura
1684 2102 1746 2154 de
1770 2099 1934 2152 Adam
1969 2110 1988 2151 :

417 2198 484 2254 Et
525 2201 716 2269 accepit
757 2197 1010 2250 Dominus
1065 2206 1257 2248 terram
1278 2195 1341 2246 de
1367 2193 1508 2256 limo,
1538 2200 1584 2244 et
1603 2191 1869 2261 plasmauit
1898 2189 1988 2242 lto-

417 2292 603 2344 minem
629 2303 774 2358 quem
797 2288 948 2356 fecit;
976 2301 1094 2340 cum
1120 2294 1295 2338 tamen
1323 2291 1508 2351 aperte
1538 2279 1811 2349 Scriptura
1824 2279 1984 2343 dicat,

412 2384 579 2439 Deum
603 2383 689 2436 die
710 2379 940 2449 septimo
970 2377 1099 2430 nihil
1127 2388 1362 2440 creasse,
1388 2372 1481 2427 sed
1503 2372 1686 2426 omnia
1708 2383 1871 2438 opera
1890 2382 1985 2422 sua

410 2475 497 2530 die
521 2481 671 2528 sexta
705 2469 1022 2532 absolvisse,
1047 2466 1272 2535 septima
1305 2473 1482 2518 autem
1504 2461 1570 2514 ab
1582 2460 1832 2515 omnibus
1859 2473 1987 2528 ope-

412 2567 562 2621 ribus
591 2564 884 2633 quievisse,
919 2569 974 2612 ut
1005 2559 1140 2613 bene
1195 2555 1401 2610 notavit
1457 2553 1736 2608 Fabricius
1764 2551 1831 2606 ad
1862 2566 1985 2605 eum

411 2657 588 2712 locum
613 2656 707 2726 (b).
734 2652 1079 2723 quamobrem
1102 2650 1409 2716 opinionem
1441 2646 1711 2701 Philastrii
1731 2655 1883 2698 vocat
1910 2643 1990 2697 in-

409 2747 724 2802 credibilem
757 2752 811 2797 ct
839 2750 1226 2810 repugnantem
1266 2738 1534 2793 communi
1572 2736 1873 2798 sententiis,
1905 2744 1988 2786 ut-

415 2848 542 2908 pote
572 2852 690 2907 qure
721 2833 1010 2904 opponitur
1036 2829 1327 2898 Scriptoris
1372 2826 1510 2881 sacri
1549 2820 1865 2895 narrationi,
1897 2822 1988 2891 qui

411 2929 629 2984 disertis
659 2924 839 2978 verbis
876 2919 1202 2975 contrarium
1229 2917 1479 2990 afﬁrmat.

480 3018 571 3071 ‘26.
615 3015 841 3069 Additur
871 3009 1064 3064 deinde
1092 3009 1145 3061 in
1192 3005 1508 3060 Corbeiensi
1539 3018 1665 3066 ms.,
1699 2990 1764 3054 ad
1792 3015 1846 3053 n.
1880 3014 1988 3064 cu,

413 3109 514 3163 alia
561 3105 781 3158 heresis
832 3101 898 3155 de
925 3101 1010 3154 die
1061 3095 1502 3165 Epiphaniorum,
1533 3107 1635 3160 qua
1683 3091 1992 3144 statuebant

2083 1921 2211 1975 alibi
2248 1935 2375 1974 vero
2421 1935 2540 1987 cap.
2576 1917 2693 1983 Ml,
2730 1930 2840 1972 octo
2869 1921 3161 1991 festivitates
3202 1929 3480 1974 enumerat
3519 1937 3642 1986 quas

2087 2010 2317 2063 Ecclesia
2333 2009 2584 2062 catholica
2614 2010 2864 2080 cognoscit
2889 2021 2934 2064 et
2962 2011 3164 2072 detinet,
3210 2011 3303 2065 sed
3335 2009 3504 2065 ferme
3534 2026 3642 2064 ea:—

2084 2101 2202 2154 dem
2233 2109 2354 2154 sunt
2388 2114 2517 2169 quas
2547 2100 2632 2154 hic
2663 2111 3059 2166 commemorat,
3090 2100 3288 2156 additis
3334 2108 3541 2155 tantum
3568 2099 3641 2153 ibi

2080 2189 2286 2260 jejunio
2313 2190 2749 2261 quadragesima}.
2779 2199 2834 2245 et
2851 2205 3040 2261 quarta
3078 2192 3327 2254 Sabbati;
3359 2191 3424 2245 de
3449 2190 3644 2258 quibus

2085 2282 2209 2336 vide
2235 2283 2279 2336 si
2309 2281 2454 2336 lubet
2479 2291 2660 2336 notata
2691 2296 2721 2335 a
2745 2280 2812 2337 el.
2842 2281 3086 2337 Fabricio
3113 2283 3164 2335 in
3191 2296 3312 2336 eum
3343 2281 3516 2334 locum
3544 2278 3642 2348 (θ),

2086 2373 2162 2428 uti
2193 2372 2353 2428 etiam
2395 2387 2514 2440 qua:
2542 2388 2640 2426 nos
2663 2372 2956 2441 adjecitnus
2986 2373 3036 2426 in
3069 2371 3354 2440 Spicilcgio
3384 2369 3485 2439 (lt).
3512 2367 3647 2422 Sub-

2085 2463 2164 2518 dit
2192 2471 2460 2532 postremo
2484 2463 2821 2529 Philastrius,
2851 2463 2988 2533 quod
3013 2463 3220 2532 quidam
3243 2462 3374 2514 diem
3414 2459 3646 2529 Epipha-

2086 2541 2285 2607 niorum
2314 2555 2566 2622 baptismi,
2618 2555 2709 2607 alii
2751 2555 3212 2624 transformationis
3238 2554 3289 2605 iu
3318 2559 3483 2631 monte
3534 2565 3648 2620 qua

2089 2645 2225 2714 facta
2269 2653 2362 2708 est,
2394 2660 2502 2725 esse
2551 2646 2859 2714 opinantur;
2894 2643 3034 2714 quod
3084 2644 3323 2711 proiecto
3363 2653 3648 2708 utrumque

2089 2737 2217 2789 satis
2246 2734 2512 2804 congruit,
2545 2736 2589 2788 si
2612 2735 2758 2788 vocis
2799 2735 2901 2787 vim
2933 2743 3260 2802 spectemus,
3280 2747 3403 2802 qua:
3439 2728 3649 2799 appari-

2091 2827 2296 2889 tionem,
2319 2842 2409 2878 seu
2430 2825 2907 2894 manifestationem,
2926 2823 3191 2892 signiﬁcat
3214 2839 3228 2887 ;
3253 2831 3478 2888 utroque
3505 2819 3646 2875 etaim

2009 2944 2015 2951 -
2089 2919 2175 2973 die
2229 2917 2492 2988 apparuit,
2525 2931 2588 2969 ac
2617 2914 2978 2972 maniiestatus
3023 2925 3106 2969 est
3143 2915 3497 2975 Domiuusmt
3519 2923 3648 2964 voce

2090 3009 2283 3074 Patris,
2307 3017 2361 3062 et
2391 3006 2693 3062 testimonio
2720 3005 2962 3060 Joannis.

2162 3100 2251 3153 27.
2297 3100 2371 3153 De
2409 3098 2592 3152 cultris
2637 3094 2854 3163 lapideis
2895 3093 2960 3148 sd
3001 3093 3460 3148 circumcisionem
3499 3090 3651 3145 adhi-

417 3198 687 3260 nonnulli,
718 3203 776 3249 ut
805 3192 1120 3247 PhilaStrius
1149 3195 1394 3249 testalur,
1424 3184 1589 3237 solum
1623 3181 1858 3234 Natalem
1882 3177 1987 3231 Do-

2092 3166 2347 3253 bitis,'de
2385 3185 2576 3258 quibus
2624 3186 2936 3239 Philastrius
2978 3184 3209 3252 loquitur
3260 3199 3312 3236 n.
3358 3197 3475 3236 cxx
3525 3181 3646 3235 cod.

413 3289 540 3343 mini
559 3285 799 3340 celebrari
824 3281 1002 3335 debere
1021 3287 1192 3331 octauo
1205 3274 1447 3328 kalendas
1467 3271 1768 3331 Ianuarias,
1791 3284 1891 3322 non
1912 3279 1989 3320 ta-

413 3396 526 3432 men
568 3377 698 3428 diem
736 3370 1174 3442 Epiphaniorum;
1209 3366 1361 3433 cujus
1394 3363 1985 3417 sententizesectatores

415 3469 580 3522 fuisse
596 3465 898 3520 Donatistas
913 3461 1039 3515 olim
1063 3460 1112 3512 in
1129 3449 1323 3522 Africa,
1348 3464 1536 3508 auctor
1556 3462 1640 3507 est
1659 3452 1987 3521 Augustinus

418 3562 594 3616 Serm.
626 3557 695 3610 52
721 3557 788 3610 de
835 3553 1022 3620 Temp.
1055 3549 1144 3618 qui
1184 3556 1264 3601 est
1285 3553 1505 3616 quartus
1541 3543 1609 3598 de
1649 3543 1941 3612 Epiphania
1970 3557 1984 3592 ί

417 3653 604 3705 Merito
629 3651 780 3702 istum
810 3647 944 3699 diem
970 3655 1249 3708 numquam
1270 3639 1525 3692 uobiscum
1558 3638 1784 3690 hwretici
1811 3636 1988 3688 Dona-

419 3744 549 3794 tista:
577 3741 831 3792 celebrare
858 3735 1144 3794 voluerunt,
1164 3730 1283 3795 quia
1311 3743 1399 3779 nec
1417 3728 1663 3778 unitatem
1693 3733 1987 3787 amant,nec

426 3828 677 3882 Orientali
704 3825 966 3886 Ecclesiae,
1000 3820 1083 3872 ubi
1111 3817 1354 3886 apparuit
1383 3815 1478 3866 illa
1517 3813 1684 3875 stella,
1711 3813 1990 3865 communi-

421 3931 557 3974 cant.
574 3918 826 3972 Fortasse
841 3913 1000 3967 etiam
1021 3907 1337 3963 l’liilastrius
1358 3905 1492 3958 adeo
1516 3913 1762 3957 accurate
1785 3911 1987 3957 utrum.

420 4027 524 4081 que
548 4008 688 4064 diem
713 4003 1093 4071 distinguebat,
1111 4009 1164 4052 et
1192 3996 1429 4050 Natalem
1456 3994 1682 4057 Domini,
1707 4004 1759 4048 et
1783 3993 1986 4047 adven-

421 4112 535 4157 tum
560 4100 850 4168 Magorum,
881 4094 1070 4149 dicens
1091 4090 1232 4158 quod
1261 4087 1499 4141 Salvator
1525 4084 1794 4139 carnaliter
1820 4085 1990 4139 omnia

419 4196 475 4248 in
499 4191 573 4256 se,
601 4200 650 4245 et
680 4176 740 4242 de
767 4190 819 4240 se
845 4180 1248 4245 consummabat,
1280 4187 1332 4230 ut
1361 4187 1408 4230 et
1446 4185 1736 4230 nasceretur
1764 4191 1855 4256 vtu
1879 4173 1984 4256 (cal.

560 4241 899 4349 ,et'appareret
921 4291 973 4329 vt
996 4272 1209 4344 (supple
1225 4241 1426 4331 scilicet
1449 4277 1589 4322 sexto
1611 4267 1692 4319 die
1712 4241 1983 4338 ejus‘dein);

420 4384 477 4430 et
505 4373 666 4442 paulo
690 4377 808 4437 post
832 4383 846 4417 ε
879 4367 985 4417 dies
1017 4361 1304 4428 festivitatis
1324 4359 1543 4426 majores
1567 4357 1651 4409 isti
1671 4357 1844 4409 statuti
1872 4364 1988 4408 sunt

421 4473 642 4536 quatuor
663 4476 684 4524 ,°
709 4459 932 4528 primum
948 4454 1000 4505 in
1018 4467 1115 4520 quo
1133 4458 1398 4536 natusest,
1422 4447 1606 4536 deinde
1626 4447 1678 4497 in
1703 4460 1802 4512 quo
1825 4461 1986 4514 appa.

2087 3279 2467 3342 Corheiensis,
2517 3276 2766 3332 nonnulla
2814 3275 3043 3331 diximus
3078 3275 3143 3334 in
3188 3273 3514 3344 Spicilegio;
3566 3273 3652 3326 hic

2091 3380 2290 3424 tantum
2319 3370 2606 3423 observare
2633 3369 2776 3450 Iubet
2799 3409 2812 3434 ,
2843 3366 3182 3422 Pbilastrium
3215 3366 3314 3419 lzoc
3341 3366 3458 3419 loco
3489 3364 3658 3433 petri«

2087 3477 2273 3516 norum
2298 3462 2593 3516 cultrorum
2620 3476 2768 3514 usum
2797 3460 3041 3529 rejieerc,
3071 3459 3252 3513 dicens
3278 3459 3418 3527 quod
3448 3458 3650 3526 facilius

2086 3570 2152 3610 ex
2188 3557 2290 3610 hoc
2329 3553 2499 3608 Judaei
2535 3555 2813 3624 periclitari
2847 3562 3072 3622 poterant
3108 3569 3257 3622 quam
3293 3552 3497 3615 curari;
3527 3561 3647 3604 cum

2089 3656 2265 3722 tamen
2302 3643 2427 3698 alibi
2452 3644 2512 3716 (i)
2537 3645 2708 3699 locum
2731 3645 2896 3699 Exodi
2922 3643 3191 3697 adducens
3217 3642 3408 3711 (Exod.
3434 3658 3507 3706 tv,
3532 3640 3648 3711 95),

2088 3737 2286 3789 scribat
2312 3734 2448 3801 quod
2478 3735 2712 3802 Sephora
2746 3749 2878 3787 uxor
2904 3734 3064 3787 Mosis
3099 3743 3301 3802 accepto
3325 3733 3521 3786 calculo
3543 3732 3648 3784 eir—

2089 3825 2324 3877 cumcidit
2361 3841 2571 3891 puerum
2597 3841 2614 3888 ;
2664 3835 2716 3879 et
2754 3823 2862 3878 Jos.
2899 3840 2964 3889 v',
2991 3824 3058 3878 de
3093 3840 3197 3891 quo
3224 3825 3309 3878 hic
3335 3825 3442 3894 agit
3469 3824 3648 3878 Phila-

2028 3976 2036 3986 .
2088 3916 2288 3976 sirius,
2330 3929 2583 3982 expresse
2627 3915 2830 3969 dicatur
2861 3933 2874 3967 :
2907 3913 3015 3970 Fac
3040 3915 3126 3968 tibi
3167 3918 3354 3969 cultros
3395 3916 3646 3985 lapideos.

2089 4011 2228 4066 Sane
2255 4019 2428 4063 utrum
2452 4019 2619 4078 petra,
2643 4025 2706 4064 an
2728 4009 2903 4078 gladio
2925 4009 2989 4062 ad
3010 4009 3493 4064 circumcidendum
3519 4020 3650 4082 usus

2088 4101 2245 4157 luerit
2265 4099 2444 4166 Josua,
2469 4100 2690 4167 plurima
2711 4099 2844 4169 apud
2865 4099 3179 4169 interpretes
3201 4108 3283 4152 est
3305 4098 3550 4166 quaestio,
3580 4095 3648 4150 de

2087 4207 2187 4261 qua
2218 4189 2429 4244 videndi
2463 4190 2655 4244 Masius
2686 4192 2949 4260 praecipue
2969 4231 2982 4250 ,
3011 4197 3062 4243 et
3101 4187 3322 4242 Drusius
3361 4186 3425 4240 ad
3451 4201 3483 4239 v
3508 4185 3643 4250 109.,

2085 4283 2139 4347 2,
2170 4295 2400 4351 quorum
2432 4292 2651 4351 uterque
2680 4283 2730 4335 in
2773 4290 2976 4351 petram
3019 4279 3194 4350 potius
3217 4320 3232 4344 ,
3261 4292 3418 4347 quam
3447 4276 3496 4329 in
3538 4275 3651 4344 gla-

2087 4376 2230 4429 dium
2245 4375 2462 4429 inclinat
2478 4389 2492 4436 ;
2509 4375 2670 4428 immo
2686 4375 2960 4429 sententiae
2976 4372 3095 4427 huic
3107 4371 3301 4426 Masius
3313 4372 3470 4425 etiam
3489 4367 3649 4422 Mosis

2087 4463 2422 4518 Maimonidis
2446 4463 2587 4517 inter
2610 4463 2820 4518 Iudaeos
2847 4463 3134 4518 doctissimi
3162 4462 3422 4517 calculum
3447 4457 3646 4528 adjicit,

425 4533 554 4618 ruit,
584 4550 639 4603 id
659 4558 751 4610 εει.
775 4561 848 4601 ιιι
873 4544 983 4596 dies
1012 4548 1158 4608 Ροεεῖ
1180 4545 1240 4590 ιη
1261 4535 1463 4589 cum“
1499 4542 1865 4622 "mean-5979':
1895 4533 1982 4622 Qui
2013 4546 2060 4604 D
2086 4555 2174 4622 qui
2206 4552 2357 4606 duris
2403 4553 2645 4608 silicibus
2693 4569 2844 4608 usum
2888 4569 3005 4609 esse
3043 4554 3290 4617 Josuam,
3332 4568 3439 4606 non
3479 4551 3645 4604 acutis

420 4645 697 4714 Magorum
727 4628 1094 4691 adorationem
1127 4643 1217 4680 vui
1246 4625 1351 4678 kal.
1385 4622 1662 4677 ianuarias
1686 4621 1871 4674 eadem
1904 4621 1992 4675 die
2030 4669 2038 4674 _

425 4755 545 4794 cum
574 4731 784 4788 Domini
823 4726 1008 4782 Natale
1037 4717 1366 4782 recolebaut,
1398 4714 1840 4784 quemadmodum
1866 4727 1990 4781 pro-

424 4832 504 4884 dit
526 4820 879 4891 Menologium
903 4827 1007 4870 tam
1046 4811 1251 4875 Sirleti,
1281 4823 1440 4878 quam
1467 4805 1672 4870 Basilii,
1700 4804 1838 4873 apud
1871 4803 1994 4859 Flo-

422 4917 718 4975 rentinium
750 4912 800 4964 in
831 4907 941 4961 suis
968 4905 1033 4958 ad
1063 4902 1326 4957 vetustius
1360 4895 1707 4953 Occidentale
1731 4895 1992 4965 Martyro-

424 5011 626 5079 logium
667 4979 1100 5056 annotationibus
1130 4991 1245 5064 (c).
1279 4989 1419 5044 Sane
1477 4985 1837 5042 Florentinius
1877 4987 1990 5055 ipse

427 5113 671 5184 plur-ibus
709 5097 1035 5173 argumentis
1063 5090 1448 5184 contendit(d),
1466 5090 1659 5184 eadem
1682 5087 1774 5184 die
1789 5086 1855 5140 23
1878 5088 1988 5184 pg.

427 5177 663 5261 cembris
693 5204 972 5259 utrumque
999 5185 1309 5256 mysterium
1329 5221 1345 5246 ,
1392 5177 1691 5234 Nativitatis
1737 5177 1985 5244 Domini,

425 5307 482 5353 et
506 5292 766 5347 adventus
793 5280 1060 5349 Magorum
1085 5315 1099 5340 ,
1144 5271 1388 5343 quamvis
1415 5269 1630 5323 diverso
1660 5281 1801 5321 anno
1822 5308 1835 5332 ,
1864 5282 1989 5323 eve-

495 5406 574 5476 (a)
614 5395 821 5476 Yidﬂefis
861 5389 1071 5448 Sixtum
1109 5385 1235 5439 Sen.
1268 5382 1304 5434 l.
1352 5395 1405 5433 v.
1436 5378 1576 5433 Bibl.
1621 5379 1832 5433 Sancue
1873 5377 1997 5432 Anc,

429 5466 662 5536 ηοὶίὸι.
698 5466 786 5526 55.
1176 5525 1186 5535 .

498 5546 571 5630 (b)
605 5545 742 5630 Not,
750 5534 1127 5630 Animanseﬁti
1134 5525 1234 5579 dte.

495 5599 569 5687 (ei
605 5605 914 5687 Exercit._4,
946 5617 998 5672 p.
1020 5599 1148 5655 ass.

510 5677 575 5755 1d,)
605 5677 889 5755 938-357:
1001 5739 1012 5753 .
1085 5732 1311 5755 -_-__L_..:

521 5704 575 5755 α)
618 5704 738 5752 t'ag.
766 5704 889 5732 ιρι.
1001 5739 1012 5753 ⁸
1142 5736 1152 5747 .
1302 5733 1311 5742 ι

497 5704 564 5824 ie)
603 5752 721 5807 Not.
755 5745 978 5803 Tertium
995 5755 1050 5795 in
1072 5732 1364 5807 epiphama.

2089 4641 2335 4711 gladiolis
2361 4641 2626 4709 Opinatur.
2676 4643 2937 4697 Cenvenit
2969 4658 3176 4711 quoque
3223 4642 3502 4696 scitissima
3534 4641 3642 4702 illa.

2090 4740 2252 4800 atque
2288 4733 2558 4799 aptissima
2601 4746 2838 4802 anagoge
2879 4747 2976 4797 qua
3015 4741 3153 4800 petra
3185 4730 3424 4785 Christus
3456 4731 3681 4798 dicitur.

2091 4821 2133 4892 (I
2166 4818 2282 4874 Cor.
2316 4821 2394 4891 ς),
2426 4831 2479 4873 ut
2506 4823 2875 4891 significaretur
2904 4838 2988 4890 per
3013 4820 3269 4876 Christum
3300 4824 3521 4891 futuram
3544 4821 3648 4873 cir-

2089 4912 2446 4965 cumcislouem
2473 4913 2663 4979 cordis,
2689 4914 2763 4967 ait
2790 4913 3098 4968 Ambrosius
3124 4912 3282 4968 Praef.
3313 4914 3366 4966 in
3390 4912 3559 4981 Epist.
3583 4911 3649 4966 ad

2091 5001 2334 5067 Galatas;
2364 5001 2487 5057 licet
2513 5002 2616 5058 hoc
2634 5003 2751 5058 loco
2777 5003 3086 5059 Pbilastrius
3115 5003 3322 5075 petrinis
3341 5001 3519 5056 cultris
3544 5001 3649 5054 cir-

2093 5095 2338 5148 cumcisos
2366 5092 2575 5148 Judwos
2613 5110 2732 5149 eum
2771 5095 2936 5166 dicit,
2968 5087 3185 5162 intelligi
3215 5095 3342 5149 velit
3363 5135 3379 5161 ,
3410 5108 3440 5146 a
3469 5091 3652 5148 Genti-

2094 5183 2254 5249 libus,
2285 5199 2577 5254 eorumqne
2602 5187 2883 5243 durissimis
2909 5187 3175 5251 mentibus,
3205 5198 3266 5239 ac
3293 5183 3512 5254 lapideis
3537 5197 3651 5253 qua!

2093 5281 2208 5326 ante
2228 5273 2427 5341 fuerant
2457 5274 2701 5344 impietati
2727 5277 2906 5331 dedita
2926 5319 2941 5345 ,
2971 5288 3143 5347 postea
3174 5291 3288 5331 vero
3311 5276 3567 5331 credentes
3594 5273 3648 5327 in

2254 5383 2386 5440 Vide
2401 5384 2464 5440 ad
2482 5401 2598 5458 cap.
2618 5386 2738 5456 M9,
2751 5397 2930 5446 notam
2951 5390 3635 5462 prmeedentisubjuuctam.

2154 5522 2236 5664 fg;
2271 5523 2390 5608 Npt.
2417 5525 2491 5580 De
2511 5537 2619 5581 octo
2639 5523 3005 5600 festivitatibus.

2178 5595 2209 5646 In
2252 5594 2405 5664 _Vide
2427 5595 2495 5650 ad
2522 5611 2640 5664 cap.
2674 5598 2796 5664 Nl,
2829 5610 3005 5655 notam

2089 5594 2405 5719 agiles]?
2427 5595 2495 5650 ad
2522 5594 2650 5667 cap.’
2674 5598 2796 5666 Nl,
2829 5610 3005 5655 notam
3038 5601 3359 5670 praecedenti
3385 5599 3635 5669 subjunc-

2161 5730 2221 5800 (i)
2258 5731 2387 5802 Cap.
2423 5731 2544 5790 ΗΒ.
