3922 6428
201 364 338 421 1093

1320 374 1380 429 ι».
1419 358 1769 434 cacatum
1807 375 1869 436 tt.
1917 360 2303 439 PB£FATIO.

3299 397 3432 475 teat

199 475 418 531 Domino
447 476 602 534 facta:
627 489 754 535 sunt
777 520 792 547 ,
819 455 1015 559 amissa
1054 489 1218 536 mente
1254 483 1494 551 lapidea,
1534 486 1770 555 quotidie
1797 491 1843 551 Α
1872 489 2154 557 librarios,
2195 493 2316 561 quia
2364 506 2579 548 exesam
2632 498 2912 564 posteriori
2957 508 3112 556 aetate
3159 470 3441 560 Millenarii

199 567 503 623 circumcidi
518 568 754 637 Judtcos,
776 550 836 624 id
852 583 922 625 est
941 571 1130 628 Christi
1149 575 1219 627 eis
1241 575 1490 628 insinuari
1513 578 1773 632 scientiam

197 656 511 723 salutarem;
561 673 666 729 quo
696 660 747 714 in
779 668 930 730 tropo
960 661 1276 716 Pltilastrius
1308 666 1404 718 sibi
1435 668 1775 722 consentien—

200 755 308 802 tem
359 747 521 802 habet
565 747 956 816 Gaudentium,
1007 754 1096 822 qui
1148 752 1328 807 Tract.
1379 754 1415 807 2
1467 756 1664 812 Gentes
1705 758 1771 812 ad

194 836 464 892 Christum
486 855 774 896 conversas
790 843 983 912 lapides
1000 845 1254 913 quondam
1277 845 1574 900 durissimos
1597 859 1769 903 vocat.

194 929 366 985 Porro
395 946 502 1000 quo
543 943 695 1001 pacto
726 949 889 989 saxeo
924 935 1097 989 cultro
1125 945 1332 991 utentes
1367 937 1538 991 Judzei
1571 939 1636 992 ad
1666 939 1773 993 cir-

194 1021 597 1090 cumcisionem,
617 1023 896 1093 periclitari
911 1025 1112 1094 [acilius
1136 1027 1390 1093 potuerint
1410 1028 1561 1095 quam
1582 1030 1768 1096 cui-ari,

194 1124 252 1166 ut
281 1109 370 1166 hic
395 1111 626 1165 allirmat
665 1112 983 1168 Phllastrius
1003 1156 1016 1178 ,
1053 1115 1224 1170 lateor
1256 1131 1340 1170 me
1372 1133 1590 1185 prorsus
1620 1118 1772 1186 igno-

193 1215 318 1256 rare
338 1216 454 1255 cum
481 1202 688 1267 multis;
712 1205 836 1272 quin
868 1206 1040 1272 potius
1064 1205 1188 1260 l‘erri
1213 1206 1403 1262 vulnus
1427 1218 1580 1261 atrox
1605 1209 1771 1277 magis

193 1306 316 1346 esse
342 1308 498 1361 quam
533 1295 725 1364 lapidis
746 1336 759 1360 ,
801 1295 928 1349 illud
955 1297 1191 1352 indicare
1218 1298 1460 1364 videtur,
1489 1300 1628 1368 quod
1657 1301 1766 1354 sili—

191 1383 397 1438 ciorum
429 1386 720 1445 cultrorum
749 1384 812 1438 ad
844 1385 1177 1442 difﬁciliores
1206 1389 1472 1443 sectiones
1495 1404 1681 1458 magna
1704 1390 1773 1442 sit

190 1469 574 1539 commoditas,
604 1486 657 1530 et
681 1476 950 1544 aptitudo,
978 1488 1035 1530 ut
1071 1479 1308 1546 pluribus
1348 1479 1510 1534 tradit
1539 1480 1768 1548 Stepha-

191 1559 315 1620 uus'
346 1567 592 1639 Morian
631 1567 862 1621 Exercit.
909 1568 978 1623 de
1017 1568 1233 1637 Linguis
1282 1579 1418 1638 part.
1468 1586 1521 1633 ιι,
1558 1585 1675 1640 cap.
1713 1572 1766 1637 9,

189 1672 246 1727 p.
275 1659 383 1712 290
403 1700 419 1726 ,
451 1667 506 1714 et
531 1659 669 1727 ferro
696 1659 814 1713 ιωάὶ
853 1661 1066 1714 horreat
1102 1663 1399 1716 balsamum
1421 1706 1434 1729 ,
1466 1665 1541 1716 ait
1569 1663 1769 1717 Plinius

189 1748 418 1816 xu,‘25,'
435 1763 600 1818 quare
623 1749 866 1803 inciditur
887 1752 1034 1810 vitro.
1064 1751 1260 1820 lapide,
1294 1753 1506 1805 osseisvc
1530 1753 1765 1817 cultellis,

1870 579 2018 650 regni
2046 581 2343 636 doctrinam
2376 584 2596 639 ulterius
2622 586 2924 645 describere
2966 593 3200 658 nollent,
3239 596 3438 651 idcirco

1872 668 2020 724 illum
2047 670 2325 740 abrupisse
2351 689 2363 724 :
2387 687 2504 727 cum
2537 684 2732 740 tamen,
2758 689 2812 732 ut
2836 690 2979 734 recte
3003 684 3098 748 ait,
3133 683 3439 739 Feuartleu-

1871 761 2007 826 tius,
2040 764 2182 816 malo
2215 765 2334 818 huic
2370 767 2686 822 medendum
2717 781 2859 843 esset
2898 776 3304 841 praemonitione
3343 781 3441 832 ali-

1871 865 1993 920 qua,
2025 868 2128 906 non
2161 853 2351 922 litura;
2385 866 2544 925 atque
2566 858 2697 912 adeo
2723 862 2940 928 calamo,
2972 881 3071 918 non
3098 868 3360 935 scalpello.

2014 1009 2040 1080 ᾗ
2081 1010 2145 1064 γ.
2179 1010 2257 1065 De
2297 1014 2512 1067 consilio
2544 985 2594 1068 et
2631 1016 2808 1070 ordine
2847 1017 3004 1088 hujus
3038 1020 3291 1076 editionis.

1939 1141 2031 1196 29.
2057 1141 2311 1214 Superest
2339 1160 2476 1199 nunc
2505 1156 2559 1199 ut
2580 1147 2646 1202 de
2674 1149 2902 1202 consilio
2942 1161 2996 1205 et
3034 1153 3221 1209 ordine
3247 1153 3437 1208 editio-

1871 1231 1953 1284 nis
1994 1231 2151 1300 hujus
2185 1249 2348 1302 pauca
2378 1235 2638 1294 dicamus.
2680 1239 2743 1292 Et
2772 1240 3053 1294 consilium
3087 1245 3298 1310 quidem
3343 1263 3437 1299 no-

1870 1328 2037 1373 strum
2076 1321 2204 1375 illttd
2241 1322 2290 1376 in
2333 1315 2518 1392 primis
2559 1326 2672 1390 luit,
2705 1336 2762 1380 ut
2793 1327 3062 1384 Philastrii
3096 1334 3312 1398 librum,
3347 1339 3437 1404 qui

1870 1407 2072 1474 primus
2095 1409 2145 1461 in
2167 1409 2263 1462 bat:
2286 1412 2603 1468 collectione
2625 1415 2797 1469 locum
2825 1429 2989 1484 tenet,
3019 1437 3175 1490 quam
3205 1426 3436 1478 maxime

1872 1495 1985 1549 ﬁeri
2033 1506 2234 1565 posset,
2270 1500 2608 1555 emendatum
2643 1515 2692 1558 et
2726 1507 2990 1574 integrum
3033 1511 3432 1569 exhiberi-ntus.

1871 1583 2187 1639 Prodierant
2229 1588 2425 1658 quippe
2447 1590 2557 1660 jam
2587 1592 2711 1647 inde
2738 1595 2920 1662 plures
2946 1597 3218 1655 Philastrii
3249 1605 3437 1658 editio-

1871 1685 1984 1736 nes,
2031 1673 2123 1726 sed
2176 1675 2317 1728 nulla
2360 1691 2422 1730 ex
2470 1678 2536 1731 iis
2587 1684 2866 1736 emendata
2913 1687 3064 1751 satis,
3114 1699 3204 1742 aut
3251 1705 3435 1745 exacta

1869 1762 2206 1828 occurrebat,
2240 1766 2367 1830 quin
2397 1767 2579 1821 multis
2608 1780 2849 1827 scateret-
2875 1776 3082 1829 mendis
3107 1794 3121 1842 ;
3151 1796 3314 1848 quare
3343 1800 3435 1835 nc-

189 1839 333 1908 quod
353 1840 704 1895 coullrmatet
725 1842 1260 1897 illustratSalmasius
1283 1843 1511 1898 Exercit.
1538 1844 1763 1898 Plinian.
1799 1846 2160 1906 B'cessarlum
2204 1856 2421 1911 omnino
2461 1859 2740 1914 videbatur
2775 1879 2871 1916 ms.
2903 1839 3126 1935 alicujus
3154 1839 3273 1926 eod,
3304 1877 3431 1926 ειη..

189 1943 310 1998 cap.
341 1930 430 1991 55’,
465 1947 517 1999 p.
551 1933 674 1986 M7.

259 2022 351 2077 28.
393 2023 581 2079 Subdit
602 2025 815 2080 demum
860 2025 1178 2082 Philastrius
1204 2043 1257 2081 n.
1289 2042 1450 2082 cxxtu
1473 2026 1764 2083 Corbeien-

188 2113 266 2167 sis
288 2128 388 2168 ms.
416 2114 572 2168 aliam
608 2115 875 2182 Interesim,
906 2125 962 2170 ut
991 2117 1104 2186 ipse
1123 2125 1303 2182 vocat,
1331 2117 1398 2172 de
1428 2118 1615 2172 avibus
1638 2118 1764 2172 Elia:

187 2205 638 2272 ministrantibus,
668 2222 767 2276 qua
792 2208 997 2276 quidam
1025 2210 1319 2278 opinantur,
1348 2209 1537 2280 inquit,
1564 2210 1702 2279 quod
1720 2212 1764 2265 ei

189 2296 326 2350 corvi
355 2312 466 2351 sero
498 2315 677 2352 carnes
715 2281 782 2351 ad
823 2315 1008 2365 escam,
1038 2308 1086 2353 et
1114 2316 1263 2354 mane
1291 2317 1445 2370 panes
1480 2301 1758 2354 attulerint.

189 2387 304 2442 l‘loc
356 2400 531 2443 autem
579 2389 862 2444 Philastrio
907 2389 1192 2457 displicet;
1233 2389 1305 2442 ait
1351 2391 1580 2458 quippe,
1628 2391 1763 2458 quod

186 2486 399 2530 sanctus
435 2493 496 2530 ac
538 2478 852 2532 beatissimus
891 2479 1168 2547 prOplteta,
1216 2493 1314 2530 non
1361 2493 1541 2531 carnes
1585 2477 1762 2530 edebat

187 2565 486 2635 aliquando,
512 2566 598 2635 qui
629 2582 823 2619 omnem
852 2570 1000 2618 talem
1030 2581 1195 2618 escam
1222 2576 1588 2633 contempserat
1610 2566 1762 2619 absti-

189 2658 356 2711 nendo
381 2659 674 2723 voluntate;
703 2659 850 2727 cujus
877 2666 923 2710 et
950 2673 1102 2711 causa
1130 2667 1280 2711 tanta:
1306 2657 1567 2729 dignitatis
1597 2675 1628 2710 ο
1653 2657 1762 2712 Deo

188 2747 433 2802 honorem
475 2749 657 2802 meruit
697 2749 948 2814 adipisci,
987 2756 1044 2798 ut
1077 2747 1130 2798 in
1167 2731 1459 2816 paradisum
1501 2757 1762 2816 raperetur

187 2838 418 2893 sublimis
444 2881 457 2905 ,
480 2839 697 2893 ubicum
727 2840 913 2892 sanctis
937 2839 1165 2891 omnibus
1185 2839 1536 2892 collocaretur.
1567 2839 1761 2907 Adjicit

188 2931 384 2986 deinde
414 2949 426 2984 :
462 2929 601 2984 Nam
628 2932 672 2984 si
701 2931 763 2983 de
788 2946 914 2998 pane
934 2931 1131 2999 quidem
1161 2930 1346 2997 aliquis
1372 2931 1575 2997 dixerit,
1605 2931 1762 2984 ratio-

190 3023 270 3074 nis
291 3021 545 3075 interdum
572 3029 645 3074 est
670 3020 802 3089 quod
843 3021 888 3072 ei
917 3020 1052 3072 corvi
1093 3020 1356 3073 attulerint
1391 3035 1407 3073 :
1437 3021 1498 3074 de
1527 3020 1762 3073 carnibus

189 3121 357 3166 autem
391 3113 728 3183 incongruum
772 3112 1040 3182 reperitur.
1085 3111 1328 3165 Proiecto
1374 3113 1523 3165 corvi
1569 3126 1758 3180 panem

1863 1940 2076 2006 sidium,
2104 1943 2255 2013 cujus
2284 1960 2386 2012 ope
2408 1947 2674 2003 Philastrll
2705 1961 2881 2007 textus
2907 1957 3136 2023 restitui,
3165 1975 3225 2014 ac
3254 1967 3431 2018 sanati

1863 2041 2063 2097 posset.
2109 2032 2277 2089 Porro
2319 2049 2442 2104 spes
2491 2039 2644 2092 nobis
2683 2054 2828 2094 certa
2875 2048 3253 2112 prOpemodum
3295 2052 3432 2110 facta

1866 2119 2037 2175 fuerat
2082 2138 2146 2178 ex
2189 2125 2399 2191 Galliis,
2440 2127 2778 2185 Corbeiensis
2824 2150 2923 2188 ms.
2966 2140 3138 2192 varias
3178 2142 3436 2198 lectiones

1865 2213 2136 2268 obtinendi
2167 2231 2180 2278 ;
2223 2233 2340 2286 qua:
2371 2233 2488 2273 cum
2519 2219 2718 2274 diutius
2748 2225 2798 2275 in
2828 2225 3040 2294 longmn
3073 2228 3350 2299 ducerent,
3383 2245 3439 2289 et

1867 2307 2301 2374 typographicum
2335 2311 2661 2376 propositum
2687 2323 2831 2368 esset
2869 2331 3034 2379 morae
3062 2319 3310 2389 longioris
3340 2327 3435 2376 im»

1864 2395 2090 2458 patiens,
2125 2394 2282 2449 editis
2311 2400 2700 2466 exemplaribus
2723 2404 2958 2457 animum
2987 2402 3237 2475 adjicere,
3263 2413 3434 2480 iisque

1861 2481 1926 2534 ad
1963 2497 2073 2535 rem
2115 2487 2526 2551 promovendatu
2561 2491 2633 2541 uti
2675 2506 2807 2558 opus
2836 2493 2955 2547 fuit.
3004 2497 3177 2552 Editio
3217 2504 3429 2568 quidem

1861 2572 2186 2628 Basileensis
2205 2591 2232 2629 a
2251 2577 2452 2632 Joanne
2475 2580 2695 2634 Sicardo
2717 2596 2997 2650 procurata
3021 2604 3159 2644 anno
3175 2606 3202 2644 a
3220 2592 3435 2649 Christo

1863 2665 2162 2730 uat01528,
2177 2681 2275 2735 qua
2301 2676 2425 2722 tunc
2444 2672 2667 2737 primum
2687 2671 2998 2729 Philastrius
3016 2678 3184 2733 lucem
3205 2688 3431 2752 aspexit,

1859 2755 2063 2807 caeteris
2099 2757 2286 2810 melior
2316 2766 2473 2827 atque
2509 2761 2839 2816 emendatior
2882 2768 3202 2836 apparebat;
3249 2773 3428 2828 llelm-

1860 2844 2215 2900 Stadieusibus
2259 2863 2450 2916 nempe
2487 2866 2605 2919 qua:
2642 2853 2794 2907 annis
2832 2866 3012 2923 postea
3057 2860 3184 2914 16H
3210 2903 3222 2925 ,
3273 2865 3431 2931 1621,

1860 2949 2070 2990 excusa:
2097 2935 2339 3002 fuerant,
2368 2954 2431 2993 ac
2462 2942 2683 3009 proinde
2720 2943 3014 3016 iis'quoque
3041 2966 3161 3019 quas
3191 2967 3307 3022 post
3339 2957 3435 3009 Ba-

1861 3027 2183 3093 sileensem,
2235 3029 2286 3082 in
2341 3030 2684 3088 Bibliotbeeis
2746 3035 2956 3092 Patrum
3015 3041 3433 3115 Parisiettsibtts,

1860 3115 2194 3184 Coloniensi,
2245 3136 2307 3175 ac
2344 3123 2683 3192 Lugdunensi
2721 3131 3054 3195 prostabant.
3094 3135 3163 3190 At
3189 3155 3306 3192 cum
3338 3159 3428 3195 uo-

190 3203 467 3258 dumtaxat
495 3203 792 3259 alferebaut
819 3202 1006 3267 Paulo,
1035 3201 1294 3257 ut'narrat
1321 3202 1679 3273 Hieronymus
1710 3204 1761 3257 in
1788 3200 1831 3261 C
1865 3209 2131 3264 vissimam
2175 3211 2408 3266 omnium
2452 3230 2478 3266 a
2510 3215 2578 3268 cl.
2608 3213 2728 3269 'viro
2755 3219 2907 3272 Joan.
2939 3223 3158 3287 Alberto
3189 3227 3431 3286 Fabricio

190 3292 348 3372 Vita;
380 3303 437 3358 et
457 3294 733 3348 Malvenda
753 3295 929 3347 locum
952 3296 1111 3348 istum
1135 3304 1369 3360 vertens,
1397 3296 1573 3350 ubide
1589 3293 1764 3349 corvis
1862 3316 2002 3353 anno
2038 3301 2166 3356 l72l
2205 3303 2492 3373 Hamburgi
2516 3307 2779 3376 vulgatam
2806 3351 2819 3374 ,
2853 3311 3090 3380 pluribus
3121 3317 3172 3371 in
3207 3320 3335 3375 locis
3365 3324 3432 3377 ab

192 3382 360 3438 Eliam
373 3383 712 3452 pascentibus
726 3382 1179 3452 agitur(a),panis
1195 3391 1397 3437 tantum
1418 3384 1764 3438 meminit.At
1861 3403 1926 3442 eo
1966 3390 2296 3443 emendatam
2325 3432 2337 3454 ,
2368 3407 2428 3445 ac
2467 3397 2708 3463 genuina:
2741 3398 2956 3455 lectioni
2985 3406 3281 3462 restitutam
3310 3427 3430 3468 esse
3521 3447 3523 3449 ι

191 3490 383 3545 panem
407 3483 462 3529 et
489 3489 704 3530 carnem
740 3475 940 3528 habent
969 3485 1078 3528 tum
1102 3473 1398 3529 Hebraicus
1431 3483 1625 3540 textus,
1650 3486 1761 3529 tum
1859 3487 2154 3546 constaret,
2190 3496 2306 3536 eam
2337 3485 2489 3538 nobis
2520 3491 2783 3556 tamquam
2817 3495 3065 3549 omnibus
3101 3500 3217 3553 aliis
3244 3504 3429 3558 melio-

189 3567 366 3621 versio
395 3563 559 3630 LXX,
589 3563 657 3620 lll
681 3564 807 3633 Reg.
839 3579 976 3626 xvtt,
1010 3579 1306 3633 panemque
1331 3574 1385 3618 et
1407 3579 1621 3618 carnem
1651 3580 1763 3618 me-
1859 3583 1972 3624 rem
2015 3585 2076 3625 ac
2108 3575 2530 3640 praestantiorem
2553 3618 2566 3637 .
2599 3561 3000 3655 exprimendam
3031 3593 3426 3656 praposuimus.

192 3664 403 3712 moraut
439 3657 710 3712 versiones
750 3661 958 3711 cmte'ra:
1003 3671 1228 3722 omnes;
1274 3657 1436 3711 immo
1480 3673 1668 3726 panem
1707 3668 1762 3712 et
1859 3659 2158 3716 Accedebat
2195 3665 2333 3732 quod
2381 3665 2654 3720 Fabricius
2699 3671 2812 3737 ipse
2857 3673 2921 3726 ad
2970 3675 3422 3749 llamburgcusem

190 3764 380 3804 carnes
405 3747 471 3802 ad
514 3747 687 3803 Ellam
721 3749 925 3803 delatas
955 3751 1196 3818 agnoscit
1225 3750 1385 3803 etiam
1421 3750 1646 3804 Basilius
1676 3752 1758 3805 in-
1859 3750 2147 3807 editionem
2175 3754 2241 3808 ad
2272 3755 2586 3822 ornandam,
2621 3757 2906 3816 Basileeusi
2936 3765 3166 3823 editione
3194 3747 3251 3825 se
3287 3790 3426 3842 pra:-

191 3839 358 3908 signis
382 3839 717 3895 abstinentiae
742 3848 993 3908 patronus
1018 3839 1161 3894 hom.
1194 3842 1250 3903 5,
1279 3841 1328 3892 in
1359 3841 1532 3894 diuites
1559 3857 1757 3908 avaros,
1824 3843 2013 3911 "cipue
2063 3858 2213 3898 usum
2262 3859 2380 3900 esse
2431 3845 2732 3903 allirmahat
2773 3850 2890 3922 (tl);
2943 3869 3106 3924 quare
3156 3839 3429 3934 utriusque

191 3938 246 3982 et
272 3943 395 3982 cum
425 3928 619 3983 Basilio
643 3927 973 3998 Augustinus
999 3929 1172 3984 Serm.
1206 3929 1309 3983 146
1335 3931 1399 3983 de
1420 3930 1606 3998 Temp.
1640 3931 1759 3983 Fuit

189 4034 352 4088 porro
391 4019 608 4075 Judalca
650 4020 890 4085 traditio,
923 4020 1072 4074 cibos
1099 4036 1126 4071 a
1157 4021 1332 4073 corvis
1359 4020 1488 4073 Elia:
1527 4022 1754 4084 oblatos,

189 4125 255 4166 ex
298 4113 407 4181 ipsa
456 4110 656 4166 Aebabi
702 4126 881 4166 mensa
909 4152 924 4176 ,
970 4111 1282 4178 angelorum
1324 4111 1620 4164 ministerio
1665 4111 1757 4164 de-

190 4213 437 4273 sumptos
474 4202 676 4267 fuisse;
731 4203 888 4272 idque
931 4202 1013 4254 bis
1055 4203 1105 4254 in
1145 4200 1233 4253 die
1276 4199 1472 4253 factum
1515 4213 1544 4252 a
1582 4201 1755 4259 corvis

191 4307 447 4361 expresse
466 4299 646 4347 narrat
663 4305 815 4346 sacer
838 4300 1014 4343 textus
1042 4303 1056 4341 :
1085 4289 1218 4341 corvi
1245 4304 1444 4357 quoque
1467 4289 1756 4358 deferebant

189 4385 234 4438 ei
263 4400 448 4452 panem
485 4393 531 4438 et
572 4399 745 4436 carnes
774 4397 918 4434 mane
943 4421 958 4443 ,
1006 4381 1238 4434 similiter
1276 4397 1454 4451 panem
1496 4392 1541 4435 et
1580 4398 1757 4437 carnes

1859 3935 2105 3988 editionis
2147 3951 2466 3990 consensum
2503 3939 2821 3996 habentibus
2846 3986 2860 4007 ,
2895 3946 2980 3998 ubi
3019 3949 3267 4006 deessent
3294 3972 3423 4011 mss.

1857 4023 2095 4087 codices,
2135 4039 2316 4090 parum
2338 4036 2425 4077 aut
2448 4027 2577 4079 nihil
2599 4043 2848 4094 prmterea
2871 4034 3281 4094 desiderandum
3304 4059 3426 4101 esse

1857 4111 2161 4177 videbatur,
2194 4129 2314 4167 cum
2343 4116 2559 4186 insuper
2597 4118 2907 4175 Fabriciana
2939 4125 3105 4181 editio
3137 4139 3213 4184 tot
3239 4136 3428 4189 tantis-

1855 4217 1957 4270 que
1988 4212 2130 4257 esset
2151 4217 2178 4252 a
2209 4205 2518 4258 doctissimo
2553 4209 2666 4262 viro
2704 4215 3136 4272 annotationibus
3167 4222 3423 4281 illustrata

1855 4301 1910 4346 et
1931 4301 2104 4347 aucta.
2130 4292 2420 4349 Curaverat
2442 4296 2642 4352 interea
2665 4301 3120 4374 eminentissimus
3141 4313 3425 4371 cardinalis

1855 4383 2108 4448 Quirinus
2129 4424 2144 4448 ,
2193 4395 2249 4438 ut
2279 4389 2602 4454 posteriores
2642 4390 2878 4459 ejusdem
2910 4396 3136 4456 Fabricii
3171 4404 3220 4458 in
3250 4405 3426 4464 Phila-

189 4474 383 4543 nesperi
414 4471 503 4541 (lll
529 4471 655 4542 Reg.
683 4485 812 4535 xvu,
833 4469 920 4540 6);
947 4471 1186 4540 quamvis
1212 4457 1534 4525 Philastritis
1561 4486 1754 4527 carnes
1783 4551 1833 4570 ἢ
1853 4474 2041 4528 strium
2068 4475 2218 4529 Cura:
2245 4475 2516 4548 Amburgo
2555 4481 2620 4534 ad
2657 4457 2754 4539 nos
2778 4487 3115 4547 mitterentur
3138 4538 3152 4558 ,
3187 4457 3420 4570 nquuo—d

156 4564 415 4634 'vespere
451 4572 652 4618 tantum
695 4563 760 4618 ad
795 4563 963 4617 Etiam
1007 4564 1194 4617 allatas
1234 4565 1539 4621 meminerit
1573 4585 1587 4622 :
1624 4569 1757 4629 Sunt

1867 4566 2049 4621 summi
2113 4567 2216 4620 viri
2285 4570 2707 4644 ἆποσπασμάτιον
2765 4579 2983 4635 editiOni
3042 4587 3163 4642 huic
3225 4551 3422 4650 nostra:

188 4656 396 4725 quidam
425 4653 676 4721 haeretici,
705 4655 789 4722 qui
813 4654 876 4709 de
905 4654 1020 4708 Elia
1046 4655 1187 4708 beato
1212 4657 1490 4726 opinantur
1509 4699 1523 4722 ,
1551 4661 1688 4729 quod
1716 4663 1762 4715 ei

189 4750 327 4803 corvi
355 4764 472 4803 sero
499 4764 675 4803 carnes
704 4749 772 4801 ad
799 4763 958 4801 escam
979 4787 994 4812 ,
1031 4758 1082 4801 et
1112 4765 1258 4801 mane
1293 4767 1448 4820 panes
1475 4754 1755 4806 attulerint.

187 4842 262 4914 (ὁ)
289 4843 432 4897 Illud
451 4855 659 4911 quoque
685 4839 1096 4906 observandum,
1126 4849 1362 4896 extrema
1390 4844 1548 4913 hujus
1573 4847 1760 4914 capitis

185 4933 354 4989 fuisse
379 4947 411 4986 a
439 4931 667 4987 librariis
692 4932 872 4986 excisa
893 4972 909 4997 ,
944 4933 1191 5000 pertaesis
1212 4932 1437 4988 fortasse
1467 4937 1605 5004 quod
1636 4937 1760 4990 Phi-

187 5023 410 5078 lastrius
434 5032 537 5075 tam
559 5031 740 5091 aperte
765 5037 794 5074 a
824 5023 957 5076 sacri
988 5033 1164 5077 textus
1187 5023 1402 5078 historia
1434 5025 1711 5080 dissideret
1741 5042 1754 5090 ;

187 5111 271 5165 cui
314 5112 494 5166 simile
531 5111 799 5180 quidpiam
826 5150 840 5174 ,
872 5125 975 5164 non
1017 5113 1170 5167 valde
1198 5114 1430 5170 absimili
1471 5116 1538 5172 de
1572 5133 1752 5182 causa,

187 5202 476 5272 postremis
499 5202 732 5271 quinque
766 5201 950 5256 ιηηωί
977 5203 1252 5271 capitibus
1280 5207 1570 5273 accidisse,
1602 5219 1752 5264 nola-

187 5303 306 5348 runt
353 5292 562 5363 pridem
609 5291 712 5346 viri
761 5292 904 5347 docti
958 5292 1023 5346 ad
1073 5293 1330 5350 Irenaeum
1391 5295 1500 5367 (c);
1551 5299 1757 5355 scilicet

253 5476 336 5549 (a)
372 5477 445 5549 lll
467 5476 598 5549 Reg.
626 5492 753 5549 xvii,
785 5476 818 5530 6
846 5475 960 5549 :_Et
983 5478 1118 5549 coryti
1142 5478 1382 5549 facientes
1406 5483 1453 5534 ei
1477 5483 1644 5535 venire
1667 5501 1758 5549 pa.

187 5544 324 5602 nem."
355 5544 624 5620 ABiblioth.
652 5547 808 5600 Mss.
853 5544 1006 5601 Joan.
1051 5544 1220 5602 de'la
1265 5549 1443 5619 Haye,
1487 5561 1616 5605 tom.
1663 5544 1751 5620 ἰν,

190 5633 330 5757 miti)
342 5617 644 5757 (bifilastrio
666 5698 820 5757 ρει-το
840 5686 1107 5757 consentit
1123 5682 1758 5757 etiamrbugustinustam‘

182 5751 276 5832 cit.
291 5751 469 5816 Serm.
489 5751 588 5810 146
612 5751 679 5810 de
691 5751 876 5824 Temp.
894 5769 1050 5825 quam
1077 5756 1220 5811 hom.
1242 5756 1324 5824 l8,
1344 5751 1455 5811 ubi:
1475 5751 1748 5816 Nonneilli

1858 4657 2106 4722 deesset;
2139 4671 2258 4712 cum
2288 4659 2501 4714 demum
2531 4664 2793 4720 variantes
2815 4671 2975 4724 etiam
3005 4673 3262 4733 lectiones
3289 4680 3420 4738 Cor—

1860 4749 2092 4803 beiensis
2112 4750 2232 4804 cod.
2264 4750 2493 4805 Brixiam
2544 4769 2898 4821 pervenerunt
2919 4803 2932 4826 ,
2966 4780 3189 4832 quarum
3228 4787 3417 4830 emen-

1859 4841 2101 4896 dationes
2147 4841 2382 4910 profecto
2435 4844 2732 4913 plurimas,
2779 4866 2975 4922 easque
3027 4859 3096 4914 ad
3145 4849 3417 4923 Philastrii

1858 4941 2058 4986 textum
2095 4933 2444 5000 supplendum
2482 4951 2545 4991 ac
2583 4943 2969 5001 restituendum
2997 4965 3100 5006 non
3129 4958 3274 5023 parvi
3304 4976 3417 5015 mo-

1860 5023 2044 5089 menti,
2078 5023 2128 5075 in
2157 5023 2754 5094 Spicilegiumnostrum
2785 5039 3136 5110 conjeeituus.

1927 5115 2013 5172 30.
2053 5114 2198 5170 Ordo
2219 5124 2393 5172 autem
2411 5118 2577 5188 hujus
2602 5123 2854 5186 editionis
2878 5147 2910 5185 θ
2934 5136 3087 5190 nobis
3115 5139 3186 5193 its
3218 5147 3418 5200 consti-

1858 5215 2000 5262 tutus
2027 5213 2137 5272 est,
2168 5215 2224 5261 ut
2263 5209 2432 5276 primo
2462 5211 2584 5267 loco
2620 5216 2924 5277 Patus'rnn
2953 5241 3104 5281 LIBER
3129 5245 3194 5284 ne
3226 5232 3414 5289 "£88-

1856 5315 1996 5356 SIBUS
2041 5315 2144 5358 CUI
2193 5316 2640 5364 EHENDATIONIBUS
2683 5327 2751 5368 ΕΤ
2795 5330 2951 5375 Νοτιδ
2986 5319 3142 5376 ῘΟΔΝ.
3183 5325 3414 5384 ΑιΒΕΒἸΊ

1857 5485 2309 5568 partemue/ferebat
2341 5509 2517 5568 corvus
2541 5513 2717 5565 mane,
2747 5511 2795 5555 et
2817 5503 2890 5555 ad
2915 5521 3167 5568 vesperam
3196 5527 3371 5568 carnes
3391 5516 3416 5568 ?

1926 5554 2600 5656 :c)‘£entl'tgrde3£.-_ép‘l:0t.
2645 5554 2760 5639 pa'g.
2799 5554 3167 5640 205

1856 5638 1974 5694 pag.
2007 5625 2072 5679 16
2098 5626 2224 5682 edit.
2269 5630 2538 5688 Massueti.

1945 5694 2007 5762 ιι)
2038 5694 2191 5749 Pref.
2216 5699 2281 5753 ad
2311 5700 2558 5759 Pbilsstr.
