3918 6482
189 410 325 472 1097

1448 395 1740 458 FABRICII
1772 396 2160 456 PREFATIO.

3321 399 3459 460 1098

185 521 362 588 desit,
410 529 539 574 cum
582 529 728 574 anno
779 515 1062 588 superiore
1109 513 1374 571 Trevirim
1431 513 1774 569 visendarum
1802 517 1853 576 Α
1880 512 2140 582 docteque
2162 521 2218 567 et
2245 510 2489 582 apposite
2510 510 2708 578 ubique
2728 510 3044 582 explicatus.
3071 512 3366 585 Superesse
3385 517 3463 571 fa-

186 617 432 668 veterum
475 607 925 665 bibliothecarum
954 607 1123 677 gratia
1165 605 1360 660 adiisse
1389 614 1618 660 testatur
1640 646 1654 670 ,
1686 604 1777 660 ubi

185 703 402 758 occasio
444 699 553 772 ipsi
591 706 714 757 nata
742 700 814 756 sit
843 701 896 755 in
925 700 1186 756 honorem
1219 697 1550 753 Baltltasaris
1577 696 1778 767 pruria-

183 794 334 848 tione
380 791 485 848 hac
510 790 723 846 litaudi.
764 790 966 846 Textus
1002 789 1328 861 simpliciter
1372 788 1670 857 descriptus
1699 794 1783 842 est

173 881 428 940 .indiculo
451 897 638 937 rerum
669 880 1099 938 memorabilium
1132 879 1434 949 praemisso.

253 974 418 1030 1539.
465 972 814 1038 Basilus..."
863 973 1031 1029 iit-8°.
1073 972 1132 1029 S.
1179 969 1450 1026 Philastrii
1495 983 1586 1039 ep.
1630 967 1777 1022 Brix.

183 1065 477 1122 l1er
523 1064 804 1135 catalogus
828 1078 951 1119 cum
1001 1061 1192 1118 incerti
1235 1058 1517 1130 scriptoris
1551 1055 1785 1114 recentis

182 1157 574 1228 supplemento
600 1165 655 1212 et
682 1170 807 1212 cxxv
836 1153 1122 1211 sententiis
1141 1151 1359 1207 Patrum
1389 1149 1457 1206 de
1485 1149 1662 1204 ofﬁcio
1692 1140 1786 1203 ve-

180 1262 374 1305 rorum
404 1256 680 1305 rectorum
727 1245 984 1302 Ecclesiae
1025 1244 1150 1307 Dei,
1194 1251 1250 1297 ct
1291 1239 1693 1313 apospasmatio
1716 1253 1784 1294 ex

184 1337 421 1409 epistola
438 1335 732 1409 Nicephori
754 1333 1186 1404 ChartOphilacis
1206 1332 1273 1387 ad
1294 1330 1658 1387 Theodosium
1675 1328 1786 1384 Mo-

178 1429 422 1486 nachum
448 1428 519 1484 de
540 1425 741 1497 ligandi
769 1424 1124 1495 solvendique
1153 1430 1438 1492 potestate.

256 1527 423 1584 1575.
451 1524 652 1592 Paris.,
688 1540 776 1594 ap.
809 1521 972 1576 Miclt.
1002 1521 1284 1585 Scrinium,
1315 1518 1493 1588 iri-fol.
1521 1518 1580 1574 S.
1609 1515 1786 1572 Phila-

182 1619 303 1676 strii
327 1615 608 1687 catalogus
629 1613 1018 1671 Haereticorum
1037 1611 1092 1666 in
1115 1620 1263 1667 torno
1284 1610 1327 1664 V
1350 1609 1489 1664 Bibl.
1505 1609 1609 1664 PP.
1627 1607 1782 1676 Bign.

254 1706 422 1766 1589.
453 1704 697 1772 Parisiis,
719 1705 900 1774 iit-fol.
925 1703 1198 1759 Philastrii
1223 1701 1392 1771 episc.
1410 1700 1556 1754 Brix.
1579 1699 1646 1754 de
1668 1698 1786 1752 Hae-

184 1800 406 1858 resibus
440 1797 609 1866 liber,
659 1799 715 1853 in
769 1806 916 1852 tomo
965 1795 1030 1850 IV
1075 1794 1194 1849 Bib.
1237 1792 1340 1848 PP.
1385 1791 1537 1862 Bign.
1568 1788 1657 1846 ed.
1702 1803 1788 1843 se-

185 1893 405 1949 cauda.

793 1991 1011 2034 βάτοι]ιο
1048 1991 1177 2031 XVII.

261 2073 425 2129 1611.
457 2070 923 2140 Βοιτκεωάίἱγρσν
945 2065 1063 2121 Jac.
1105 2065 1342 2120 Lucium.
1373 2063 1531 2119 ίη-ιο.
1573 2062 1630 2118 5.
1661 2060 1785 2116 Phi-

187 2162 363 2220 lastrii
394 2162 674 2232 catalogus
699 2160 999 2216 Hmresium
1033 2172 1174 2228 pene
1211 2157 1453 2212 omnium
1495 2169 1618 2210 cum
1660 2167 1786 2222 sup-

183 2256 463 2327 plemento
487 2253 684 2310 incerti
711 2253 973 2317 auctoris,
1005 2252 1232 2307 editors.
1261 2251 1349 2304 Jo.
1373 2267 1404 2303 a
1425 2247 1643 2302 Fuclue.

245 2347 425 2405 .1618.
447 2345 629 2401 Colon.
648 2345 896 2416 Agripp.,
920 2341 1097 2412 iit-fol.
1123 2340 1402 2397 Pliilastrii
1423 2339 1561 2411 liber
1573 2339 1641 2393 de
1663 2337 1783 2392 Ha:-

185 2439 407 2497 resibus
429 2475 446 2502 ,
476 2438 532 2494 in
564 2446 713 2494 tumo
737 2436 805 2491 IV
832 2434 971 2490 Bibl.
1001 2434 1108 2488 PP.

260 2528 422 2584 1821.
452 2526 796 2591 Helmstadii,
833 2540 924 2594 per
966 2521 1085 2576 Jac.
1123 2521 1360 2575 Lucium.
1406 2519 1578 2574 iri-4°.
1609 2518 1784 2586 Repe-

189 2618 283 2675 tita
297 2632 300 2633 '
314 2616 633 2672 Fuchtiana.

262 2691 423 2768 16M.
439 2707 1004 2781 Parisiis,imp.1rium
1023 2705 1286 2774 bibliopoi.
1309 2703 1487 2772 iri-fol.
1510 2701 1781 2757 Philastrii

185 2801 258 2859 de
288 2799 598 2858 Haresihus
637 2799 798 2864 liber,
842 2799 894 2852 in
944 2804 1091 2852 tomo
1119 2794 1186 2850 IV
1236 2794 1374 2850 Bibl.
1406 2792 1511 2849 PP.
1543 2791 1700 2863 hujus
1728 2799 1785 2846 et

185 2909 312 2967 qum
341 2909 432 2950 an.
465 2891 607 2949 1654
636 2891 692 2946 in
722 2890 880 2945 titulo
910 2887 1069 2958 gerit.
1131 2877 1134 2879 λ

261 2986 424 3043 1676.
467 2983 784 3041 Helmstadii
801 3021 886 3051 ,...
917 2982 1082 3037 iit-4°.
1115 2979 1387 3051 Repetitio
1408 2980 1579 3036 altera
1606 2977 1782 3034 Fucin-

189 3077 725 3242 uai‘tizifiugdsni,
772 3167 913 3240 apud
942 3166 1270 3230 Anissonios,
1300 3163 1477 3233 iit-fol.
1513 3163 1572 3220 S.
1602 3163 1782 3218 Phila-

1882 611 2024 658 tetur
2066 618 2233 673 pauca
2265 601 2439 657 adhuc
2477 602 2592 657 loca
2615 643 2629 669 ,
2660 603 2712 658 in
2747 604 2944 674 quibus
2971 614 3186 674 optaret
3227 607 3400 665 lucem
3431 624 3462 665 τι

1880 693 2157 749 codicibus
2201 709 2331 750 mss.
2365 711 2380 748 :
2419 711 2437 744 ‹
2475 687 2543 747 Ει
2586 708 2737 762 spem
2785 694 2916 750 mihi
2961 694 3255 765 aliquando
3302 714 3465 758 manu

1882 788 2084 841 exarati
2125 784 2449 856 exemplaris
2486 800 2555 840 ex
2587 783 2734 840 Italia
2766 784 3044 841 obtinendi
3074 786 3202 843 fecit
3241 789 3468 848 illustris

1883 875 2032 931 Gisb.
2062 874 2305 946 Cuperus
2321 915 2337 943 ,
2368 876 2560 946 inquit,
2580 875 2675 931 sed
2699 875 2980 946 interjecto
3008 886 3250 949 tempore
3269 878 3463 936 iterum

1885 968 2133 1038 monuit,
2156 984 2306 1040 spem
2345 969 2494 1024 illam
2535 983 2751 1027 omnem
2779 971 3078 1028 evanuisse.
3118 971 3302 1042 Itaque
3340 974 3470 1030 solis

1885 1060 2254 1129 editionibus,
2298 1061 2699 1117 Basileensibus
2740 1062 3001 1133 imprimis
3039 1063 3290 1119 standum
3334 1064 3466 1120 mihi

1887 1153 2012 1219 fuit,
2047 1153 2188 1223 quod
2229 1161 2406 1208 tamen
2435 1153 2488 1208 in
2529 1154 2865 1211 recensendo
2889 1154 2992 1211 hoc
3021 1157 3286 1226 scriptore
3327 1172 3468 1228 prte-

1885 1244 2141 1310 stiterim,
2176 1244 2408 1301 libenter
2438 1246 2604 1300 feram
2648 1262 2828 1316 aequos
2857 1256 2909 1301 et
2930 1247 3172 1302 eruditos
3201 1249 3470 1305 aestimare

1882 1336 2112 1405 judices,
2138 1334 2364 1391 Paulum
2406 1337 2671 1407 imprimis
2697 1337 3065 1411 Gagliardum,
3095 1354 3290 1395 canon.
3320 1341 3465 1394 Brix.

1887 1441 2046 1496 quem
2076 1426 2348 1482 Philastrii
2375 1421 2752 1484 et'Gaudentii
2781 1429 3074 1485 editionem
3107 1430 3283 1485 moliri
3314 1430 3473 1498 paulo

1888 1518 2062 1572 serius
2109 1532 2175 1573 ex
2226 1517 2408 1573 Diario
2433 1518 2642 1574 Veneto
2689 1520 3029 1575 Eruditorum
3077 1521 3242 1576 Italia:
3286 1519 3470 1575 didici.

1891 1607 2101 1678 'I‘ituvlos
2145 1608 2411 1677 capitum,
2461 1609 2586 1665 licet
2615 1625 2643 1662 a
2685 1611 2875 1680 quovis
2902 1611 3010 1666 alio
3057 1626 3216 1682 quam
3262 1613 3329 1668 ab
3358 1612 3475 1681 ipso

1892 1698 2183 1754 Philastrio
2206 1699 2508 1770 appositus,
2541 1711 2596 1754 et
2617 1701 2885 1757 interdum
2917 1703 3094 1757 minus
3119 1713 3300 1773 aptos,
3328 1702 3474 1759 uolui

1892 1789 2147 1846 omittere
2177 1807 2191 1843 :
2222 1801 2481 1846 caeterum
2511 1793 2866 1862 appendicem
2899 1793 3012 1849 sive
3041 1795 3478 1865 supplementum

1808 1890 1854 1948 Β
1880 1883 2116 1937 recentis
2138 1883 2450 1953 scriptoris,
2478 1898 2601 1938 cum
2630 1899 2820 1954 parum
2846 1898 3160 1943 accuratum
3189 1889 3261 1944 sit
3287 1898 3341 1946 et
3367 1890 3481 1945 nul-

1883 1969 1989 2025 lius
2039 1972 2407 2037 auctoritatis,
2464 1974 2825 2042 prmtermisi,
2880 1975 3165 2034 additurus
3204 1979 3324 2048 ejus
3358 1980 3481 2038 loco

1883 2059 2122 2116 libellum
2149 2062 2219 2117 de
2247 2061 2575 2132 haeresibus,
2600 2079 2759 2134 quem
2783 2065 2885 2120 sub
2917 2067 3228 2140 Hieronymi
3257 2070 3480 2127 nomine

1883 2147 2142 2207 Claudius
2163 2151 2451 2208 Menardus
2473 2152 2661 2208 edidit.
2687 2155 2793 2210 Sed
2816 2157 3073 2214 nundinis
3093 2161 3480 2231 occupantibus

1884 2252 2013 2313 Opto
2040 2244 2192 2299 illum
2218 2244 2780 2318 Pseudo-llieronymi
2808 2247 3047 2304 libellum
3071 2263 3322 2322 separato
3348 2254 3482 2330 dare

1883 2334 2177 2400 volumine,
2202 2335 2444 2406 aliosque
2468 2335 2662 2392 breves
2687 2349 2901 2395 veteres
2922 2340 2989 2395 de
3014 2342 3281 2398 haereticis
3308 2346 3482 2413 scrip-

1884 2437 2030 2482 tores
2052 2423 2443 2494 illiadjungere
2464 2428 2900 2498 praemittereqne
2925 2431 3362 2488 dissertationem
3385 2449 3481 2505 op-

1881 2514 2111 2580 positam
2141 2512 2316 2569 errori
2345 2527 2410 2569 ac
2435 2516 2751 2584 praejudicio
2780 2534 3000 2585 eorum,
3034 2522 3125 2590 qui
3177 2522 3482 2582 haeresibus

1880 2598 2315 2658 Christianorum
2344 2618 2639 2676 earumque
2668 2609 3012 2666 multitudine
3033 2627 3096 2666 ac
3115 2615 3374 2672 varietate
3404 2617 3480 2673 ita

1880 2707 1941 2748 se
1990 2695 2264 2762 patiuntur
2294 2693 2530 2762 offendi,
2562 2706 2621 2752 ut
2663 2697 2732 2753 de
2781 2698 3009 2756 veritate
3041 2703 3158 2772 ipsa
3205 2707 3482 2778 religionis

1876 2782 2150 2854 indignius
2181 2783 2309 2839 hinc
2336 2785 2838 2858 irreverentiusque
2866 2792 3159 2846 sentiant.»
3183 2795 3310 2851 Post
3339 2815 3479 2867 prcc-

1881 2871 2138 2928 I'atiouem
2159 2874 2448 2944 subjicitur
2476 2875 2593 2932 Vita
2622 2877 2682 2933 S.
2710 2878 3107 2952 Philastriiper
3134 2885 3189 2942 S.
3223 2885 3478 2944 Gauden-

1882 2963 2038 3029 tium,
2055 2965 2310 3020 nimirum
2336 2980 2519 3023 sermo
2543 2968 2686 3024 illius
2703 2969 2754 3024 in
2777 2971 3148 3029 anniversario
3169 2975 3257 3033 die
3275 2979 3475 3035 solem-

1880 3055 2064 3111 uitatis
2089 3057 2209 3127 ejus
2233 3058 2348 3126 (xxv
2365 3061 2524 3115 annis
2542 3069 2665 3129 post
2682 3062 2891 3118 obitum
2915 3064 3212 3142 Pbilastrii)
3233 3072 3476 3138 habitus;

1881 3155 1937 3202 et
1974 3147 2283 3204 testimonia
2311 3150 2559 3219 quaedam
2609 3154 2952 3223 superiorum
2984 3141 3250 3216 editorum
3279 3163 3348 3220 de
3386 3182 3482 3220 eo-

186 3266 307 3321 suii
337 3265 476 3321 liber
504 3241 573 3319 ὦ
622 3261 952 3328 "erasmus,
995 3261 1048 3316 in
1088 3267 1238 3314 ιο,ηο
1264 3257 1310 3313 v
1342 3256 1602 3314 Βίδιίοιιι,
1635 3255 1776 3312 Μαι,
1805 3255 1852 3319 c
1883 3241 2030 3298 dem.
2073 3242 2225 3299 Nota:
2255 3244 2425 3300 textui
2477 3247 2759 3316 subjacent
2797 3250 2973 3304 multa
3019 3253 3087 3307 ad
3136 3252 3480 3316 illustrandus

189 3355 294 3412 pp.
318 3371 374 3427 p.
406 3352 666 3410 τοι-τεο.

777 3456 997 3498 88οῦιο
1031 3456 1184 3496 XVIII.

261 3534 423 3590 1721.
456 3532 776 3603 Hamburgi,
797 3540 1004 3601 sumptu
1029 3530 1228 3584 Theod.
1261 3530 1553 3598 Christoph.
1588 3526 1775 3600 Feige-

188 3626 321 3693 nsri,
347 3624 515 3681 ἕηοὸο.
539 3625 600 3682 S.
623 3622 896 3679 Philastrii
917 3637 1007 3692 ep.
1031 3621 1178 3676 Brix.
1207 3621 1276 3675 de
1306 3619 1612 3675 Haeresibus
1639 3619 1776 3674 liber

187 3729 310 3771 cum
337 3713 809 3773 emendationibus
834 3721 890 3766 et
917 3713 1057 3773 notis
1085 3710 1175 3766 Ja.
1217 3710 1334 3764 Alb.
1366 3707 1599 3764 Fabricii
1623 3709 1777 3764 addi-

189 3806 366 3877 tisque
393 3805 665 3863 indicibus
694 3803 1157 3874 locupletissimis.

259 3898 597 3969 Quamquam
637 3897 770 3955 nulli
809 3894 1171 3966 suppetebant
1200 3892 1448 3949 Fabricio
1495 3893 1616 3950 libri
1646 3907 1776 3948 mss.

189 3989 431 4060 solisque
473 3988 745 4044 ﬁdendum
792 3997 913 4043 erat
956 3986 1283 4043 editionibus
1328 3985 1628 4052 veteribus,
1672 3999 1781 4038 non

189 4093 382 4150 parum
436 4089 621 4136 tamen
667 4078 1002 4136 emendatior
1053 4077 1140 4131 hic
1189 4085 1413 4144 apparet
1460 4075 1780 4129 Philastrius

1873 3337 2114 3393 auctoris
2126 3338 2426 3394 sententias
2445 3338 2680 3395 lectione
2692 3340 3052 3410 abundantes,
3073 3360 3471 3420 nonnumquam

1872 3427 2098 3485 criticae.

1944 3520 2103 3578 1758.
2117 3519 2330 3588 Brixia,
2352 3537 2419 3576 ea:
2435 3532 2640 3596 typogr.
2656 3525 2749 3581 Jo.
2772 3526 2959 3582 Maria:
2979 3530 3247 3591 Rizzardi.
3271 3534 3327 3590 S.
3345 3535 3474 3595 Phi-

1873 3611 2044 3666 Iastrii
2081 3612 2273 3668 Brixia:
2308 3615 2553 3685 episcopi
2581 3617 2649 3672 de
2675 3619 2984 3674 Haeresibus
3013 3622 3150 3677 liber
3178 3640 3298 3680 cum
3330 3629 3474 3683 intc-

1874 3703 1987 3773 gris
2027 3704 2170 3760 natis
2213 3702 2302 3759 Jo.
2347 3706 2543 3761 Albuti
2585 3706 2835 3764 Fabricii.
2890 3712 3252 3771 Accesserunt
3296 3719 3470 3778 Variae

1876 3793 2164 3851 Lectiones
2193 3812 2259 3853 ex
2293 3811 2397 3853 ms.
2429 3798 2550 3853 cod.
2582 3799 2899 3859 Corbeiensi
2935 3815 2988 3860 et
3027 3804 3184 3862 Pauli
3226 3809 3471 3868 Galam-di

1876 3902 2073 3943 canon.
2103 3887 2251 3944 Brix.
2281 3889 2643 3962 Specilegium
2670 3911 2683 3947 :
2709 3894 2762 3948 in
2792 3893 2934 3966 Aug.
2963 3897 3097 3953 Mar.
3122 3899 3331 3968 Quirini
3352 3905 3467 3960 col-

1878 3981 2109 4040 lectione
2136 3992 2244 4041 vet.
2275 3985 2380 4040 PP.
2409 3985 2676 4042 Brixianm
2702 3988 2958 4045 Ecclesia:
2985 4006 3042 4061 p.
3069 3993 3250 4048 1-185.

191 4202 3447 4238 MM

1079 4330 1407 4413 JOAN.
1482 4328 1976 4413 ALBERTI
2049 4331 2561 4418 FABRICII

846 4468 963 4530 AD
1010 4465 1358 4528 LIBRUM
1399 4465 1470 4527 S.
1522 4465 2054 4529 PHILASTRII
2096 4469 2209 4531 DE
2251 4471 2792 4563 HERESIBUS

1529 4630 1984 4707 PBHSFAT
1998 4603 2112 4708 Io

1051 4782 1221 4837 ANNO
1257 4784 1374 4837 1721
1409 4783 1696 4838 EDITIONI
1726 4787 2184 4845 HAHBURGENSI
2216 4794 2568 4850 PREMISSA.

264 5023 482 5116 mni,”
532 5023 760 5116 mque}
800 5039 911 5116 me
936 5023 1096 5082 horas
1136 5025 1392 5097 quasdam
1442 5028 1774 5086 recensendo
1798 5035 1852 5098 Ι)
1873 5035 2088 5107 passim,
2119 5034 2202 5089 vel
2231 5033 2679 5093 hallucinationes
2706 5039 3158 5116 qualescumque,
3191 5062 3283 5106 aut
3306 5069 3460 5113 erro-

188 5125 357 5187 atque
380 5113 696 5172 illustrando
716 5113 771 5169 S.
798 5113 1067 5169 Philastrii
1099 5117 1281 5172 libello
1304 5117 1656 5188 impendisse,
1677 5137 1774 5177 an-

189 5203 482 5276 tiquissimi
531 5214 654 5276 post
686 5203 1107 5269 Tertulliunum,
1149 5221 1307 5276 quem
1361 5208 1429 5264 de
1475 5207 1772 5268 haeresibus

188 5295 334 5356 inter
361 5295 582 5352 Latinos
609 5295 871 5353 habemus
901 5295 1211 5366 Scriptoris.
1444 5350 1448 5354 .

260 5367 425 5443 Varia
447 5401 514 5443 ex
545 5386 639 5442 illo
662 5385 915 5443 didicisse
940 5401 1028 5443 me
1052 5390 1338 5460 protiteor,
1362 5393 1769 5468 doctrinamque

190 5488 248 5536 et
270 5478 448 5534 zelum
477 5476 723 5532 Doctoris
750 5476 822 5546 pii
859 5485 916 5533 et
941 5476 1216 5535 Christum
1244 5483 1475 5539 amantis
1516 5501 1621 5540 non
1653 5501 1780 5556 pos-

189 5583 315 5627 sum
344 5581 455 5623 non
497 5567 749 5638 amplecti
794 5576 851 5624 et
875 5569 1260 5626 commendare
1291 5590 1308 5627 :
1341 5575 1469 5631 licet
1501 5575 1616 5645 jam
1650 5578 1777 5634 olim

191 5661 424 5735 pulchre
466 5659 807 5717 observatum
853 5676 881 5715 a
922 5663 981 5719 S.
1023 5647 1556 5740 Augustino,.atque
1581 5670 1704 5727 inde
1750 5687 1780 5728 a

192 5757 384 5818 multis
404 5762 520 5824 est,
542 5753 684 5813 inter
711 5755 949 5815 haereses
975 5757 1044 5814 ab
1072 5758 1191 5830 ipso
1217 5759 1480 5831 proscribi
1507 5761 1633 5820 hinc
1655 5765 1781 5824 inde

192 5865 308 5916 non
349 5862 553 5924 pauca,
579 5863 705 5921 qua
739 5848 980 5909 haereses
1014 5865 1124 5909 non
1156 5859 1318 5922 sunt,
1347 5853 1445 5913 sed
1470 5854 1560 5913 vel
1584 5878 1782 5940 παραρ-

483 5943 756 6011 Panos.
798 5943 945 6010 XII.

1875 5141 1986 5195 res,
2039 5127 2084 5180 si
2131 5124 2291 5181 modo
2333 5141 2582 5196 errores,
2629 5141 2755 5186 sunt
2802 5136 2943 5190 enim
2987 5140 3162 5209 capita
3213 5149 3452 5214 quaedam

1876 5218 2064 5290 (pauca
2089 5224 2264 5271 tamen
2292 5217 2407 5286 illa)
2433 5219 2486 5273 in
2513 5221 2712 5290 quibus
2729 5223 2844 5280 haec
2867 5226 2983 5297 ipsa
3006 5247 3164 5300 quam
3190 5235 3458 5298 haereseos

1874 5309 2050 5379 arguit
2078 5308 2343 5363 sententia
2363 5349 2378 5374 ,
2405 5311 2591 5368 verior
2619 5313 2780 5371 etiam
2809 5317 3040 5376 videtur.
3377 5333 3382 5342 '

1947 5401 2118 5465 Pauca
2161 5398 2345 5456 itidem
2375 5400 2552 5460 adhuc
2596 5415 2722 5461 sunt
2750 5407 2866 5463 loca
2911 5410 2964 5464 in
2995 5412 3188 5480 quibus
3216 5425 3455 5485 optarem

1881 5490 2052 5579 lucem
2074 5505 2102 5542 a
2125 5491 2404 5548 codicibus
2425 5509 2555 5550 mss.
2577 5505 2633 5552 et
2657 5513 2806 5568 spem
2827 5500 2956 5555 mihi
2982 5502 3267 5574 aliquando
3295 5524 3458 5569 manu

1880 5582 2081 5639 exarati
2120 5584 2443 5654 exemplaris
2471 5602 2540 5642 ex
2583 5588 2730 5643 Italia
2758 5590 3033 5648 obtinendi
3072 5593 3202 5652 fecit
3238 5598 3464 5662 illustris

1879 5674 1962 5730 vir
1980 5671 2261 5729 Gisbertus
2288 5674 2558 5746 Cuperus,
2585 5679 2679 5733 sed
2703 5680 2984 5750 interjecto
3007 5692 3254 5756 tempore
3271 5690 3466 5752 iterum

1881 5764 2090 5821 monuit
2128 5778 2279 5836 spem
2307 5767 2452 5824 illam
2495 5783 2710 5825 omnem
2751 5769 3290 5849 eranuisse.bltaque
3335 5785 3469 5844 solis

1880 5854 2243 5927 editionibus,
2284 5857 2685 5919 Basileensibus
2709 5860 3009 5935 imprimis,
3040 5868 3289 5928 standum
3333 5873 3467 5932 mihi

2828 5953 2910 6016 35
