3922 6432
421 316 559 374 1105
1647 306 1955 368 SANCTUS
1983 305 2453 367 PHILASTRIUS.
3520 305 3655 362 11οι

420 441 518 493 per
540 421 763 494 gratiam
795 419 1026 492 Spiritus
1057 420 1233 476 sancti
1256 420 1400 490 large
1431 418 1679 485 affluens,
1708 420 1849 477 hanc
1875 417 1979 475 Ec—
2008 423 2064 485 Α
2085 420 2338 477 deitatem
2390 419 2565 474 Patris
2617 427 2672 475 et
2728 418 2848 475 Filii
2896 410 3080 476 dicere
3100 458 3115 485 ,
3146 430 3252 490 quo
3275 417 3423 474 dicto
3447 417 3658 474 videtur

418 517 642 572 clesiam
694 516 745 570 in
777 515 907 571 Fide
950 514 1231 571 Trinitatis
1270 513 1561 569 adorandae
1617 511 1896 580 fundavit,
1932 513 1987 567 in
2094 513 2482 582 proprietatem
2535 526 2688 566 suam
2739 521 2930 567 saneto
2966 510 3188 581 Spiritui
3222 510 3506 581 denegare.
3539 508 3660 563 Haec

308 613 312 617 ’
421 623 553 664 vera
575 624 686 679 spe,
720 617 774 664 et
805 608 1068 664 charitate
1098 607 1334 678 perfecta
1365 605 1746 672 constituit,ad
1764 604 1989 661 virtutes
2095 620 2340 675 nusquam
2363 603 2503 673 apud
2533 600 2873 657 Philastrium
2903 601 3163 673 leguntur,
3185 601 3275 657 sed
3313 618 3374 655 ea;
3394 598 3663 672 Augustini

423 700 616 762 erexit,
648 701 698 753 in
731 713 863 770 pace
889 699 1129 769 reliquit.

473 790 618 846 Idem
643 790 806 862 Prw)“.
838 792 906 845 ad
934 790 1151 846 Servum
1174 788 1363 844 Christi
1393 786 1701 844 Benevolum
1725 801 1778 856 p.
1811 787 1936 842 942.

490 884 600 940 Nec
629 885 822 939 mirum
855 885 899 937 si
930 883 1088 937 hodie
1119 881 1301 937 taliter
1321 881 1375 937 in
1397 882 1590 936 timore
1616 878 1829 934 Domini
1862 892 1992 932 con-

419 975 678 1043 versaris,
706 978 795 1046 qui
823 990 923 1030 nec
962 973 1087 1028 dum
1130 983 1384 1044 percepta
1423 970 1683 1039 Baptismi
1719 969 1890 1039 gratia
1919 968 1992 1022 ita

421 1083 522 1137 pro
569 1067 712 1122 Fidei
760 1065 996 1123 ctelestis
1041 1067 1267 1120 veritate
1313 1063 1595 1135 pugnasti,
1629 1070 1688 1117 ut
1731 1061 1992 1117 imbutum

422 1170 474 1216 te
502 1161 906 1216 admirabilibus
949 1159 1208 1215 doctrinis
1237 1157 1536 1229 Apostolici
1572 1171 1666 1226 per
1687 1154 1866 1211 omnia
1892 1152 1995 1209 viri

418 1254 589 1323 patris
617 1253 788 1310 nostri
816 1253 1148 1318 Parnasson,
1180 1259 1342 1306 tantze
1384 1249 1706 1307 constantia:
1747 1247 1994 1304 testimo-

425 1345 571 1401 nium
599 1345 934 1417 approbarit.

497 1435 557 1490 S.
605 1435 1212 1508 Augustinus__l’rte[.rad
1241 1433 1679 1508 Quodcultdeum,
1703 1433 1834 1488 libro
1865 1431 1929 1486 de

913 1505 1206 1561 eresibus
1231 1506 1514 1575 prtemissa.

2094 709 2209 762 cap.
2253 691 2324 749 52
2349 692 2506 762 petita
2535 702 2651 746 sunt
2695 703 2750 747 ut
2781 691 3063 748 Cotelerius
3094 703 3216 748 tom.
3258 708 3273 747 t
3317 691 3664 758 Monument.,

2089 804 2142 856 p.
2172 785 2297 850 775,
2325 795 2464 839 recte
2483 786 2761 840 annotavit.

2651 877 2801 932 Idem
2827 895 2943 948 cap.
2983 877 3076 934 57.

2163 969 2511 1041 Verumquia
2541 969 2845 1027 PHILASTBR
2880 971 2944 1037 in
2975 972 3086 1026 suis
3113 980 3170 1027 et
3193 972 3307 1042 ipse
3343 972 3528 1040 libris,
3552 971 3668 1044 qui-

2095 1060 2195 1116 bus
2215 1062 2552 1117 diversorum
2578 1063 2772 1118 retexit
2801 1061 3075 1129 historias,
3104 1063 3266 1118 etiam
3292 1063 3526 1121 haereses
3551 1080 3671 1135 qua:

2096 1166 2228 1211 ortae
2255 1155 2459 1211 fuerint
2497 1155 2710 1212 exteris
2738 1156 3043 1226 quibusque
3075 1156 3404 1226 temporibus
3427 1199 3440 1222 ,
3463 1173 3528 1212 ex
3554 1157 3672 1227 ejus

2097 1234 2238 1302 nunc
2265 1249 2420 1304 libris
2465 1247 2825 1317 discerpendo
2849 1287 2865 1314 ,
2899 1248 3044 1304 solas
3085 1246 3324 1304 haereses
3359 1247 3411 1302 in
3440 1247 3671 1304 medium

2097 1341 2433 1397 exhibemus.
2460 1340 2597 1396 Citat
2617 1343 2802 1397 deinde
2823 1343 3124 1397 nominatim
3144 1359 3260 1414 cap.
3285 1343 3375 1411 72,
3394 1351 3674 1413 septuage-

2098 1433 2288 1488 simam
2337 1444 2392 1489 et
2441 1435 2730 1491 secundam
2802 1436 3050 1492 haeresim
3112 1434 3599 1491 Rhetborianornm
3641 1448 3674 1491 a

2103 1523 2366 1578 Rhetorio
2391 1514 2698 1579 inchoatam
2717 1566 2732 1589 ,
2761 1524 3033 1580 Philastro
3056 1527 3329 1582 scribente
3356 1525 3674 1582 invenimus.

491 1595 842 1690 pu'f‘smlus
868 1596 1116 1690 W9?!
1138 1595 1440 1690 liriﬁenéi‘
1487 1595 1808 1690 ῩΡίεθίῖῐξξην
1839 1606 1996 1690 9989‘
2104 1620 2210 1675 Sed
2237 1621 2434 1688 ethoc,
2463 1630 2508 1674 et
2546 1621 2651 1675 alia
2680 1639 2712 1674 a
2740 1638 2854 1690 cap.
2886 1622 2954 1677 58
2973 1621 3041 1675 ad
3062 1621 3161 1686 80,
3186 1637 3288 1676 non
3308 1623 3514 1690 ez'jpso
3542 1619 3670 1674 Plri-

423 1702 544 1783 ῨΨη
668 1685 1268 1783 A'“"'°5‘°__1_“e“_‘°'"“i
1297 1685 1461 1739 etiam
1488 1683 1601 1753 ipse
1625 1682 1757 1783 yidi’
1781 1681 2002 1783 scripsit
2106 1681 2308 1777 lastrio,
2336 1681 2486 1782 quem
2511 1729 2787 1783 numquam
2804 1681 3014 1768 uidetur
3039 1681 3342 1782 inspexisse,
3381 1681 3473 1768 sed
3493 1727 3555 1766 ea:
3578 1711 3681 1766 Ast-

422 1780 552 1835 hinc
575 1780 793 1845 librum,
826 1793 923 1834 nec
948 1779 1070 1833 illas
1100 1777 1339 1833 lnereses
1367 1775 1790 1847 praetermittens
1811 1790 1931 1846 qua
1949 1775 2003 1828 in
2032 1793 2080 1854 Β
2107 1775 2312 1876 φιδίεηὸ
2346 1775 2690 1876 ξναηπήρδίι.

423 1871 624 1941 populo
647 1869 832 1924 Judazo
862 1868 1080 1923 fuerunt
1113 1878 1243 1948 ante
1283 1868 1571 1924 adventum
1605 1867 1850 1931 Domini,
1881 1879 2003 1921 eas-

423 1978 528 2032 que
560 1977 726 2017 xxvut
753 1963 1215 2026 commemoravit,
1243 1970 1298 2017 et
1327 1970 1449 2030 post
1477 1960 1689 2016 Domini
1715 1958 2001 2013 adventum

425 2071 622 2110 cxxvm
654 2058 751 2125 (a).
775 2054 1001 2124 Scripsit
1031 2053 1158 2108 hinc
1186 2055 1347 2108 etiam
1375 2053 1564 2108 Graece
1593 2053 1876 2121 episc0pus
1901 2048 2006 2118 Cy-

421 2148 576 2216 prius
600 2144 928 2215 Epiphanius
958 2147 1009 2198 in
1039 2144 1286 2198 doctrina
1319 2143 1598 2198 catholica:
1622 2143 1743 2196 lidei
1769 2139 2008 2194 laudabi-

430 2239 555 2294 liter
582 2237 918 2302 diﬂamatus;
953 2235 1049 2289 sed
1078 2236 1193 2304 ipse
1229 2237 1513 2304 utriusque
1543 2233 1802 2303 temporis
1836 2231 2006 2285 luere-

431 2346 519 2386 ses
546 2331 826 2400 colligens,
875 2343 1018 2382 Lxxx
1052 2327 1129 2400 (b)
1180 2328 1497 2396 complexus
1534 2335 1640 2381 est.
1696 2323 1831 2380 Cum
1879 2337 2010 2394 ergo

2108 1916 2167 1972 S.
2199 1917 2450 1970 Damasus
2498 1917 2710 1984 epistola
2753 1916 2998 1986 synodica
3029 1918 3087 1970 A.
3122 1916 3216 1971 571
3243 1957 3257 1980 ,
3288 1916 3340 1970 in
3372 1915 3679 1971 Collectiorte

2192 2008 2449 2061 llolstenii
2479 2006 2712 2061 Romana
2751 2007 2886 2060 edita
2910 2008 2972 2060 A.
3008 2006 3165 2072 1662,
3191 2007 3357 2071 iit-8°,
3383 2025 3435 2077 ρ.
3470 2006 3594 2061 ‘l66.

2180 2099 2286 2154 Sed
2307 2098 2581 2154 Gallorum
2603 2108 2657 2154 et
2675 2098 3056 2154 Venetensium
3075 2099 3156 2172 (ά)
3175 2100 3398 2154 fratrum
3426 2098 3686 2155 relatione

2108 2187 2488 2257 comperimus,
2519 2189 2807 2242 nonnullos
2837 2203 2940 2241 non
2975 2189 3199 2244 hmresis
3249 2189 3429 2244 studio
3451 2230 3466 2254 ,
3510 2201 3686 2259 neque

2109 2279 2250 2335 enim
2282 2279 2384 2334 hnc
2412 2287 2614 2333 tantum
2644 2281 2843 2334 malum
2875 2279 3067 2333 cadere
3099 2280 3148 2333 in
3183 2280 3276 2334 Dei
3298 2279 3567 2334 antistites
3585 2291 3686 2349 po-

2110 2378 2234 2450 test,
2263 2369 2357 2425 sed
2384 2370 2617 2434 inscitia,
2655 2372 2735 2425 vel
2767 2385 2832 2425 ex
2864 2369 3209 2440 simplicitate
3242 2371 3468 2440 quadam
3497 2367 3688 2427 scaevis

2110 2460 2647 2529 interpretationibus
2691 2469 3015 2526 aestuantes,
3061 2476 3168 2515 non
3226 2460 3357 2516 satis
3420 2457 3692 2532 dispicere

2111 2568 2230 2622 qua!
2259 2553 2426 2620 magis
2452 2552 2668 2607 Patrum
2702 2562 3012 2608 nostrorum
3038 2553 3109 2607 sit
3147 2552 3377 2608 tenenda
3399 2552 3689 2618 sententia,

2113 2659 2234 2700 cum
2277 2645 2484 2699 diversa
2516 2645 2741 2700 consilia
2776 2649 2964 2700 eorum
3009 2647 3193 2701 oribus
3222 2647 3564 2715 ingeruntur.
3590 2644 3692 2699 De-

2115 2736 2279 2805 nique
2354 2736 2676 2791 Auxentium
2742 2735 3196 2793 Mediolanensem
3261 2735 3362 2791 hac
3423 2735 3693 2807 praecipue

2115 2843 2273 2893 causa
2297 2828 2605 2884 damnatum
2634 2844 2756 2884 esse
2787 2830 3152 2899 perscribunt.

433 2424 595 2478 ambo
628 2421 679 2475 id
711 2420 912 2476 vellent
943 2419 1124 2474 facere
1165 2419 1311 2488 quod
1358 2434 1386 2472 a
1425 2433 1512 2474 me
1557 2418 1720 2488 petis,
1749 2425 2009 2485 quantum

433 2522 612 2570 tamen
637 2514 776 2568 inter
797 2527 856 2566 se
873 2510 1124 2566 dill‘erant
1148 2509 1217 2566 de
1235 2526 1462 2565 numero
1489 2509 1704 2565 interim
1719 2519 2009 2582 sectarum,

436 2602 588 2658 vides
621 2620 635 2656 :
666 2600 809 2670 quod
859 2601 1042 2672 utique
1082 2615 1186 2654 non
1244 2601 1539 2666 evenisset,
1591 2599 1693 2652 nisi
1735 2595 1882 2652 aliud
1921 2597 2012 2651 uni

438 2711 623 2750 corum
647 2695 920 2749 videretur
941 2707 1063 2749 esse
1087 2694 1335 2758 haeresis,
1367 2703 1420 2747 ct
1446 2691 1591 2746 aliud
1620 2691 1798 2746 alteri.
1830 2690 2015 2759 Neque

438 2788 582 2843 enim
613 2785 905 2856 putandum
947 2792 1032 2840 est
1083 2785 1289 2854 aliquas
1342 2786 1620 2854 ignorasse
1658 2783 2012 2853 Epiphanium

439 2892 571 2948 quas
627 2887 846 2932 noverat
890 2875 1212 2929 Philastrius
1244 2889 1400 2929 :cum
1450 2874 1807 2945 Epiphanium
1857 2874 2016 2944 longe

443 2972 731 3025 Philastrio
757 2970 1054 3025 doctiorem
1083 2969 1472 3033 invenerimus,
1501 2969 1575 3023 ita
1593 2979 1650 3023 ut
1671 2969 2014 3025 Philastrium

447 3062 625 3130 potius
651 3059 831 3114 dicere
857 3060 1181 3114 deberemus
1208 3059 1426 3113 latuisse
1456 3060 1737 3128 plurimas,
1764 3060 1808 3114 si
1839 3071 2015 3114 tamen

448 3151 628 3220 plures
657 3158 800 3204 esset
853 3150 944 3202 ille
987 3148 1308 3217 complexus
1331 3188 1345 3212 ,
1371 3156 1426 3203 et
1457 3148 1561 3202 iste
1585 3149 1881 3216 pauciores.
1911 3149 2017 3203 Sed
2047 3155 2090 3212 (3
2195 3141 2442 3212 Syagrio,
2473 3152 2527 3195 et
2551 3142 2818 3198 Eucherio
2845 3143 2975 3197 viris
2999 3142 3317 3198 clarissimis
3344 3143 3692 3209 consulibus,

450 3241 633 3310 procul
679 3239 844 3293 dubio
874 3240 925 3291 in
969 3253 1029 3292 ea
1061 3239 1384 3306 quaestione,
1416 3235 1504 3290 ubi
1532 3238 1865 3306 disceptatur
1894 3237 2022 3306 quid
2131 3232 2288 3287 nonis
2309 3233 2737 3303 Septembribus,
2762 3233 3020 3303 Aquileia:
3058 3233 3110 3288 in
3139 3233 3367 3290 ecclesia
3407 3233 3697 3290 considen-

447 3336 516 3388 sit
544 3333 787 3396 hmrcsis,
821 3345 924 3382 non
955 3329 1096 3383 idem
1130 3330 1410 3383 videbatur
1432 3329 1720 3395 ambobus,
1752 3337 1810 3384 et
1832 3338 2023 3385 revera
2128 3323 2269 3377 tibus
2315 3339 2434 3378 cum
2482 3323 2745 3393 episcopis
2770 3366 2782 3389 ,
2819 3324 3246 3394 Aquileiensium
3277 3326 3514 3385 civitatis
3541 3325 3700 3383 Vale-

455 3426 557 3480 lioc
584 3422 802 3478 omnino
824 3420 1052 3474 delinire
1080 3419 1300 3474 difﬁcile
1325 3431 1425 3476 est.
2127 3413 2302 3481 riano,
2321 3413 2604 3469 Ambrosio
2621 3414 3062 3488 (Mediolanensi),
3080 3416 3700 3497 Eusebio(Bononicnsi),

2128 3507 2371 3562 Limenio
2409 3506 2794 3579 (V'crcellensi),
2837 3509 3068 3565 Anemio
3104 3509 3403 3582 (Sirmiensi
3432 3509 3700 3582 Illyrici),

2093 2918 2270 2995 Gesta
2300 2942 2500 2994 concilii
2522 2941 2858 3011 Aquileiensis
2881 2943 2952 3013 (e)
2983 2952 3160 2997 contra
3190 2942 3494 2997 Palladium
3524 2951 3568 2997 et
3597 2942 3694 2998 Se-

2284 3032 2594 3086 cundianum
2622 3033 2888 3086 litercticos
2915 3031 3193 3103 (Arianos)
3220 3033 3283 3086 A.
3311 3031 3371 3085 C.
3406 3033 3532 3086 581.

754 3513 900 3566 Idem
923 3511 1056 3566 libro
1081 3512 1142 3565 de
1169 3511 1462 3566 Iliensibus
1488 3530 1600 3584 cap.
1637 3516 1726 3570 Η.

530 3611 826 3665 ΡωιΑετειι
857 3607 1138 3662 Brixianus
1165 3608 1451 3677 episcopus
1480 3607 1533 3664 in
1564 3610 1925 3678 prolixissime
1951 3611 2027 3679 (ο)

460 3705 599 3759 libro
629 3719 786 3774 quem
811 3700 879 3755 de
905 3699 1209 3755 llmresibus
1237 3699 1481 3754 condidit
1506 3742 1519 3764 ,
1550 3710 1605 3755 et
1633 3716 1827 3755 cxxvm
1858 3700 2029 3755 haere-

459 3808 546 3847 ses
568 3794 857 3846 arbitratus
879 3797 964 3844 est
978 3788 1390 3856 computandas,
1414 3788 1753 3842 Sabellianos
1774 3789 2032 3842 continuo

465 3894 583 3954 post
605 3881 898 3936 Noetianos
925 3894 1131 3949 ponens
1156 3920 1171 3943 ,
1195 3889 1290 3932 etc.

537 3974 856 4029 Nominatint
877 3974 1062 4026 iterum
1081 3971 1204 4025 citat
1224 3987 1339 4040 cap.
1365 3970 1456 4039 48,
1483 3972 1571 4040 55,
1600 3970 1690 4038 57,
1713 3972 1803 4038 67,
1826 3973 1886 4028 71
1904 4012 1920 4040 ,
1941 3973 2030 4037 80,

465 4079 615 4138 atque
647 4084 706 4121 ex
733 4065 1018 4120 Pltilastrio
1049 4065 1288 4133 repetisse
1318 4081 1372 4118 se
1399 4081 1730 4134 quiscumque
1759 4081 1789 4118 a
1824 4081 1940 4137 cap.
1965 4066 2036 4122 58

465 4162 533 4214 nd
562 4159 630 4214 80
659 4159 804 4210 habet
832 4196 846 4222 ,
874 4157 1058 4209 innuit.
1090 4156 1154 4209 Et
1183 4156 1318 4209 alias
1344 4155 1559 4225 quidem
1586 4157 1772 4225 (inquit
1800 4172 1916 4227 cap.
1945 4156 2035 4226 80)

465 4254 580 4322 ipse
608 4257 1016 4314 commemorat,
1048 4249 1141 4303 sed
1163 4247 1293 4304 mihi
1316 4248 1646 4317 appellanda:
1674 4251 1905 4306 haereses
1933 4267 2038 4305 non

473 4342 745 4395 videnlur.
769 4341 1142 4408 Quascumque
1167 4349 1347 4392 autem
1377 4340 1492 4393 sine
1523 4340 1831 4413 nominibus
1855 4342 2038 4409 posui,

474 4449 573 4487 nec
594 4433 710 4500 ipse
737 4446 919 4484 earum
948 4430 1163 4481 nomina
1200 4430 1537 4483 memoravit.
1573 4429 1811 4484 Vicissim
1835 4448 1950 4501 cap.
1973 4433 2042 4487 70

2130 3598 2330 3654 Sabino
2358 3597 2736 3670 (Placentino),
2761 3599 3106 3656 Abundantio
3135 3600 3517 3672 (Tridentino),
3546 3603 3707 3659 Arte-

2109 3691 2262 3755 'mio,
2292 3689 2608 3745 Constantio
2629 3690 2888 3761 (episcopo
2933 3692 3302 3757 Sciscianensi,
3339 3693 3507 3764 legato
3527 3692 3707 3748 Gallo-

2133 3781 2291 3847 rum),
2321 3779 2346 3832 J
2358 3789 2476 3832 usto
2508 3779 2708 3848 (legato
2739 3778 3074 3849 Gallorum),
3101 3781 3404 3838 Patusrno
3436 3783 3706 3855 (episcopo

2134 3865 2426 3938 Brixiano),
2445 3865 2762 3922 Constantio
2797 3867 3066 3939 (Arausico
3090 3872 3384 3942 episc0po),
3425 3873 3708 3932 Theodoro

2138 3957 2850 4030 (Octodorensi),Almachio,
2873 3960 3138 4017 Domnino
3155 3962 3708 4037 (GratianOpolitano),

2137 4051 2387 4106 Amantio
2421 4049 2722 4122 (Niciensi),
2746 4052 2977 4106 Maximo
3011 4053 3363 4124 (Emonensi),
3388 4055 3588 4126 Felice,
3609 4056 3712 4113 Ba-

2138 4146 2333 4201 siliano
2377 4145 2748 4219 (Laudensi),
2797 4146 3082 4214 Nulmidio,
3130 4149 3428 4216 Januario,
3480 4150 3712 4207 Proculo

2143 4236 2502 4308 (Massiliensi)
2526 4280 2542 4305 ,
2573 4238 2864 4297 Heliodoro
2897 4239 3193 4313 (Altinensi)
3217 4283 3232 4310 ,
3265 4244 3460 4299 Jovino
3484 4284 3500 4311 ,
3533 4242 3714 4300 Felice

2144 4326 2457 4400 (ludi-ensi),
2489 4330 2717 4386 Eventio
2743 4331 3044 4406 (Ticinensi)
3065 4374 3080 4399 ,
3124 4332 3488 4405 Exuperantio
3507 4331 3715 4406 (Derto-

2145 4423 2332 4490 nensi),
2383 4422 2620 4492 Diogene
2667 4422 3004 4497 (Cannensi),
3060 4425 3308 4492 Maximo,
3363 4424 3713 4494 Macedonio,

477 4521 645 4593 posuit
667 4534 846 4572 nomen
880 4515 1323 4569 Priscillianorum
1345 4555 1359 4581 ,
1382 4517 1518 4583 quod
1544 4517 1596 4569 in
1630 4516 1899 4573 Pliilastrli
1917 4522 2044 4576 libro
2069 4522 2125 4583 D
2147 4510 2404 4567 CaSSiaﬂO
2429 4552 2445 4579 ν
2481 4513 2735 4569 Marcello
2753 4557 2767 4582 ,
2801 4525 2855 4571 et
2892 4517 3176 4573 EuSlalhio
3196 4559 3210 4585 ,
3245 4519 3561 4574 Ambrosius
3593 4517 3715 4588 Epi-

475 4635 577 4673 non
607 4615 808 4687 legitur.

841 4681 1032 4735 Auctor
1063 4678 1424 4734 Prtedestinati
1452 4696 1567 4749 cap.
1595 4678 1682 4735 52.

542 4778 838 4834 Ριιιιλετειι
881 4772 1068 4829 scribit
1109 4770 1480 4826 Macedonium
1513 4771 1768 4842 Spiritum
1794 4785 2041 4832 sanctum

555 4912 631 4986 (a)
672 4913 818 4966 llunc
851 4924 1131 4986 numerum
1156 4923 1262 4961 non
1293 4918 1494 4962 tantum
1531 4909 1812 4986 {\ugustini
1834 4913 2048 4986 codices

480 4979 587 5040 hoc
615 4979 756 5044 loco,
786 4989 840 5034 et
859 4995 973 5046 cap.
1000 4979 1060 5033 4|
1090 4989 1400 5034 constanter
1427 4979 1735 5048 praeferunt,
1766 4982 1858 5037 sed
1885 4984 2045 5040 etiam

484 5065 673 5109 auctor
701 5048 1119 5122 apogntlit'is_atl
1156 5049 1474 5122 Ildcfonsum
1501 5051 1566 5105 de
1609 5051 1804 5122 Script.
1838 5053 2047 5110 Eccles.

483 5143 604 5194 cap.
632 5125 663 5177 5
702 5119 753 5176 et
782 5119 1106 5194 Trithcmius
1139 5136 1199 5194 Ac.
1248 5120 1315 5194 8}
1368 5124 1644 5194 Augustini
1681 5119 1923 5194 vestigiis
1965 5125 2050 5180 in-

486 5188 740 5251 sistentes
767 5191 1105 5243 continuant.
1139 5188 1191 5240 In
1220 5189 1363 5242 edito
1408 5188 1585 5246 autem
1621 5188 1887 5248 Philagri-ii
1914 5195 2052 5250 libro

488 5283 594 5323 non
643 5262 821 5332 plures
851 5268 965 5328 poit
1000 5257 1285 5332 adventum
1320 5259 1523 5313 Domini
1558 5267 1788 5330 reperias
1822 5266 2054 5321 linireses

487 5327 658 5405 quani
692 5327 871 5405 cxxu,
917 5338 971 5382 et
1001 5327 1258 5405 credibile
1305 5337 1391 5405 est
1411 5333 1583 5405 capita
1621 5327 1900 5401 postrema
1934 5335 2053 5390 liliri

489 5398 793 5465 Pliilastrii,
850 5400 904 5455 in
949 5413 1054 5468 quo
1097 5398 1302 5451 nullum
1345 5400 1601 5456 clausula:
1635 5398 1945 5474 vestigium,
1979 5409 2057 5459 in—

491 5473 789 5532 tercidisse.

566 5545 641 5613 (b)
657 5543 826 5598 Etiam
847 5550 980 5615 ante
1007 5538 1352 5615 Philostrium
1375 5541 1592 5609 scripsit
1616 5544 1962 5615 Epiphanius,
1987 5562 2053 5602 ex

493 5610 645 5684 cujus
675 5611 889 5684 scriptis
912 5610 1005 5663 ille
1028 5610 1270 5684 profecit.

563 5681 637 5754 (ο)
671 5681 1090 5759 Ρτοξὶκίχεὶςιιιηη
1124 5681 1316 5759 librum
1352 5691 1508 5759 vorat
1544 5697 1647 5759 non
1683 5685 1751 5740 ob
1793 5689 2056 5759 magnitu-

493 5750 669 5810 dinem
710 5751 1014 5815 voluminis,
1064 5750 1156 5805 scd
1189 5750 1260 5806 ob
1289 5750 1554 5819 prolixum
1598 5750 2054 5828 hccresiutn'quas

2147 4615 2343 4670 scopus
2370 4601 2526 4667 dixit,
2556 4612 2660 4658 etc.

2217 4689 2483 4746 Pbilaster
2511 4690 2812 4763 Episcopus
2842 4694 3121 4749 Brixianus
3148 4696 3289 4750 dixit
3315 4712 3326 4748 :
3352 4696 3718 4767 Blasphemias

2149 4791 2202 4836 et
2229 4782 2559 4847 iniquitatem
2582 4783 2802 4840 Palladii
2829 4827 2844 4850 ,
2873 4787 2960 4858 qui
3006 4788 3260 4844 Arianam
3300 4788 3598 4845 doctrinam
3631 4806 3720 4848 se-

2148 4928 2536 4992 comtnemorat
2564 4935 2844 4976 numerum
2867 4921 3229 4991 epiphaniano
3257 4922 3414 4991 longe
3438 4922 3714 4992 majorem.

2225 4987 2301 5060 (tl)
2335 4989 2434 5043 Per
2479 4988 2809 5047 Venelenses
2848 4987 3115 5061 fratresa
3167 4987 3424 5058 Damas'o,
3475 4987 3538 5046 et'
3577 4991 3717 5061 apud

2152 5055 2538 5130 Iticnilorituin
2590 5077 2648 5122 II,
2699 5061 2790 5128 22,
2846 5062 3007 5129 llist.,
3040 5055 3520 5129 Sozomennm'vt,
3551 5055 3643 5130 25,
3665 5070 3720 5118 et

2152 5129 2512 5204 Nicephorum
2543 5132 2694 5204 xt,‘3l
2725 5133 2858 5204 ,(ubi
2887 5136 3073 5189 eadem
3127 5135 3354 5204 epistola
3384 5133 3570 5189 Graece
3593 5131 3723 5204 legi-

2157 5198 2284 5281 [ἐπὶ.
2343 5200 2561 5281 intelligi
2618 5198 3073 5281 Philastriunret
3111 5198 3447 5281 Evagrium,
3497 5204 3590 5281 uti_
3627 5198 3722 5274 per

2153 5269 2337 5323 Gallos
2370 5269 2649 5340 Hilarium,
2695 5277 2900 5331 notavit
2946 5277 3192 5333 Valesius
3213 5269 3264 5346 p'.
3293 5275 3430 5342 M2,
3461 5276 3529 5330 ad
3558 5269 3725 5331 So'zo-

2157 5354 2394 5392 menum.
3463 5367 3468 5373 .

2227 5407 2384 5495 (fuit
2431 5409 2763 5495 Corporibus
2807 5415 3370 5495 conciliorumntom.‘
3400 5417 3444 5472 Il
3491 5413 3721 5495 lisbhei,

2199 5519 2208 5530 .
2243 5479 2365 5558 979,
2397 5492 2453 5537 et
2483 5479 2612 5538 toin.
2662 5485 2982 5558 Inllarduin.
3026 5506 3079 5558 p.
3102 5486 3208 5543 825
3231 5489 3499 5558 ,ietinter
3517 5487 3576 5542 S.
3599 5479 3728 5558 Att}?-

2197 5553 2319 5605 ωείί
2339 5567 2501 5628 opera
2530 5556 2730 5628 tom.__ll
2752 5557 2880 5613 edit.
2910 5553 3058 5613 nevae
3089 5553 3488 5628 ﬂenedicunor.
3519 5573 3572 5628 p.
3600 5553 3726 5620 802,

2156 5636 2255 5698 nec
2309 5639 2411 5698 non
2464 5626 2603 5698 inter
2658 5625 2835 5696 Vigilii
2870 5625 3165 5697 'Iapsensis
3214 5638 3412 5698 scripta
3460 5625 3728 5684 in'lucesn

2154 5691 2294 5746 edita
2318 5707 2346 5746 a
2372 5693 2659 5750 Francisco
2681 5691 2968 5754 (lhilllctio'.
