3922 6414
255 463 392 520 1105

250 668 392 723 navi.

248 777 313 834 S.
341 779 618 853 Gregorius
646 785 868 857 Magnus
906 791 995 844 lib.
1048 791 1132 856 Vl,
1165 795 1379 866 epistola
1410 797 1498 864 15,
1551 798 1619 853 ad
1667 800 1825 855 Geor—

315 871 454 942 gium
507 875 676 943 presb.
734 886 779 930 et
830 877 1155 936 Theodorum
1208 884 1479 940 diaconum
1533 887 1822 944 Constanti-

315 965 534 1032 nopolit.

310 1074 414 1131 Sed
441 1092 510 1133 ne
546 1077 888 1137 dilectionem
926 1093 1160 1141 vestram
1208 1089 1257 1142 in
1301 1105 1418 1146 mea
1453 1092 1819 1164 disputatione

241 1164 515 1234 immorer,
566 1171 696 1240 quid
745 1172 816 1229 de
869 1175 968 1230 hac
1015 1177 1205 1233 haeresi
1262 1181 1567 1239 Puius'rsn
1596 1186 1648 1239 in
1683 1187 1818 1243 libro

240 1272 400 1328 quem
429 1256 498 1314 de
541 1259 847 1319 Hmresibus
893 1267 1131 1337 scripsit,
1179 1270 1392 1338 dixerit,
1444 1287 1813 1344 recognoscat.

237 1346 404 1420 Cujus
441 1351 556 1409 haec
596 1355 759 1411 verba
805 1367 928 1412 sunt
957 1358 1033 1430 (α)
1067 1377 1080 1414 :
1114 1361 1247 1416 Sunt
1270 1363 1497 1420 haeretici
1525 1370 1613 1436 qui
1641 1371 1815 1424 dicunt

236 1438 514 1498 Dominum
554 1446 609 1499 in
646 1447 904 1516 infernum
949 1451 1303 1520 descendisse,
1351 1467 1399 1510 et
1445 1460 1674 1514 omnibus
1701 1472 1815 1529 post

218 1543 446 1589 mortem
473 1538 626 1591 etiam
643 1537 834 1593 ibidem
855 1557 909 1595 se
933 1545 1213 1609 nuntiasse,
1240 1556 1294 1602 ut
1314 1551 1608 1619 conﬁtentes
1627 1551 1814 1608 ibidem

233 1626 589 1694 solverentur;
620 1645 734 1684 cum
770 1632 865 1686 hoc
893 1635 958 1688 sit
992 1637 1306 1691 contrarium
1340 1640 1528 1696 dicenti
1555 1644 1814 1713 prapltetw

231 1711 406 1769 David
423 1732 443 1770 :
465 1713 532 1771 In
556 1718 756 1787 inferno
779 1731 946 1776 autem
965 1725 1414 1795 quiscon/itebitur
1436 1711 1562 1787 tibi
1583 1711 1810 1805 EtApo-

228 1803 391 1859 stolas
420 1822 440 1859 :
468 1806 724 1879 Quotquot
748 1812 856 1866 sine
876 1815 988 1883 lege
1012 1828 1372 1884 peccaverunt,
1403 1822 1510 1875 sine
1540 1824 1650 1894 [ευρ
1675 1803 1811 1894 peri-

228 1890 373 1948 bunt.
429 1894 593 1965 Cujus
622 1899 803 1955 verbis
833 1901 1018 1956 beatus
1047 1919 1256 1975 quoque
1283 1890 1610 1978 Augustinus
1646 1890 1719 1984 (ὸ)
1753 1913 1803 1968 in

225 1998 296 2039 eo
322 1985 457 2041 libro
482 1991 794 2056 concordat,
823 2009 981 2059 quem
1012 1996 1079 2049 de
1109 1995 1412 2053 liceresibus
1436 2001 1674 2069 scripsit.

227 2073 293 2130 S.
323 2074 653 2150 liampertus,
688 2091 891 2136 tractat.
932 2085 995 2136 de
1031 2083 1390 2142 Translatione
1415 2089 1475 2144 S.
1509 2090 1798 2146 Philastrii.

299 2164 550 2230 Quamvis
568 2180 773 2224 certum
799 2171 890 2236 sit,
922 2172 1226 2228 divinorum
1253 2179 1537 2246 praesentia
1559 2182 1801 2250 exempla

226 2255 626 2325 miraculorum,
658 2276 888 2330 superna
923 2263 1162 2322 radiasse
1187 2268 1518 2336 providentia
1550 2272 1603 2325 in
1632 2274 1803 2328 nostri

227 2348 550 2404 venerabilis
570 2365 720 2423 papa:
743 2355 1117 2423 translatione,
1143 2373 1328 2413 eorum
1355 2371 1531 2416 tamen
1555 2364 1802 2434 scriptio-

224 2435 311 2492 nis
339 2439 662 2496 necessitate
689 2484 702 2508 ,
745 2453 923 2521 nostra
954 2446 1101 2512 plebs
1131 2457 1272 2516 eget.
1306 2447 1429 2504 Haec
1455 2453 1650 2506 etenim
1682 2469 1800 2521 pas-

224 2529 360 2596 sim,
407 2529 716 2602 aﬂ‘atimque
760 2515 1014 2601 evadens,
1045 2515 1183 2608 aegri
1203 2542 1343 2610 vulgi
1377 2545 1529 2598 turba
1565 2515 1798 2617 undique

223 2623 572 2690 conveniens,
601 2635 656 2678 et
685 2637 934 2697 percepta
965 2631 1195 2687 sanitate
1218 2633 1451 2702 rediens,
1482 2636 1628 2692 mille
1656 2653 1796 2706 prae-

223 2711 370 2768 dicat
387 2715 630 2772 vocibus.
656 2718 782 2774 litae
799 2719 1093 2776 vicinorum
1117 2725 1256 2780 villa:
1279 2727 1539 2795 locorum,
1570 2746 1794 2800 quarum

222 2803 420 2858 infirmi
450 2807 626 2860 varios
651 2818 1000 2880 secretosque
1029 2814 1289 2871 habentes
1320 2818 1626 2888 languores,
1657 2822 1796 2877 inter

222 2900 424 2967 tantam
455 2896 851 2955 multitudinem
895 2904 1203 2960 venerabile
1245 2921 1440 2976 corpus
1485 2911 1744 2968 adeuntes
1775 2955 1790 2980 ,

221 2994 543 3055 procurante
563 2988 656 3043 Dei
678 2991 1070 3059 misericordia,
1101 2997 1304 3050 meritis
1325 3013 1534 3068 quoque
1551 3002 1790 3069 ejusdem

208 3059 393 3132 sancti
419 3081 870 3147 promerentibus,
893 3099 1186 3155 eorumque
1218 3087 1320 3142 fide
1341 3059 1699 3162 suifragahte,
1727 3095 1792 3151 de

218 3167 332 3221 suis
361 3167 813 3226 invaletudinibus
842 3176 1282 3233 convalescentes
1315 3181 1617 3249 redierunt;
1652 3184 1789 3241 fama

218 3258 376 3314 nobis
412 3263 790 3330 renuntiante,
831 3266 910 3319 eis
957 3282 1251 3337 supernum
1296 3283 1516 3328 narrant
1563 3277 1790 3334 miracu-

218 3347 347 3414 lum,
371 3350 459 3420 qui
484 3366 669 3406 eorum
716 3355 890 3422 pridie
923 3371 1184 3414 noverant
1229 3353 1586 3432 inﬁrmitates,
1631 3377 1685 3422 et
1713 3377 1790 3424 tot

217 3447 384 3494 testes
407 3441 782 3499 miraculorum
803 3445 897 3501 Dei
915 3450 1201 3515 exsistunt,
1232 3455 1322 3522 qui
1355 3457 1498 3522 prius
1530 3471 1790 3515 noverant

213 3541 412 3596 agros,
438 3530 540 3584 nisi
569 3536 944 3601 tegrotantium
992 3539 1228 3594 titubans
1271 3541 1403 3596 ﬁdes
1431 3545 1652 3601 officiat.
1680 3547 1784 3604 Sed

210 3618 337 3684 quia
362 3632 579 3674 suorum
611 3623 845 3688 testium,
876 3636 931 3679 et
960 3637 1196 3682 nostrum
1225 3634 1548 3699 generaliter
1572 3636 1784 3693 debitus

209 3707 456 3762 imminet
480 3710 691 3776 obitus;
718 3728 813 3781 pro
837 3713 1136 3770 futurorum
1162 3719 1434 3776 hominum
1465 3725 1778 3793 ignorantia,

207 3810 437 3866 quorum
465 3798 585 3854 fidei
620 3800 955 3858 affectionem
986 3821 1110 3876 erga
1142 3811 1307 3863 nostri
1340 3813 1501 3880 patris
1523 3814 1780 3886 obsequia

201 3887 501 3944 studiosam
533 3890 768 3948 futuram
797 3909 918 3960 esse
948 3911 1228 3976 speramus
1253 3941 1266 3964 ,
1298 3911 1456 3972 atque
1483 3904 1669 3961 audire
1696 3922 1781 3962 ar-

203 3977 574 4035 dentissimam
600 4023 616 4048 ,
649 3997 754 4038 non
795 3985 970 4039 solum
1011 3987 1165 4042 linea:
1197 3990 1356 4057 fauni,
1388 3989 1777 4062 generationis-

200 4081 308 4136 que
349 4082 625 4137 narrante,
659 4073 751 4127 sed
795 4074 958 4130 etiam
994 4080 1257 4148 scriptura
1286 4096 1315 4133 a
1347 4083 1501 4136 nobis
1523 4125 1536 4147 ,
1584 4086 1776 4153 quibus

201 4154 344 4213 Deus
367 4157 472 4214 hoc
502 4161 683 4217 videre
711 4167 996 4229 concessit,
1035 4171 1360 4237 promulgata
1394 4182 1644 4236 testante,
1671 4175 1775 4228 salo

198 4259 307 4306 tem
327 4268 494 4322 pauca
515 4254 582 4309 de
601 4255 843 4323 pluribus
871 4259 1166 4324 miraculis,
1192 4277 1312 4328 qua:
1340 4260 1586 4318 Chri~tus
1613 4267 1772 4321 mise.

196 4340 492 4399 ricorditer
517 4349 680 4416 gessit
703 4387 720 4412 ,
747 4349 1141 4403 conﬂuentibus
1163 4354 1392 4406 catervis
1422 4355 1485 4408 ad
1513 4354 1769 4421 feretrum

192 4432 338 4489 beati
360 4436 633 4490 Philastrii
656 4438 1004 4503 confessoris,
1034 4442 1310 4505 amatoris,
1333 4452 1386 4496 et
1409 4443 1770 4512 prmdicatoris

189 4523 294 4587 sui,
321 4524 595 4578 veraciter
623 4529 1078 4595 etcompendiose
1107 4531 1344 4587 scribere
1361 4535 1622 4601 Optimum
1645 4551 1766 4593 cre-

189 4612 387 4670 dimus.
426 4615 746 4685 (Sermonem
777 4619 1028 4691 integrum
1072 4621 1255 4677 videsis
1278 4625 1330 4677 in
1353 4625 1575 4680 editione
1599 4625 1757 4679 Ram-

188 4706 369 4777 perii).

506 4841 931 4915 Martyrologium
953 4845 1244 4902 Romanum
1271 4851 1338 4905 18
1359 4853 1466 4922 jut.

252 4953 488 5020 Brixiae,
540 4953 743 5010 Natalis
786 4956 843 5011 S.
876 4957 1211 5026 Putusrnu,
1251 4961 1491 5029 ejusdem
1537 4965 1766 5022 civitatis

176 5026 454 5114 episcopi,
477 5046 566 5111 qui
587 5045 846 5101 adversus
869 5048 1178 5115 haereticos,
1203 5054 1500 5120 praesertim
1515 5055 1762 5123 Arianos,

180 5149 211 5189 s
235 5137 440 5207 quibus
462 5135 627 5191 multa
655 5152 842 5206 passus
863 5149 966 5205 est,
992 5142 1278 5209 plurimum
1301 5143 1499 5207 verbis,
1521 5145 1763 5214 scriptis-

179 5243 282 5296 que
310 5227 606 5297 pugnavit;
638 5229 850 5284 demum
881 5230 1058 5286 clarus
1101 5234 1375 5290 miraculis
1401 5235 1682 5293 confessor
1707 5239 1760 5294 in

179 5330 310 5388 pace
331 5317 566 5389 quievit.

267 5469 325 5574 ιι)¹
354 5498 498 5574 gap.
528 5498 655 5574 ἓξὲξ

271 5569 321 5642 b)
354 5569 500 5642 Cap,
521 5570 596 5642 _7_9_
619 5569 687 5624 de
713 5570 916 5624 Haeres.

273 5636 345 5716 e')_
370 5636 630 5694 ῐιίεάίιὶε
662 5648 866 5716 tantum
897 5649 1024 5694 sunt
1054 5640 1176 5706 122,
1211 5653 1266 5698 ut
1294 5658 1454 5712 supra
1482 5645 1550 5699 ad
1576 5648 1756 5716 Augu-

177 5710 303 5769 stini
334 5713 524 5766 locum
557 5710 755 5763 notavi.

245 5782 416 5855 (d)‘ln
446 5777 610 5834 editis
627 5794 742 5855 _n_on
766 5779 949 5855 plures
977 5790 1102 5855 sunt
1127 5797 1284 5855 quam
1316 5782 1437 5855 150.
1468 5782 1610 5855 idem
1637 5783 1756 5841 Tri-

179 5849 436 5919 thetnius,
471 5863 594 5918 cap.
622 5849 713 5918 95,
736 5849 892 5904 etiam
914 5849 1266 5921 Epiphaniam
1289 5853 1363 5908 ait
1384 5853 1662 5922 scripsisse
1683 5857 1754 5912 de

1311 481 1619 539 SELECTA
1650 484 1985 546 VETERUM
2013 490 2441 551 TESTIMONIA.

251 574 434 644 quitur
476 586 531 632 et
559 577 818 648 defendit,
848 597 950 638 una
995 600 1113 640 eum
1159 588 1409 645 omnibus
1434 606 1537 664 ego
1563 594 1822 650 condem-
1851 599 1904 658 Α

3335 506 3494 562 ,1106

2162 601 2336 658 Ctesar
2356 605 2608 662 Baranius
2636 609 2789 665 Notis
2819 613 2885 664 ad
2904 611 3247 686 Martyrolog.

1995 693 2376 751 Exstatsermo
2399 699 2452 754 S.
2479 700 2760 758 Gaudentii
2800 705 3040 774 episcOpi
3066 707 3181 777 ejus
3215 723 3493 764 successo-

1923 791 2018 857 ris,
2050 807 2155 862 quo
2179 793 2507 851 describitur
2542 798 2646 852 vita
2688 800 2873 869 ipsius.
2899 801 2974 856 De
2994 802 3363 859 Translatione
3389 797 3487 859 au?

1924 888 2028 935 tem
2054 890 2139 937 est
2160 898 2336 938 sermo
2358 885 2657 957 Ramperti,
2691 890 2928 958 ejusdem
2953 890 3207 947 Ecclesia:
3230 895 3489 965 episcopi.

1922 970 2093 1026 Habet
2116 987 2178 1027 ea
2218 975 2398 1029 omnia
2426 970 2790 1047 Lipomannus
2821 991 2949 1034 tom.
2988 981 3028 1035 ll
3050 991 3106 1038 et
3145 984 3329 1040 Surius
3354 996 3486 1041 tom.

1918 1059 2006 1115 Ν.
2040 1061 2183 1118 Vixit
2211 1065 2556 1124 PHILASTRIUS
2585 1070 2684 1124 sub
2710 1071 3016 1127 Theodosio
3043 1075 3294 1141 Seniore;
3326 1079 3491 1132 inter-

1919 1151 2124 1220 fuitque
2152 1170 2256 1209 una
2304 1171 2425 1211 cum
2473 1158 2529 1214 S.
2567 1161 2872 1228 Ambrosio,
2926 1171 3242 1236 caeterisque
3286 1169 3489 1223 sanctis

1917 1244 2183 1314 episcopis
2209 1248 2440 1303 concilio
2472 1249 2801 1319 Aquileiensi
2833 1254 3090 1312 adversus
3136 1259 3386 1327 Arianos,
3431 1269 3489 1314 ut

1915 1343 2134 1401 apparet
2160 1349 2226 1389 ex
2261 1335 2411 1390 Actis
2449 1339 2688 1408 ejusdem
2714 1344 2946 1399 concilii.
2980 1345 3222 1402 Meminit
3245 1349 3482 1417 ejusdem

1913 1422 1970 1478 S.
1993 1423 2318 1495 Augustinus
2343 1429 2481 1484 libro
2506 1429 2575 1486 de
2607 1432 2912 1490 Haeresibus
2933 1437 2999 1491 ad
3030 1437 3480 1504 Quodvultdeum,

1912 1529 2079 1584 seque
2104 1532 2224 1572 eum
2257 1521 2467 1576 novisse
2507 1532 2772 1582 testatur:
2800 1528 2936 1583 obiit
2971 1540 3145 1586 autem
3181 1532 3320 1588 diem
3358 1548 3480 1590 cum

1911 1604 2085 1661 adlmc
2105 1619 2375 1677 superstes
2404 1621 2548 1668 esset
2571 1627 2788 1670 sanctus
2812 1619 3148 1688 Ambrosius,
3180 1632 3236 1676 ut
3262 1634 3484 1693 apparet

1909 1710 1976 1750 ex
2002 1710 2251 1754 sermone
2276 1700 2332 1756 S.
2364 1701 2648 1759 Gaudentii
2677 1705 2794 1776 ejus
2826 1713 3178 1778 successoris,
3213 1712 3395 1767 habito
3427 1715 3479 1768 in

1908 1784 2258 1844 Ordinatione
2302 1807 2420 1846 sua.
2463 1792 2617 1850 Unde
2651 1801 2972 1854 constatch
3017 1801 3332 1858 mendosum
3361 1805 3480 1859 esse

1906 1877 2168 1944 codicem,
2199 1882 2280 1934 vel
2313 1883 2381 1936 ab
2411 1884 2593 1954 aliquo
2621 1890 3047 1957 superadditum,
3075 1895 3217 1963 quod
3253 1893 3480 1949 habetur

1833 1973 1881 2032 Β
1907 1967 2048 2034 apud
2075 1968 2417 2026 Philastrium
2446 1978 2512 2029 de
2543 1977 2741 2034 Hzcres.
2773 1995 2890 2049 cap.
2919 1983 3041 2048 111,
3074 1999 3101 2035 a
3129 1983 3346 2041 Christo
3376 1987 3478 2040 Do-

1906 2057 2052 2111 mino
2082 2075 2249 2126 usque
2271 2062 2336 2115 ad
2362 2064 2496 2119 illud
2521 2075 2730 2135 tempus
2755 2084 2874 2123 cum
2897 2087 2957 2125 ea
2983 2074 3241 2129 scriberet
3264 2117 3280 2142 ,
3311 2077 3479 2132 inter-

1904 2148 2139 2202 currisse
2175 2166 2344 2206 annos
2375 2153 2780 2225 quadringintos
2829 2160 3076 2230 triginta;
3107 2177 3226 2216 cum
3271 2165 3479 2234 liquido

1905 2249 2157 2306 appareat
2211 2240 2268 2295 S.
2309 2242 2649 2300 Ambrosium
2676 2289 2691 2313 ,
2725 2250 2814 2320 qui
2863 2251 2912 2304 ei
2955 2255 3280 2322 supervixit,
3317 2257 3475 2329 longe

1902 2336 2026 2382 ante
2046 2344 2107 2383 ea
2137 2340 2375 2400 tempora
2402 2349 2466 2390 ex
2495 2335 2745 2394 humanis
2765 2341 3009 2409 desiisse,
3038 2343 3276 2403 Caesario
3294 2360 3350 2404 et
3371 2353 3471 2404 At-

1904 2419 2009 2474 tico
2051 2436 2192 2476 coss.
2248 2439 2388 2480 anno
2439 2427 2650 2485 Domini
2705 2438 3082 2490 trecentesimo
3125 2443 3472 2510 nonagesimo

1899 2512 2149 2584 septimo.
2183 2511 2370 2585 Confer
2395 2520 2628 2573 eumdem
2647 2521 2928 2577 Baronium
2956 2528 3026 2579 ad
3049 2530 3113 2581 Α.
3146 2527 3204 2582 C.
3236 2531 3359 2586 386.

1934 2603 2126 2657 Auctor
2163 2605 2475 2676 Appendicis
2519 2612 2588 2664 ad
2625 2612 2950 2683 lldefonsum
2998 2619 3059 2672 de
3085 2620 3430 2692 Scriptoribus

2466 2699 2667 2756 Eccles.
2699 2720 2815 2771 cap.
2848 2707 2902 2761 3.

1967 2784 2312 2844 Puttas'rutus
2337 2791 2633 2847 Brixiensis
2678 2795 2999 2866 episcopus:
3043 2800 3128 2854 hic
3161 2803 3314 2873 longe
3338 2816 3464 2861 ante

1895 2876 2260 2936 beatissimum
2278 2886 2650 2953 Augustimum
2678 2889 2845 2944 edidit
2860 2891 3050 2946 librum
3068 2894 3131 2947 de
3150 2893 3460 2963 Iliensibus,
3556 2967 3561 2972 η

1893 2969 2129 3040 singulas
2172 2988 2411 3044 quasque
2438 2977 2847 3061 demonstrans,
2886 2986 3000 3039 sive
3028 3003 3146 3056 qute
3176 2991 3227 3043 in
3265 2994 3462 3061 pOpulo

1892 3058 2197 3117 Iudaeorum
2229 3076 2352 3120 ante
2383 3051 2802 3126 incarnationem
2829 3071 3026 3130 Christi
3053 3076 3293 3145 fuerunt,
3329 3096 3459 3150 quas

1893 3152 2079 3222 viginti
2110 3165 2232 3209 octo
2259 3169 2574 3226 enumerat;
2605 3165 2718 3218 sive
2749 3182 2866 3234 qum
2893 3179 3014 3236 post
3044 3170 3250 3225 Domini
3280 3174 3465 3234 Salva-

1892 3245 2023 3299 toris
2067 3247 2351 3302 adventum
2378 3251 2637 3308 adversus
2653 3254 2984 3312 Catholicam
3016 3260 3212 3316 Fidem
3258 3277 3462 3320 exorta:

1815 3331 1860 3393 C
1893 3346 2041 3402 sunt,
2076 3353 2207 3407 quas
2238 3341 2377 3395 idem
2406 3353 2617 3399 centum
2654 3348 2839 3417 viginti
2863 3360 2986 3405 octo
3014 3351 3084 3422 (ε)
3108 3367 3230 3408 esse
3256 3355 3458 3410 descri-

1889 3424 1968 3480 bit
1992 3443 2004 3478 :
2028 3425 2163 3482 sicut
2205 3438 2258 3483 et
2287 3430 2354 3486 de
2383 3447 2448 3486 eo
2475 3433 2613 3490 idem
2643 3437 2726 3491 vir
2753 3453 2957 3508 magnae
2992 3442 3178 3511 gloria:
3206 3446 3458 3516 Augusti-

1889 3529 1988 3568 nus
2034 3518 2295 3572 meminit.
2475 3593 2478 3595 Δ
3056 3525 3060 3529 ’
3120 3557 3124 3560 ~

1964 3603 2080 3661 Job.
2118 3606 2423 3665 Trit/temius
2453 3614 2516 3666 de
2543 3615 2894 3684 Scriptoribus
2916 3621 3113 3677 Eccles.
3142 3641 3256 3693 cap.
3289 3627 3378 3681 84.

1955 3694 2303 3753 Ριιιιλςτιιιοε
2340 3703 2626 3772 episcopus
2669 3706 2994 3775 Brixiensis,
3026 3712 3122 3775 ,vir
3168 3714 3221 3767 in
3257 3713 3454 3771 divinis

1881 3783 2170 3856 Scripturis
2188 3790 2551 3858 doctissimus,
2573 3807 2626 3849 et
2653 3799 2988 3854 smcuiarium
3015 3801 3312 3860 litterarum
3344 3822 3450 3863 non

1883 3877 2130 3948 ignarus,
2175 3880 2334 3937 beato
2364 3884 2646 3940 Ambrosio
2687 3889 3064 3947 Mediolanensi
3109 3904 3164 3949 et
3205 3905 3361 3951 notus
3391 3909 3449 3954 et

1880 3969 2178 4035 familiaris,
2218 3974 2369 4041 cujus
2399 3977 2640 4032 meminit
2682 3979 2737 4034 S.
2772 3985 3097 4051 Augustinus
3136 3985 3187 4040 in
3214 3988 3443 4056 quadam

1879 4058 2101 4125 epistola
2155 4061 2221 4115 ad
2274 4063 2742 4130 Quodvultdeum;
2793 4071 3006 4138 scripsit
3082 4089 3177 4140 pro
3216 4077 3447 4130 utilitate

1876 4149 2144 4203 communi
2168 4151 2411 4224 quzedam
2439 4156 2695 4222 praeclara
2732 4157 3016 4227 Opuscula,
3046 4177 3076 4214 e
3103 4163 3443 4230 quibus'nul-

1875 4237 1982 4293 lum
2026 4239 2094 4294 ad
2134 4256 2323 4296 manus
2363 4255 2572 4299 nostras
2616 4249 2828 4302 memini
2878 4253 3208 4319 pervenisse.
3249 4254 3445 4311 Fertur

1874 4328 2011 4397 ejus,
2043 4329 2100 4383 Β.
2131 4331 2430 4401 Augustino
2470 4335 2556 4389 ubi
2584 4352 2744 4406 supra
2774 4347 3020 4409 testante,
3063 4344 3268 4413 insigne
3296 4345 3442 4416 Opus

1873 4420 2012 4489 quod
2045 4421 2259 4491 scripsit
2283 4442 2296 4476 :

1932 4508 2009 4563 De
2034 4511 2254 4582 CLv1(d)
2284 4513 2573 4570 "ensibus
2599 4518 2688 4573 lib.
2719 4535 2736 4573 ι
2774 4521 3060 4577 Simoniani
3093 4543 3125 4579 α
3150 4526 3377 4583 Simone.

1937 4599 2142 4656 Caetera
2166 4618 2271 4658 non
2305 4605 2430 4660 vidi.
2453 4605 2658 4664 Claruit
2683 4611 2782 4665 sub
2809 4612 3112 4671 Theodosio
3134 4617 3263 4688 imp.
3293 4619 3437 4674 chri-

1786 4691 1840 4750 D
1863 4691 2211 4761 stianissimo,
2239 4711 2381 4752 anno
2403 4697 2608 4754 Domini
2629 4715 2887 4757 cccuxx.

2151 4783 2296 4838 Elius
2325 4784 2607 4855 Capreolus
2643 4792 2731 4844 lib.
2761 4807 2816 4844 ut
2848 4792 2987 4846 Hist.
3020 4793 3162 4850 Brix.

1939 4875 2072 4930 Huic
2102 4888 2276 4932 autem
2316 4882 2519 4950 (nempe
2557 4880 2827 4952 Faustino)
2861 4883 3208 4944 PHILASTRIUS
3252 4894 3431 4948 statim

1867 4969 2144 5034 suﬁ‘ectus,
2170 4969 2362 5022 Ariana
2393 4969 2582 5024 haeresi
2603 4980 2744 5038 orta,
2775 4974 2862 5028 ubi
2891 4979 3174 5035 concilium
3207 4987 3431 5040 trecenti

1862 5071 1918 5117 et
1945 5062 2130 5116 decem
2162 5070 2284 5114 octo
2308 5063 2678 5130 episcoporum
2706 5065 2772 5118 ad
2805 5067 2972 5134 ipsam
2995 5075 3428 5141 examinandam,

1863 5150 2241 5206 Constantinus
2264 5153 2352 5219 qui
2380 5151 2487 5219 jam
2518 5153 2590 5207 illi
2613 5168 2963 5214 consenserat
2988 5174 3260 5228 vocasset;
3287 5166 3430 5223 inter

1864 5257 1958 5307 eos
1982 5239 2287 5295 acutissime
2330 5241 2656 5310 disputavit:
2689 5245 3212 5322 disputationemque
3255 5258 3428 5323 ipsam

1862 5330 2054 5388 deinde
2092 5331 2307 5400 scriptis
2351 5333 2641 5402 mandans,
2688 5351 2793 5391 non
2839 5353 3058 5407 parvam
3097 5342 3174 5397 rei
3201 5344 3424 5412 gloriam

1865 5512 2298 5591 hmresibpsﬁl),
2341 5530 2462 5571 cum
2505 5520 2558 5572 in
2595 5519 2762 5591 editis
2796 5536 2904 5591 non
2954 5523 3132 5591 plures
3181 5524 3431 5584 feruntur

1863 5597 2019 5664 quam
2167 5582 2346 5664 ldem_,
2399 5602 2518 5657 cap.
2550 5589 2686 5664 l00,
2719 5591 2859 5644 inter
2888 5581 3195 5664 Hieronymi
3225 5581 3426 5664 scripta

1863 5651 2026 5734 refert
2071 5653 2264 5734 librum
2289 5651 3240 5734 decct'oginta’quatuorhmreSibus
3270 5651 3422 5734 cujus

1861 5721 2068 5799 initium
2099 5721 2390 5799 Simoniani
2432 5745 2463 5780 a
2495 5721 2727 5784 Simone.
2767 5729 2836 5783 At
2879 5729 2967 5784 ille
3000 5732 3281 5799 Augustini
3309 5721 3391 5790 c'st

1861 5807 1965 5846 non
2000 5791 2332 5862 Hieronymi.
