3922 6406
451 273 589 331 1107

1650 272 1956 332 SANCTUS
1989 271 2440 333 PHHASTRIUS

3562 279 3717 336 "08'

377 440 382 445 .
443 385 655 444 cunctis
675 392 758 442 est
780 386 1001 456 adeptus
1028 385 1312 441 Brixianis.
1344 385 1420 442 De
1446 401 1551 456 quo
1581 386 1736 442 divus
1761 388 2014 458 Augusti-
2044 390 2093 447 A
2123 386 2187 440 de
2233 386 2531 441 Senioribus
2558 388 2736 441 domus
2765 387 2948 453 Israel,
2981 398 3028 445 et
3052 388 3292 444 Jezonias
3317 392 3458 461 ﬁlius
3485 391 3700 462 Sapis-ii

445 494 549 538 nus
597 479 650 533 in
699 479 923 548 epistola
965 478 1031 534 ad
1063 478 1499 545 Quodvultdeum
1543 479 1857 546 diaconum.
1900 480 2021 535 htec

448 571 610 627 verba
655 571 882 626 scribit:
934 569 1211 625 Filastrius
1233 570 1520 625 Brixiensis
1567 572 1832 642 episwpus
1872 588 2020 642 quem

448 682 562 735 cum
596 666 740 720 beato
774 665 1041 719 Ambrosio
1083 663 1366 719 Mediolani
1408 667 1563 718 etiam
1591 665 1698 737 ipse
1737 664 1860 729 vidi,
1893 665 2022 719 scri-

443 757 545 828 psit
570 757 688 810 hinc
719 756 928 821 librum,
953 754 1166 810 haereses
1191 755 1312 809 illas
1350 772 1452 810 non
1475 757 1880 827 praetermittens,
1908 771 2021 825 qua:

441 844 496 900 in
535 847 727 918 papnlo
764 845 1063 900 Iudaeorum
1096 849 1309 917 fuerunt
1340 857 1454 900 ante
1483 846 1689 900 Domini
1725 847 2015 912 aduentum,

442 954 626 1009 easque
649 939 830 1008 viginti
849 947 896 993 et
925 947 1036 992 octo
1065 940 1490 993 commemoravit.

513 1028 908 1098 Cbristophorus
939 1028 1163 1085 Sandlus
1192 1030 1256 1084 de
1284 1029 1496 1101 Origine
1524 1031 1728 1098 animae,
1752 1049 1806 1100 ρ.
1835 1032 1961 1087 141.

513 1122 866 1179 Ριιιιιετιιιυε
903 1122 1200 1178 Brixiensis
1221 1165 1237 1190 ,
1268 1125 1463 1179 haeresi
1496 1123 1586 1189 97,
1627 1125 1758 1179 dicit
1784 1125 2019 1180 animam

441 1230 562 1273 esse
586 1225 825 1272 creatam
856 1225 980 1272 ante
1006 1231 1223 1288 corpus,
1252 1217 1414 1288 idque
1442 1233 1510 1273 ex
1539 1218 1767 1273 Psalmis
1789 1220 2017 1290 probat:

443 1322 611 1379 porro
639 1322 789 1364 more
825 1307 1113 1379 Origenico
1155 1310 1376 1380 exponit
1412 1297 1759 1377 interiorem,
1792 1319 1846 1368 et
1871 1322 2023 1368 exte-
2053 1376 2056 1380 ,

441 1401 642 1455 riorem
689 1399 980 1467 hominem,
1018 1409 1073 1456 et
1101 1417 1314 1456 carnem
1342 1417 1600 1473 organum
1633 1403 1828 1458 anima:
1859 1405 2023 1460 ratio-

444 1491 579 1545 nalis
610 1499 784 1545 vocat.
815 1489 928 1545 Non
961 1490 1141 1561 itaque
1175 1491 1605 1547 mirandumcur
1631 1493 1834 1548 nullam
1881 1494 2024 1549 iece-

443 1580 516 1635 rit
542 1580 867 1635 mentionem
920 1581 1143 1637 haeresis
1171 1580 1631 1652 Origenistarum,
1678 1598 1799 1639 cum
1841 1593 2020 1640 tamen

439 1673 576 1727 alios
607 1673 689 1728 vel
718 1673 1020 1730 levissimos
1044 1690 1260 1731 errores
1279 1675 1580 1732 haeresibus
1608 1689 1913 1734 accenseat.

620 1763 708 1819 Jo.
731 1764 929 1820 Millius
951 1766 1169 1839 Prtefat.
1196 1768 1248 1822 in
1278 1785 1461 1823 novum
1483 1769 1620 1824 Test.
1655 1770 1682 1841 §
1710 1771 1839 1827 831.

515 1855 822 1914 Ραιιιετιιιι
869 1859 1151 1915 citationes
1191 1875 1377 1929 parum
1431 1877 1736 1926 moramur.
1778 1880 1900 1920 cum
1931 1881 2022 1919 εις

448 1958 607 2019 cepto
639 1950 758 2005 loco
797 1951 893 2005 illo
926 1952 1114 2008 Matth.
1147 1969 1278 2022 χιιι,
1310 1954 1380 2010 29
1408 1972 1420 2007 :
1454 1953 1678 2009 Nescitis
1703 1956 2020 2024 Scripturas,

447 2042 758 2096 et-virtutem
809 2059 984 2096 earum
1022 2046 1302 2114 ignoratis;
1331 2054 1387 2099 et
1426 2045 1601 2101 altero
1646 2047 1776 2100 Luc.
1804 2061 1897 2110 an,
1929 2045 2022 2111 A9,

452 2147 605 2202 quam
618 2133 731 2188 volo
752 2144 805 2186 ut
820 2135 1141 2189 accendatur
1157 2137 1287 2206 (quo
1304 2136 1466 2191 modo
1490 2139 1650 2192 etiam
1676 2139 1842 2192 citant
1862 2139 2027 2192 Maxi-

447 2237 570 2278 mus
595 2223 971 2292 Tauriuensis,
1001 2225 1294 2296 Remigius,
1330 2217 1573 2294 Ruﬁnus,
1617 2228 2023 2301 Hieronymus),

448 2317 628 2374 czeteri
656 2333 687 2372 n
734 2319 934 2374 nostris
962 2320 1241 2377 codicibus
1268 2322 1470 2377 diversi
1519 2322 1584 2377 ad
1611 2337 1833 2379 sensum
1879 2323 2028 2379 citati

449 2410 757 2488 videantur,
789 2414 872 2465 vel
901 2427 966 2467 ex
996 2416 1274 2468 memoria.

576 2505 666 2559 Jo.
694 2504 944 2560 Seldenus
969 2504 1035 2559 de
1061 2505 1176 2560 Diis
1197 2506 1346 2577 Syris
1375 2517 1628 2577 syntagnt.
1664 2525 1700 2573 ι,
1737 2525 1788 2576 p.
1819 2508 1910 2563 95.

523 2601 581 2656 ln
613 2600 884 2672 plerisque
903 2601 1254 2658 Pilius'rmus
1276 2602 1392 2667 ille,
1411 2611 1469 2655 ut
1493 2603 1660 2657 semel
1683 2602 2029 2667 admoneam,

456 2694 588 2748 satis
611 2701 818 2750 temere
842 2693 911 2748 de
938 2692 1236 2748 haeresiLus
1258 2707 1395 2763 quas
1423 2699 1579 2747 vocat
1607 2693 1710 2747 illis
1734 2694 2031 2760 priscorum

458 2786 741 2858 Syrorum.
775 2785 884 2841 Nec
908 2785 1131 2840 omnino
1152 2786 1296 2856 potis
1321 2795 1408 2840 est
1436 2783 1594 2840 ﬁdem
1625 2800 1777 2840 suam
1803 2787 2037 2841 liberare

457 2878 508 2951 in
555 2879 620 2932 iis
648 2893 768 2948 qua:
795 2881 1015 2947 saepius,
1051 2880 1198 2932 velut
1226 2879 1431 2933 somnia
1458 2878 1560 2934 sibi
1590 2878 1818 2949 ﬁngens,
1840 2879 1909 2934 de
1947 2895 2040 2935 eo—

460 2984 580 3022 rum
605 2967 796 3021 ritibns
825 2976 880 3022 et
907 2967 1217 3022 numinibus
1237 2967 1492 3023 audacter
1522 2968 1684 3022 nimis
1709 2969 1966 3023 obtrudit.

458 3058 716 3128 Josepltus
745 3057 976 3126 Scaliger
999 3058 1225 3112 Elenclto
1237 3058 1532 3112 Triltwreaii
1556 3058 1821 3113 Serariani
1844 3077 1959 3130 cap.
1987 3061 2012 3113 l
2026 3100 2038 3113 .

2123 478 2284 531 stabat
2310 479 2363 531 in
2387 480 2552 532 medio
2573 495 2744 532 eorum
2766 484 3006 534 stantium
3039 491 3157 535 ante
3178 486 3401 550 picturas
3426 500 3445 538 :
3472 494 3518 537 et
3547 500 3702 538 unus-

2122 571 2333 640 quisque
2361 569 2572 625 habebat
2605 569 2917 625 thuribulum
2947 573 2999 625 in
3032 589 3181 627 manu
3199 590 3313 640 sua,
3355 585 3401 628 et
3430 591 3587 643 vapor
3599 592 3698 631 ste-

2125 661 2258 714 bula:
2279 662 2341 713 de
2374 663 2520 715 thure
2547 661 2898 733 consurgebat.
2930 661 2994 716 Et
3019 663 3148 716 dixit
3177 666 3248 717 ad
3281 681 3361 720 me
3392 682 3409 720 :
3451 664 3596 720 Certe
3615 668 3698 721 vi-

2124 754 2232 821 des,
2264 755 2340 824 ﬁli
2362 755 2606 822 hominis,
2629 771 2744 821 quin
2770 755 3012 812 Seniores
3033 759 3213 812 domus
3235 758 3404 814 Israel
3431 762 3627 832 faciunt
3647 763 3699 817 in

2126 849 2359 915 tenebris,
2416 849 2758 920 unusquisque
2804 851 2858 903 in
2909 851 3207 904 abscondito
3259 853 3441 906 cubitis
3490 853 3590 908 sui.
3643 853 3700 909 In

2123 936 2310 996 Grmco
2335 959 2346 997 :
2369 944 2418 998 ἐν
2442 943 2632 1010 σκότει,
2657 943 2706 997 ἐν
2722 951 2795 1015 τῷ
2816 952 3015 1000 κοιτῶνι
3040 951 3112 1014 τῷ
3142 953 3350 1019 κρυπτῷ
3376 948 3560 1017 αὐτῷν.
3587 944 3699 1002 Ne-

2123 1049 2224 1104 que
2253 1032 2628 1110 Τρωγλοδύται,
2652 1050 2827 1105 neque
2853 1034 3126 1108 'Trré'yswt,
3153 1036 3237 1090 vel
3255 1036 3698 1109 ’Δποχθὸνιοιάἱεί

2125 1136 2370 1195 possunt,
2403 1126 2495 1183 ubi
2539 1127 2699 1182 nulla:
2749 1127 3022 1197 spelunca:
3066 1137 3187 1182 sunt
3214 1129 3347 1193 ,sed
3404 1130 3700 1200 penetralia

2122 1215 2336 1285 domus,
2365 1228 2420 1274 et
2448 1218 2627 1274 abdita
2658 1217 2942 1283 cubilium,
2973 1217 3305 1284 Muscicolas,
3339 1220 3390 1276 id
3415 1231 3516 1288 est,
3544 1233 3700 1278 Moto-

2122 1310 2328 1384 λᾶτρας,
2375 1327 2407 1364 a
2454 1327 2631 1364 musca
2673 1310 2971 1376 Accaronis,
3019 1310 3207 1382 inquit,
3255 1313 3324 1368 ad
3367 1331 3518 1386 quam
3565 1316 3704 1368 misit

2128 1397 2377 1454 Ochozias
2398 1417 2504 1454 rex.
2553 1400 2612 1454 In
2655 1401 2692 1454 Il
2723 1400 2854 1471 Reg.
2889 1418 2924 1463 ι,
2953 1400 3009 1466 2,
3049 1401 3245 1472 legitur
3277 1421 3289 1457 :
3324 1403 3423 1470 Ite,
3456 1405 3704 1459 consulite

2123 1484 2405 1547 Beelzebub
2430 1492 2594 1546 Deum
2626 1495 2872 1547 Accaran.
2904 1492 3002 1548 Hic
3025 1495 3170 1549 nulla
3199 1506 3283 1551 est
3320 1512 3502 1552 musca
3533 1499 3702 1553 Acca-

2124 1585 2294 1652 ronis,
2325 1584 2417 1639 sed
2450 1584 2749 1640 Beelzebub
2770 1586 3086 1651 Accarouis,
3118 1601 3145 1638 a
3173 1602 3280 1656 quo
3312 1586 3704 1643 Beelzebubita:

2125 1673 2232 1728 dici
2262 1675 2548 1729 debebant.
2579 1675 2683 1731 Sed
2707 1674 3031 1738 Beelzebub,
3066 1676 3116 1729 id
3148 1686 3232 1730 est
3262 1676 3400 1731 Deus
3429 1677 3646 1745 Muscas,
3675 1693 3704 1733 a

2052 1767 2099 1827 Β
2126 1766 2397 1837 Scriptura
2451 1767 2667 1833 dicitur,
2700 1752 2849 1828 tNJJL)
2878 1783 2972 1836 per
3011 1769 3415 1837 contumeliam,
3464 1782 3520 1824 ut
3567 1771 3700 1825 alibi

2127 1861 2478 1926 ostendimus,
2513 1875 2619 1915 non
2649 1861 2790 1930 quod
2818 1861 3155 1915 Accaronita:
3177 1877 3242 1916 eo
3264 1863 3480 1917 nomine
3507 1877 3704 1917 numen

2127 1967 2280 2005 suum
2309 1951 2669 2006 dehonestare
2698 1952 2968 2005 voluerint
2984 1950 3125 2025 (quis
3146 1953 3286 2006 enim
3309 1954 3368 2010 τὸ
3392 1954 3708 2026 σεϐιζόμενον

2128 2044 2392 2120 ὑϐρίζει);
2423 2043 2515 2097 sed
2547 2043 2698 2097 multi
2729 2053 2884 2098 erant
2914 2043 3373 2116 BaaIim:etapud
3394 2047 3711 2117 illasgentes

2130 2133 2484 2201 εἰδωλομανεῖς
2523 2149 2813 2203 numquam
2843 2134 2968 2188 Baal
2992 2133 3275 2191 dicebatur
3303 2136 3419 2191 sine
3461 2145 3712 2190 constru-

2131 2230 2292 2282 ctivo.
2333 2228 2741 2294 Baal-Samaiin,
2771 2229 3033 2302 οὐράνιος,
3070 2227 3420 2294 Baal-Reem,
3454 2231 3710 2304 Βροντιύς,

2132 2335 2290 2389 quem
2316 2319 2542 2373 ridiculo
2569 2321 2786 2374 nomine
2815 2309 3090 2390 Scriptura
3123 2317 3492 2390 Baal-Phegor
3533 2330 3710 2386 vocat,

2133 2410 2275 2480 quod
2302 2400 2648 2492 θςῳορδιῦς,
2681 2425 2785 2464 non
2808 2413 3069 2486 Βροντεὺς.
3095 2410 3185 2467 Sic
3209 2409 3340 2495 illud
3369 2410 3719 2464 Accaronita-

2137 2516 2254 2554 rum
2313 2499 2537 2567 idolum,
2565 2501 2710 2570 quod
2762 2516 2884 2555 meo
2900 2501 3108 2569 judicio
3156 2500 3435 2556 dicebatur
3467 2500 3721 2555 Baal-Ze-

2137 2591 2338 2655 bahiin,
2370 2592 2513 2647 Deus
2545 2592 2904 2658 victimarum,
2936 2592 3393 2657 immolationum,
3426 2590 3720 2645 sacriﬁcio-

2137 2697 2294 2748 rum,
2337 2681 2561 2752 joculari
2615 2669 2875 2738 vocabulo
2936 2681 3218 2753 Scriptura
3274 2685 3487 2736 vocavit
3551 2683 3719 2737 Deum

2139 2771 2358 2837 Muscas,
2387 2773 2525 2840 quod
2557 2773 2608 2825 in
2637 2774 2837 2842 templo
2865 2772 3352 2844 llierosolymitano
3381 2790 3577 2829 nauseae
3605 2790 3722 2828 ear-

2143 2879 2240 2919 nes
2262 2863 2598 2919 victimarum
2626 2879 2730 2918 non
2754 2865 3102 2934 liguriebant,
3127 2881 3250 2919 cum
3281 2877 3454 2920 tamen
3472 2867 3722 2921 Gentium

2143 2953 2264 3009 fana
2290 2970 2319 3008 a
2368 2955 2563 3009 muscis
2608 2954 2994 3008 infestarentur
3029 2967 3248 3022 propter
3277 2955 3522 3008 nidorem
3569 2958 3723 3009 vieti-

2150 3063 2379 3100 marum.
2426 3047 2553 3102 ldeo
2577 3049 2630 3100 in
2662 3047 2892 3101 Arcadia
2943 3046 3095 3101 heroi
3125 3048 3338 3101 euidam
3371 3050 3607 3119 Myagio,
3634 3067 3730 3106 an-

535 3150 610 3204 De
640 3150 906 3203 haereticis
929 3150 1170 3218 Catalogi
1201 3150 1506 3204 Pmusrnu
1530 3149 1770 3218 episcoui
1795 3149 2035 3203 Brixien-

2147 3145 2358 3206 tequam
2409 3135 2601 3190 hostia:
2648 3137 3011 3202 caederentur,
3067 3152 3155 3192 res
3207 3138 3384 3192 divina
3437 3141 3628 3206 liebat,
3661 3158 3730 3199 ne

467 3244 563 3308 sis,
607 3242 766 3295 nimis
809 3242 916 3294 levi
969 3242 1185 3296 brachio
1217 3240 1505 3312 (Serarius)
1550 3242 1878 3310 defungitur.
1908 3242 2040 3296 Nam

467 3347 562 3386 cos
584 3332 885 3385 accuratius
924 3331 1195 3385 discutere
1218 3332 1478 3386 intererat
1498 3333 1636 3401 ejus,
1665 3333 1752 3402 qui
1781 3333 1848 3387 de
1871 3333 2042 3388 luere-

463 3424 585 3477 ticis
632 3403 1052 3491 disputationem
1084 3422 1334 3477 instituit.
1379 3422 1488 3475 Nos
1528 3426 1598 3477 de
1641 3425 1748 3477 illis
1776 3423 1907 3478 infra
1931 3440 2042 3478 amo

466 3515 610 3583 plius
651 3513 913 3568 dicemus.
967 3513 1168 3567 Interea
1200 3514 1463 3567 mendose
1515 3513 1888 3583 Heliognostos
1934 3515 2043 3570 dici

469 3622 575 3660 non
621 3606 867 3675 negabit,
901 3605 994 3674 qui
1043 3605 1394 3660 mediocriter
1437 3605 1623 3659 Grmce
1661 3605 1906 3666 eruditus,
1937 3615 2040 3660 est.

469 3697 824 3769 Ἠλιοτνῶσται
853 3700 1018 3762 enim,
1071 3713 1176 3752 non
1229 3698 1580 3768 Ἠλιόγνωστοι
1607 3707 1754 3750 recta
1789 3699 1927 3750 ratio
1952 3712 2050 3765 p0-

472 3789 661 3852 stulat,
686 3804 843 3857 quam
871 3791 1135 3860 ἀναλογίαν
1159 3787 1549 3857 voeant.Atqui
1578 3787 1622 3840 si
1653 3788 1760 3842 κατ’
1783 3788 2051 3864 sagmina

470 3888 620 3935 recte
643 3879 862 3944 dicitur,
887 3894 992 3933 non
1021 3890 1196 3935 tamen
1224 3879 1337 3935 κατ’
1348 3869 1562 3934 ῗννοιαν.
1586 3877 1720 3933 Nam
1743 3878 2052 3956 Ἦλιολάτραι

471 3980 565 4026 aut
602 3970 901 4032 Ἥλιοσιϐεῐς
941 3970 1153 4025 dicendi
1190 3979 1362 4025 erant.
1403 3969 1444 4024 li
1473 3979 1629 4034 sunt,
1661 3968 1752 4039 qui
1789 3969 1854 4023 ad
1882 3972 2050 4025 solum

471 4062 739 4117 orientem
788 4061 1110 4129 adorabant,
1146 4070 1207 4115 ut
1242 4071 1327 4116 est
1371 4061 1517 4130 apud
1559 4060 1897 4116 lizecbie'lem
1929 4077 2049 4126 vm,

472 4153 736 4208 adversus
766 4154 1067 4208 institutum
1097 4155 1336 4209 divinum
1366 4156 1498 4224 legis
1524 4154 1792 4209 Mosaicm.
1825 4154 1904 4209 Ab
1936 4154 2054 4208 istis

470 4243 701 4314 profecti
721 4245 811 4313 qui
843 4245 1096 4315 Σαμψσῖοι
1124 4245 1465 4312 dicebantur,
1495 4248 1730 4309 tamn,
1750 4245 2052 4310 ἠλιάζοντες,

476 4337 734 4399 dimsit,
749 4336 963 4393 ὁλιαιωί.
980 4335 1314 4403 Epiphanius
1338 4337 1529 4391 haeresi
1552 4340 1620 4390 33
1646 4356 1658 4390 :
1681 4338 1934 4408 negabatur
1953 4341 2055 4412 γὰρ

476 4428 836 4505 ἑρμηνεύονται
876 4426 1068 4484 ﬁliani
1109 4443 1121 4479 :
1163 4429 1404 4495 quamvis
1441 4428 1510 4480 de
1527 4429 1652 4481 'sole
1686 4429 1902 4482 oriente
1930 4431 2058 4481 ado-

2145 3242 2345 3282 muscae
2372 3228 2438 3281 ad
2491 3244 2583 3283 eas
2629 3229 2966 3284 advolarent.
3025 3230 3340 3296 Pausanias,
3371 3233 3450 3288 Ἐν
3476 3235 3638 3309 ταύτῃ
3666 3245 3728 3312 τῇ

2145 3321 2424 3397 πανηγύρει
2473 3324 2716 3398 Μυιάγρῳ
2768 3325 3094 3399 προθύουσιν,
3121 3326 3464 3396 ὲπευχὸμινοί
3508 3348 3562 3382 τε
3602 3332 3730 3385 κατά

2144 3428 2245 3475 τῶν
2274 3421 2464 3494 ἱερείων
2511 3427 2584 3489 τῷ
2624 3421 2771 3495 ἥρωι,
2803 3424 2887 3474 καὶ
2918 3421 3292 3492 ἐπικαλούμενοι
3319 3425 3406 3478 τὸν
3448 3427 3725 3498 Μυίαγρον.

2146 3509 2334 3579 Itaque
2361 3509 2500 3580 quod
2529 3509 2794 3564 Ochozias
2818 3527 2912 3564 rex
2946 3513 3420 3567 iniseritscitatum
3453 3516 3730 3569 oraculum

2153 3600 2456 3656 Beelzebub
2509 3601 2639 3655 idoli
2687 3603 3157 3665 Accaronitarum,
3208 3603 3329 3657 ideo
3390 3605 3550 3657 ullam
3608 3607 3731 3660 hinc

2151 3688 2382 3742 haeresin
2411 3688 2822 3742 Muscicolarum
2850 3700 3094 3747 exortam
3131 3690 3319 3753 fuisse,
3350 3707 3524 3761 neque
3550 3696 3726 3764 sequi-

2153 3786 2260 3842 tur,
2287 3793 2458 3848 neque
2490 3793 2675 3832 verum
2717 3789 2818 3832 est.
2850 3777 2999 3833 Unus
3041 3788 3243 3834 tantum
3273 3781 3399 3836 Baal
3440 3785 3557 3838 sine
3604 3799 3735 3839 con-

2154 3870 2416 3924 structivo
2470 3867 2852 3924 nominabatur
2879 3870 2991 3925 κατ’
3018 3871 3222 3946 ἐξοχήν,
3257 3875 3405 3943 isque
3442 3884 3557 3929 erat
3583 3876 3735 3931 Baal-

2155 3961 2412 4029 Samaim,
2461 3961 2530 4018 de
2578 3977 2686 4031 quo
2723 3961 2882 4017 toties
2931 3963 2984 4016 in
3052 3963 3350 4033 Scriptura.
3407 3965 3614 4036 Reliqui
3657 3967 3733 4022 dii

2159 4055 2410 4110 dicuntur
2432 4055 2633 4110 Baalim
2667 4055 2914 4110 absolute
2966 4056 3018 4108 in
3060 4055 3211 4110 libris
3249 4059 3442 4122 sacris,
3470 4073 3590 4112 cum
3621 4059 3734 4113 sin-

2159 4146 2267 4215 guli
2303 4145 2443 4215 apud
2471 4156 2660 4214 gentes
2710 4144 2839 4199 istas
2866 4160 2986 4200 cum
3034 4147 3400 4201 constructivo
3432 4160 3528 4201 suo
3556 4147 3736 4202 conci-

2159 4253 2433 4313 perentur.
2483 4244 2611 4298 ldeo
2673 4243 2893 4296 Baalitae
2922 4257 3028 4296 non
3083 4240 3350 4295 debebant
3399 4238 3649 4309 distingui
3705 4255 3735 4293 a

2158 4334 2494 4399 Muscicolis,
2542 4332 2807 4400 siquidem
2865 4332 2967 4385 ulla
3037 4330 3446 4385 Muscicolarum
3517 4328 3737 4383 haeresis

2161 4425 2366 4480 fuisset.
2400 4424 2505 4479 Sed
2553 4424 2650 4477 hos
2702 4424 2843 4477 male
2887 4423 3110 4476 divulsit
3157 4422 3492 4488 Phllastrius,
3519 4433 3576 4476 ut
3601 4421 3734 4476 Tro-

472 4502 596 4573 rato
622 4517 806 4572 tacuit.
834 4515 938 4572 Sed
975 4515 1050 4569 illi
1077 4525 1234 4570 erant
1259 4515 1474 4580 Esseni,
1503 4524 1596 4569 aut
1626 4515 1694 4569 ab
1719 4516 1967 4581 Essenis,
1997 4527 2056 4570 ut
2081 4502 2134 4560 D
2158 4514 2401 4583 glodytas
2452 4529 2478 4563 a
2528 4511 2925 4565 Subterraneis.
2979 4513 3240 4574 Astaritte,
3283 4522 3344 4565 ει·
3365 4512 3735 4577 Remphauitte,

471 4609 603 4665 alibi
634 4609 711 4678 (a)
737 4609 1035 4678 aperietur.
1066 4607 1252 4662 Kaiani
1279 4622 1446 4678 quam
1473 4621 1605 4662 usus
1634 4606 1864 4661 obtinuit
1889 4615 1945 4660 ut
1976 4607 2057 4660 di-

474 4710 730 4758 uerentur
778 4701 974 4769 potius,
1022 4714 1182 4770 quam
1226 4699 1495 4766 Kainiani,
1539 4707 1791 4769 quaerant
1835 4696 2051 4752 eruditi.

475 4791 718 4860 Namque
746 4792 830 4845 hic
874 4793 1135 4860 analogiae
1183 4793 1263 4846 vis
1314 4791 1454 4846 facta
1501 4800 1603 4846 est.
1655 4789 1926 4843 Maserius
1970 4798 2056 4842 est

476 4883 706 4941 barbara
755 4883 1106 4950 compositio,
1159 4899 1335 4954 neque
1381 4885 1506 4940 inde
1565 4898 1650 4938 ree
1700 4884 1808 4937 ulla
1856 4881 2052 4937 Gram-

479 4976 679 5032 matica
728 4977 998 5029 extrimre
1052 4983 1244 5043 potest.
1305 4976 1682 5047 Troglodytas,
1736 4974 1827 5044 qui
1875 4982 1934 5028 et
1971 4987 2062 5026 ca-

476 5068 592 5136 pite
634 5066 704 5118 2'2
743 5065 1090 5120 Subterraoei
1136 5067 1421 5133 dicuntur,
1463 5079 1521 5121 et
1565 5067 1685 5121 sine
1742 5067 1847 5120 ulla
1895 5077 2059 5118 causa

481 5174 512 5212 a
567 5157 857 5213 Philastrio
913 5157 1210 5223 iterantur,
1259 5175 1415 5228 quam
1471 5175 1599 5214 rene
1658 5175 1726 5215 ex
1761 5176 1886 5226 vm,
1950 5158 2006 5211 ti
2038 5195 2054 5220 ,

481 5249 553 5302 12
609 5248 904 5304 Ezechielis
957 5249 1326 5315 deducantur,
1376 5249 1538 5304 verba
1603 5250 1872 5305 Philastrii
1938 5264 2055 5301 cum

481 5340 660 5395 verbis
690 5340 964 5408 prophetae
995 5341 1184 5395 collata
1215 5340 1373 5394 ﬁdem
1404 5339 1647 5394 fecerint.
1688 5341 1790 5397 Ubi
1811 5385 1825 5408 ,
1856 5342 2054 5407 inquit,

480 5430 724 5485 Seniores
750 5447 864 5484 cum
910 5433 1185 5485 thuribulis
1207 5474 1221 5497 ,
1250 5430 1394 5484 idola
1422 5432 1595 5484 colunt
1622 5433 1874 5501 speluncis
1914 5431 2058 5484 habi-

479 5531 641 5577 tantes
679 5523 866 5577 abditis
944 5523 1116 5578 Verba
1145 5524 1466 5593 Propheth
1500 5521 1562 5575 Et
1597 5527 1916 5596 septuaginta
1962 5522 2058 5576 uiri

545 5640 618 5710 (α)
648 5641 842 5710 Scalig.
872 5657 920 5694 δ.
953 5641 1044 5694 20.
1074 5641 1284 5695 elenchi
1311 5640 1600 5694 Trihaares.

2159 4610 2288 4671 puto
2331 4601 2613 4675 ’Δστρῐτοιι.
2663 4601 2728 4653 Τὸ
2778 4598 2968 4675 ἄστρον
3021 4606 3111 4653 τοῦ
3157 4600 3269 4652 θεοῦ
3329 4600 3469 4669 ὑμῶν
3532 4598 3739 4670 Ῥεμφὰν

2160 4696 2336 4763 (Amos
2363 4710 2417 4760 v,
2463 4693 2568 4758 26;
2595 4693 2771 4745 Actor.
2817 4704 2910 4745 vn.
2937 4686 3051 4761 45).
3086 4692 3210 4746 ideo
3260 4701 3546 4760 sequentes
3577 4691 3712 4760 Mole

2160 4784 2309 4839 obita
2330 4783 2475 4853 apud
2504 4783 2753 4837 eumdem
2785 4781 3157 4848 Pbilastrium,
3191 4781 3257 4836 ad
3279 4782 3418 4837 istos
3447 4783 3736 4853 pertinent,

2160 4897 2225 4936 ex
2243 4881 2440 4936 eodem
2471 4881 2590 4935 loco
2615 4881 2781 4934 Amos
2821 4895 2834 4932 :
2865 4877 3146 4934 Ἀνελάϐετι
3188 4886 3280 4940 τήν
3307 4886 3497 4940 σκηνήν
3539 4881 3737 4954 Helix,

2166 4987 2195 5024 a
2211 4971 2409 5040 quibus
2437 4970 2716 5040 Tophetittc
2737 4984 2845 5024 non
2873 4972 3042 5041 magis
3060 4971 3352 5040 separandi
3369 4980 3550 5035 erant,
3578 4986 3738 5042 quam

2167 5061 2492 5133 Traglodgtte
2532 5076 2560 5112 a
2596 5061 2999 5116 Subter‘raneis.
3031 5064 3088 5115 in
3123 5063 3241 5117 loco
3288 5063 3531 5132 Topheth
3571 5063 3742 5132 siqui-

2164 5156 2286 5208 dem
2317 5154 2464 5206 idolo
2490 5152 2695 5205 Moloch
2725 5153 2958 5208 infantes
2988 5154 3109 5223 igne
3134 5153 3526 5208 lu5trabantnr.
3548 5153 3744 5207 Puteo-

2161 5247 2295 5310 ritw,
2327 5245 2519 5314 inquit,
2546 5245 2917 5316 qui‘fodiebant
2947 5245 3040 5298 sibi
3063 5254 3261 5314 puteos,
3291 5245 3378 5312 qui
3406 5251 3745 5315 non'possunt

2165 5355 2344 5410 capere
2371 5354 2557 5408 aquam
2585 5337 2881 5394 salutarem.
2909 5337 3153 5407 Intelligo
3185 5349 3309 5391 esse
3339 5349 3526 5390 vocem
3554 5335 3742 5406 hybri-

2164 5431 2311 5493 dam,
2362 5439 2743 5502 puteoryctas,
2791 5431 2860 5501 (b)
2925 5430 3276 5497 compositam
3331 5442 3397 5483 ex
3452 5427 3643 5482 Latino
3691 5429 3747 5480 et

2164 5521 2371 5578 Graeco.
2399 5521 2502 5577 Sed
2524 5522 2576 5576 in
2599 5522 2786 5578 Graeco
2809 5531 2892 5578 est
2916 5522 3124 5583 λάκκους
3141 5520 3338 5599 ὤρυξαν
3393 5523 3746 5597 Διιιωιορύκϊοιι

541 5709 617 5779 (b)
653 5707 822 5764 Immo
850 5710 1154 5768 Puteoritas
1191 5711 1323 5765 dixit
1363 5710 1717 5776 Philastrius,
1766 5721 1824 5767 ut
1876 5709 2157 5768 Musoritas
2193 5717 2248 5765 ct
2273 5707 2648 5766 Hermioritas.
