3922 6434
459 307 587 362 HM

1724 300 1969 357 SANCTI
2007 300 2394 358 PHILASTRII

3571 271 3707 362 ω.

452 419 544 474 lis.
577 418 772 474 Verum
803 418 904 473 etsi
935 416 994 473 S.
1018 416 1344 471 Philastrius
1368 417 1673 482 sanctitate,
1705 423 1759 470 et
1786 413 2032 470 doctrina
2057 419 2112 477 Α
2134 414 2311 470 Serm.
2341 415 2400 470 8.
2433 415 2716 470 Gaudentii
2745 416 3078 472 successoris
3111 415 3168 472 8.
3211 414 3508 484 Philastrii,
3548 430 3704 486 quem

457 509 744 581 praeclaros
771 509 1070 575 exstiterit,
1103 508 1208 562 hoc
1236 517 1411 563 tamen
1442 509 1560 578 ejus
1584 506 1728 577 Opus
1755 507 1817 561 de
1850 506 2032 560 Here-

457 603 594 656 sibus
619 609 792 666 caute,
820 608 876 655 et
901 615 1024 655 cum
1042 598 1244 669 judicio
1266 598 1582 668 quibusdam
1614 603 1666 653 in
1694 599 1827 652 locis
1854 597 2033 667 legen-

2132 507 2197 561 de
2220 524 2314 560 sua
2344 507 2684 561 Ordinatione
2714 508 2900 562 habuit
2927 525 2940 560 :
2969 517 3026 562 at
3051 517 3236 563 notum
3275 515 3359 564 est
3388 505 3447 562 S.
3475 506 3705 562 Ambro-

2131 597 2270 652 sium
2298 599 2592 669 emigrasse
2624 598 2862 653 Cmsario
2906 608 2961 654 et
3003 599 3180 655 Attico
3207 598 3536 655 Consulibus
3564 613 3703 654 anno

461 691 612 756 dum,
650 689 791 759 quod
839 689 1096 743 nonnulla
1144 689 1419 743 contineat
1456 703 1577 743 cum
1620 687 1829 758 placitis
1873 697 2035 741 recta:
2130 689 2230 743 sal.
2263 689 2387 744 597.
2417 689 2651 768 Consule
2687 690 2815 744 Not.
2848 690 2913 744 ad
2946 684 3106 743 Rom.
3149 689 3427 762 Martyrol.
3468 689 3536 746 18
3562 688 3704 745 Julii.

455 781 756 850 Theologiaa
785 795 890 836 non
919 780 1052 834 satis
1069 779 1417 834 cohaerentia.
1447 779 1504 835 S.
1529 779 1859 848 Augustinus
1877 775 2030 846 prter.

454 873 507 927 in
536 871 727 926 librum
753 886 912 926 suum
938 870 1001 924 de
1033 869 1325 924 Iliensibus
1351 870 1420 924 ad
1454 869 1884 937 Quodvultdeum
1913 883 2032 923 mo-

455 973 565 1029 net,
594 962 809 1017 doctius
844 960 911 1016 de
942 961 1239 1015 hmresibus
1271 961 1669 1030 praescripsisse
1706 959 1763 1016 8.
1807 958 2036 1029 Epipha-

454 1056 622 1121 uium,
651 1069 810 1125 quam
834 1053 888 1109 S.
926 1052 1293 1107 Philastrium.

1077 1143 1280 1198 Hier-es.
1321 1143 1413 1200 49.

528 1244 664 1294 Ante
696 1237 908 1293 initium
937 1250 1056 1306 cap.
1089 1243 1287 1292 aunota
1314 1251 1328 1286 :
1355 1233 1525 1290 Caute
1562 1235 1678 1305 lege
1716 1233 1817 1289 hoc
1854 1244 2034 1303 caput,

457 1347 578 1386 nam
607 1330 666 1386 S.
696 1329 1025 1383 Philustrius
1052 1327 1321 1382 existimat
1355 1327 1512 1396 primi
1542 1326 1774 1381 hominis
1803 1325 2035 1379 animam

453 1427 659 1494 (desunt
685 1421 954 1491 nonnulla)
981 1437 1100 1476 cum
1118 1420 1217 1476 SS.
1235 1419 1337 1475 PP.
1359 1419 1531 1476 ferme
1551 1432 1761 1482 omnes,
1786 1417 2039 1487 etexpla-

453 1524 672 1570 natores
699 1513 977 1569 Ceneseos
1002 1511 1232 1574 erudite,
1269 1512 1378 1579 pie,
1404 1510 1727 1576 orthodoxe,
1757 1509 2034 1574 historice,

455 1617 509 1661 et
537 1619 791 1677 germane
820 1604 1138 1674 spiraculum
1178 1603 1292 1656 vitae
1338 1603 1561 1671 praefato
1598 1602 1752 1667 loco,
1805 1601 2037 1655 animam

458 1698 680 1753 rationis
710 1697 1028 1767 participem
1066 1694 1383 1765 intelligant.
1425 1693 1558 1748 Vide
1594 1692 1844 1748 Castrum
1876 1693 1970 1748 lib.
2005 1708 2040 1747 ll

2762 781 2960 836 lintres.
3002 781 3092 836 69.

2203 872 2277 925 lbi
2311 872 2363 926 in
2395 880 2583 925 textu:
2616 858 2734 926 cum
2776 882 2821 926 et
2867 875 2918 925 in
2959 883 3130 927 ventre
3168 874 3477 943 sanetiﬁcati
3503 873 3626 938 sint,
3653 882 3710 929 ut

2139 962 2478 1024 Patriarchar,
2519 961 2814 1030 PrOphetaz,
2856 962 3086 1026 Judices,
3113 962 3387 1029 Jereniias,
3410 972 3457 1018 et
3483 963 3708 1019 Joannes

2138 1052 2389 1119 Baptista,
2425 1063 2559 1119 etc.,
2593 1054 2768 1109 scribe
2813 1055 2865 1109 in
2905 1069 3072 1124 marg.
3108 1055 3280 1110 Caute
3321 1055 3490 1124 legas,
3517 1070 3639 1110 nam
3663 1055 3709 1111 si

2138 1146 2421 1216 loquamur
2438 1145 2506 1201 de
2535 1161 2663 1200 vera
2688 1145 3120 1202 sanctificatione
3139 1162 3169 1200 a
3191 1157 3417 1217 peccato
3441 1146 3710 1217 originali,

2137 1237 2421 1293 Jeremiain
2445 1278 2461 1302 ,
2491 1237 2757 1292 Joannem
2799 1237 3093 1307 Baptistam
3112 1281 3124 1300 ,
3150 1247 3204 1291 et
3230 1236 3538 1307 Deiparatn,
3565 1235 3709 1291 solos

2139 1329 2498 1384 sanctillcatos
2525 1331 2576 1383 in
2600 1339 2754 1383 utero
2779 1329 2976 1383 docent
3001 1328 3289 1399 Theologi.

2768 1421 2972 1476 Haeres.
3013 1422 3102 1478 79.

2210 1513 2291 1568 Ad
2328 1514 2535 1568 initium
2564 1528 2684 1582 cap.
2717 1513 2926 1568 ascribe
2951 1531 2965 1567 :
2991 1513 3160 1568 Caute
3186 1510 3474 1583 legendum
3502 1519 3586 1566 est
3613 1510 3712 1565 hoc

2094 1581 2112 1594 ’
2141 1615 2318 1673 caput,
2351 1618 2524 1671 neque
2553 1604 2694 1658 enim
2727 1603 2950 1658 haeresis
2975 1613 3080 1669 est,
3111 1611 3203 1656 aut
3229 1581 3385 1657 error
3411 1599 3716 1656 existimare

2144 1713 2251 1752 non
2282 1710 2468 1752 omnes
2494 1696 2745 1752 Psalmos
2771 1697 2947 1750 editos
2972 1711 3000 1749 a
3035 1694 3258 1760 Davide,
3283 1709 3404 1749 cum
3436 1693 3588 1749 multi
3611 1693 3711 1749 PP.

457 1789 713 1845 adversus
740 1792 998 1855 lnereses,
1028 1787 1193 1842 verbo
1217 1787 1423 1853 Anima,
1458 1786 1649 1841 haeresi
1672 1784 1727 1851 2,
1752 1794 1808 1840 et
1830 1785 2039 1841 Sixtum
2071 1779 2119 1839 B
2144 1797 2199 1844 et
2241 1788 2573 1843 recentiores
2619 1787 2719 1840 hoc
2762 1788 3027 1853 sentiant,
3059 1795 3114 1839 et
3158 1785 3337 1840 adhuc
3373 1785 3428 1840 in
3466 1784 3718 1854 opinione

461 1881 554 1936 lib.
587 1896 620 1936 ν
650 1881 782 1936 Bibl.
816 1889 1003 1935 annot.
1026 1878 1116 1933 27.

1085 1969 1282 2024 eres.
1325 1969 1416 2024 56.

534 2065 613 2119 Ad
650 2065 860 2118 initium
906 2079 1027 2131 cap.
1074 2063 1290 2116 ascribe
1319 2079 1334 2115 :
1361 2060 1537 2115 Caute
1565 2060 1694 2128 lege‘
1716 2059 1818 2112 hoc
1855 2067 2038 2126 caput.

473 2170 596 2207 nam
629 2154 687 2208 S.
721 2154 1042 2207 Philastrius
1073 2155 1126 2205 in
1160 2151 1349 2206 haeresi
1382 2151 1554 2219 ponit,
1583 2149 1894 2204 existimare
1918 2158 2043 2203 ante

469 2245 929 2303 constructionem
981 2247 1147 2299 turris
1205 2242 1370 2298 Babel
1419 2257 1581 2297 unam
1627 2250 1831 2295 tantum
1877 2240 2042 2296 fuisse

471 2337 701 2405 linguam
731 2336 782 2388 in
811 2332 1046 2398 mundo,
1077 2348 1196 2387 cum
1241 2342 1415 2386 tamen
1449 2333 1721 2401 Scriptura
1757 2340 1964 2396 sancta,
1991 2342 2044 2385 ct

470 2425 568 2481 SS.
597 2424 700 2479 PP.
731 2425 902 2479 ferme
933 2438 1143 2488 omnes,
1173 2438 1279 2477 non
1311 2424 1409 2478 nisi
1439 2438 1597 2477 unam
1624 2422 1860 2491 linguam
1905 2421 2045 2476 inter

430 2555 437 2561 -
470 2518 712 2572 homines
735 2517 901 2572 fuisse
923 2526 1047 2570 ante
1069 2514 1479 2570 aedificationem
1499 2514 1682 2584 Babel,
1704 2515 2046 2583 apertissime

471 2608 717 2663 doceant.
760 2609 960 2663 Adtlito
1009 2607 1338 2662 recentiores
1365 2606 1561 2662 Cenes.
1603 2622 1658 2660 xi
1703 2606 2043 2674 interpretes,

469 2701 717 2756 Castrum
767 2701 860 2755 lib.
915 2717 967 2755 ix
1017 2700 1277 2755 adversus
1325 2699 1584 2766 haereses,
1616 2700 1784 2754 verbo
1828 2698 2047 2769 Lingua,

469 2793 679 2850 Sixtum
707 2794 803 2850 lib.
836 2810 869 2848 v
901 2793 1123 2848 Bibliot.
1156 2802 1338 2847 annot.
1370 2793 1458 2848 87.

863 2881 869 2883 ’
1094 2885 1298 2958 Ηωτεε.
1341 2884 1432 2939 63.

542 2973 615 3027 lbi
639 2972 691 3026 in
711 2983 860 3027 textu
887 2990 900 3026 :
930 2973 1192 3030 αι)οωίηο
1216 2990 1377 3042 usque
1396 2989 1532 3026 nunc
1551 2975 1673 3026 anni
1695 2974 1819 3039 450,
1845 2989 2052 3044 appone

2138 1882 2414 1936 doctorum
2457 1879 2557 1933 iata
2598 1879 2826 1949 quaestio
2871 1879 3183 1933 ventilatur.
3229 1876 3464 1933 Consule
3503 1876 3712 1933 Sixtum

2141 1973 2237 2026 lib.
2268 1989 2283 2026 ι
2310 1971 2448 2026 Bibl.
2491 1981 2546 2026 et
2583 1971 2810 2035 Psalm.,
2845 1971 3173 2040 Interpretes
3204 1969 3258 2024 in
3296 1965 3716 2040 praefationibus.

2770 2080 2964 2137 Haeres.
3005 2081 3098 2148 82.

2215 2198 2298 2253 Ad
2350 2197 2562 2252 initium
2607 2211 2726 2266 cap.
2769 2196 2982 2250 ascribe
3017 2213 3030 2248 :
3078 2193 3248 2249 Caute
3291 2191 3580 2263 legendum
3621 2192 3723 2248 hoc

2146 2300 2329 2361 caput,
2363 2305 2485 2344 nam
2509 2305 2614 2344 non
2644 2299 2727 2344 est
2750 2288 2972 2343 haeresis
3001 2297 3192 2359 putare
3216 2285 3402 2342 stellas
3430 2299 3552 2340 esse
3587 2285 3726 2340 coelo

2146 2382 2356 2446 inﬁxas,
2413 2395 2536 2435 cum
2584 2378 2636 2434 id
2679 2378 3004 2449 philosophi,
3049 2376 3404 2448 peripatetici,
3450 2383 3506 2430 et
3548 2382 3730 2430 ωηο-ι·

2147 2473 2316 2537 ιιοιιιί,
2361 2482 2526 2541 atque
2567 2470 2878 2526 scholastici
2923 2471 3156 2540 theologi
3200 2481 3413 2524 summo
3457 2478 3726 2523 consensu

2148 2563 2447 2628 afﬁrment;
2491 2563 2738 2633 quamvis
2777 2561 3022 2616 nonnulli
3061 2576 3128 2616 ex
3171 2559 3443 2616 veteribus
3485 2555 3589 2611 PP.
3621 2555 3728 2611 dis-

2149 2655 2404 2710 sentiant.
2433 2654 2568 2710 Vide
2601 2654 2658 2710 S.
2690 2653 2884 2708 Thom.
2921 2669 2938 2706 ι
2968 2669 3044 2723 p.,
3077 2669 3130 2724 q.
3159 2653 3250 2719 70,
3279 2659 3384 2707 art.
3419 2652 3472 2719 l,
3501 2647 3568 2705 ad
3592 2649 3648 2716 5,
3674 2657 3729 2706 et

2151 2747 2287 2802 Sixt.
2320 2746 2413 2801 lib.
2448 2763 2478 2800 v
2505 2746 2643 2802 Bibl.
2676 2754 2866 2800 annot.
2896 2745 2984 2800 M.
3391 2755 3394 2758 ‘

2788 2857 2982 2912 (lieres.
3024 2858 3111 2914 89.

2225 2970 2380 3024 Tolle
2411 2979 2589 3024 notam
2620 2985 2790 3038 marg.
2819 2969 2882 3024 lll
2906 2969 3037 3038 Reg.
3072 2984 3148 3034 xi,
3178 2980 3408 3022 uxorum
3444 2973 3501 3020 et
3532 2977 3732 3019 concu-

473 3066 525 3118 in
569 3079 742 3134 marg.
784 3082 798 3118 :
836 3064 1078 3118 Latinius
1129 3067 1206 3118 vir
1250 3067 1481 3118 eruditus
1529 3066 1765 3118 mendum
1814 3066 1909 3118 hoc
1947 3067 2053 3119 loco
2158 3063 2400 3115 binarum
2443 3062 2750 3117 Salomonis
2794 3060 3190 3114 multitudinem
3231 3071 3573 3113 numerosam
3613 3071 3734 3128 mys

470 3155 714 3223 illapsum
743 3156 795 3207 in
825 3171 1112 3220 numerum,
1143 3156 1239 3208 levi
1270 3157 1557 3209 mutatione
1584 3157 1658 3208 ita
1690 3155 2053 3208 restituendum
2081 3147 2126 3208 C
2158 3154 2290 3206 stice
2329 3167 2449 3206 esse
2478 3151 2913 3221 intelligendam;
2953 3161 3008 3206 et
3039 3165 3242 3220 repone
3279 3168 3291 3202 :
3324 3149 3443 3204 Non
3485 3146 3735 3218 intelligit

475 3245 690 3312 putauit,
723 3244 828 3299 380
859 3262 869 3296 :
901 3259 1022 3298 nam
1050 3243 1107 3300 S.
1138 3245 1482 3299 Philastrium
1523 3259 1624 3298 non
1659 3245 1897 3314 potuisse
1929 3259 2052 3312 per-
2155 3244 2212 3298 S.
2249 3244 2565 3298 Philastrius
2591 3243 2657 3298 de
2687 3244 2806 3299 loco
2827 3242 2891 3298 lll
2923 3243 3062 3313 Reg.
3093 3259 3167 3311 xx,
3201 3244 3256 3307 5,
3283 3255 3445 3311 quem
3477 3240 3733 3296 historice

473 3333 660 3389 venire
693 3332 760 3387 ad
805 3349 1006 3394 annum
1041 3334 1145 3389 450
1176 3334 1456 3404 perspicua
1487 3342 1572 3390 est
1590 3336 1758 3400 ratio;
1787 3335 2051 3404 siquidem
2151 3337 2520 3407 accipiendum
2544 3349 2745 3391 nonest
2765 3337 3012 3402 dubium,
3033 3337 3128 3392 sed
3144 3336 3211 3390 de
3226 3333 3564 3390 locoCantic.
3583 3331 3731 3404 v1,-,7,

470 3427 604 3480 obiit
642 3426 936 3498 superstite
979 3426 1027 3482 ei
1072 3424 1130 3480 S.
1177 3426 1486 3492 Ambrosio,
1526 3439 1584 3481 ut
1622 3436 1827 3482 certum
1876 3440 1958 3483 est
1997 3428 2050 3482 in
2152 3446 2311 3500 quem
2340 3431 2564 3502 mystice
2593 3413 2835 3500 plerique
2866 3429 2970 3484 PP.
3001 3429 3449 3499 interpretantur.
3483 3484 3485 3487 .

473 3565 713 3636 monium
748 3565 816 3636 de
858 3564 1170 3636 Philastrio,
1200 3581 1305 3619 una
1341 3581 1461 3620 cum
1508 3567 1624 3632 ejus
1651 3581 1900 3627 censura.
1933 3580 2050 3635 qua:
2158 3567 2283 3621 anni
2316 3566 2451 3622 l589
2477 3581 2571 3636 per
2595 3567 2952 3636 Margarinum
3001 3564 3070 3618 de
3112 3563 3162 3616 la
3206 3561 3396 3636 Bigne,
3426 3559 3732 3636 theologum

476 3635 731 3706 nonnulla
759 3635 1036 3706 Philastrii
1058 3635 1171 3688 loca
1191 3647 1348 3691 caute
1379 3629 1600 3706 legenda
1628 3652 1748 3691 esse
1776 3629 2075 3690 admoriet.‘
2161 3629 2522 3691 Parisiensem
2559 3629 2924 3706 procuratum,
2954 3642 3236 3706 exstatque
3275 3629 3330 3685 in
3362 3629 3736 3706 indicejibro-

476 3705 611 3774 Haec
627 3715 805 3758 autem
839 3705 1287 3759 Brasichelleusis
1325 3698 1552 3759 censura
1585 3706 1819 3759 refertur
1859 3709 1925 3758 ad
1971 3721 2056 3758 se-
2163 3723 2275 3758 rum
2312 3722 2526 3772 expurg.
2559 3698 2695 3774 'pag.
2745 3705 3068 3774 “5__seqq.,
3099 3698 3286 3774 Romae
3316 3701 3509 3774 primo,
3537 3698 3735 3754 deinde

475 3773 706 3828 cundam
745 3774 1039 3828 editionem
1070 3776 1430 3829 Parisiensem
1469 3775 1816 3829 Bibliotheca:
1841 3774 2060 3828 Patrum
2167 3769 2412 3844 Bergouii
2442 3769 2590 3845 ty'pis'
2608 3769 2818 3827 Comini
2847 3769 3100 3827 Ventura:
3124 3769 3281 3838 1608,
3310 3769 3475 3826 iit-8°.

1248 4027 1886 4161 SANCTI
1977 4026 2977 4154 PHILASTRII

1550 4223 2072 4308 EPISCOPI
2141 4224 2677 4308 BRIXIANI

996 4376 1583 4514 LIBER
1673 4377 1940 4516 DE
2033 4376 3253 4525 HAERESIBUS.

1789 4652 1806 4680 ‘
1846 4668 2453 4741 PBEFATIO.

1794 4588 2455 4618 m

561 4859 635 4914 De
657 4858 936 4915 hazreseon
968 4869 994 4895 ει
1024 4859 1243 4915 diversa
1275 4861 1601 4929 pestilentia,
1629 4861 1896 4932 variisque
1915 4874 2064 4915 erro-
2089 4862 2143 4922 D
2165 4859 2322 4914 Jesus
2355 4858 2601 4915 Salvator
2622 4860 2676 4914 in
2706 4875 2892 4927 carne,
2935 4861 3338 4932 pullulaverint,
3361 4861 3545 4919 dicere
3571 4875 3733 4934 opor-

485 4952 660 5017 rihus,
688 4953 866 5022 quiab
895 4952 1105 5022 origine
1140 4953 1324 5008 mundi
1357 4956 1702 5018 emerserint,
1748 4963 1805 5010 et
1825 4954 1934 5023 sub
1969 4953 2064 5009 Ju-
2171 4961 2268 5017 tet,
2297 4967 2681 5021 numerumque
2707 4969 2891 5008 earum
2918 4956 3172 5023 paulatim
3218 4969 3513 5026 exponere,
3553 4955 3736 5011 inimio

482 5039 620 5097 dtis
648 5041 1005 5108 deduxerint,
1047 5051 1102 5098 et
1123 5057 1190 5098 ex
1217 5057 1322 5113 quo
1375 5046 1524 5100 venit
1580 5046 1841 5100 Dominus
1879 5055 2062 5100 noster
2169 5059 2397 5113 cumque
2442 5045 2658 5099 humani
2703 5047 2922 5116 generis
2968 5048 3170 5116 perdici
3209 5046 3373 5103 fuisse
3422 5063 3454 5102 a
3497 5045 3735 5104 Ieremia

1321 5153 1473 5213 COD.
1514 5157 1621 5213 MS.
1663 5157 2011 5215 SANGERM.
2054 5154 2436 5212 LECTIONES
2476 5155 2886 5217 VABIANTES.

488 5271 573 5378 Ca;
615 5269 672 5316 In
694 5282 781 5318 ms.
804 5270 1058 5342 Sangemt.
1097 5269 1262 5319 desinit
1284 5268 1511 5320 Praefatio
1547 5270 1826 5345 etaiam
1846 5273 2056 5336 seqw'tur
2163 5278 2378 5383 ﬁniuntur
2403 5285 2414 5318 :
2439 5269 2605 5335 hisque
2640 5272 2807 5348 incipit
2852 5276 3043 5328 verbis:
3092 5277 3269 5339 Incipit
3300 5276 3425 5328 liber
3447 5276 3642 5329 Filastrl
3662 5277 3731 5326 de

575 5329 742 5383 alogus
763 5342 932 5379 eorum
955 5343 1040 5383 qui
1062 5337 1173 5380 ante
1201 5332 1459 5380 adventum
1492 5331 1669 5383 Christi
1703 5334 1949 5383 haereseos
1988 5347 2088 5383 ar-_
2211 5333 2460 5383 teresibus.
2486 5333 2602 5383 Post
2620 5347 2890 5383 nassnonem
2909 5337 3104 5383 Christi-
3128 5344 3218 5383 etc.

575 5329 742 5392 alogus
763 5329 932 5379 eorum
955 5331 1040 5392 qui
1062 5337 1173 5380 ante
1201 5332 1459 5380 adventum
1492 5331 1669 5383 Christi
1703 5329 1949 5387 haereseos
1988 5347 2088 5390 ar-,
2163 5329 2460 5384 Haeresibus.
2486 5329 2602 5384 Post
2620 5329 2890 5397 passionem
2909 5337 3104 5398 Christi,
3128 5329 3218 5388 αεὶ

1573 5434 1863 5493 FABRICII
1902 5437 1992 5492 ET
2028 5437 2376 5493 GALEABDI
2415 5439 2645 5495 NOT/E.

515 5532 591 5608 Ls
620 5521 697 5603 De
718 5523 1124 5608 heremum-Dion
1149 5524 1455 5607 infrequens
1475 5525 1678 5608 hatinis
1700 5528 2050 5608 scriptoribus
2157 5541 2286 5608 scen
2303 5539 2362 5608 et
2386 5529 3160 5608 llalientieon,_Mythologicon
3182 5534 3469 5608 Fulgentil,
3489 5531 3732 5608 Petronii

489 5593 750 5717 ﬁsuusus
793 5595 1017 5664 genitivi
1059 5609 1215 5677 casus
1268 5596 1539 5717 eiusmodi8
1575 5593 1826 5678 pluralis;
1861 5613 2052 5670 greeae
2158 5598 2421 5679 satiricon
2447 5644 2461 5672 ,
2515 5611 2575 5656 ei
2615 5593 2868 5656 Poetico'n
2895 5665 2899 5674 ,
2929 5593 3342 5664 Asironomicoti
3382 5593 3467 5664 Ο(
3505 5593 3720 5678 Hygini.

530 5677 760 5717 exlonts.
809 5674 865 5717 ut
896 5674 1158 5717 testantur
1187 5667 1269 5717 vel
1322 5666 1418 5717 lbl’l
1445 5665 1612 5717 Owdn
1639 5655 2029 5717 ﬁetamorolm.
2139 5669 2305 5717 Etiam
2331 5669 2516 5717 inn-ac-
2547 5665 2654 5717 ἒς).
2687 5673 2950 5717 Ismeniam-
2989 5673 3198 5717 Funus,

530 5661 760 5732 exionis,
795 5655 865 5720 ἶιι
896 5674 1158 5722 testanthr
1187 5667 1269 5721 vel
1297 5655 1418 5720 libri
1445 5655 1612 5722 Ovidii
1639 5655 2029 5740 Bietamoi'pho.
2139 5655 2306 5725 Etiam
2329 5655 2582 5728 intrati
2602 5672 2656 5742 9,
2687 5655 2951 5730 hereseos.
2987 5655 3200 5733 Faenio.
