3918 6408
464 345 603 407 1⁸205

1748 341 1991 408 ΒᾹΝΟΤΙ
2030 348 2415 409 PHILA’STR"

3573 346 3712 407 1204

460 469 474 498 τ
509 465 757 533 quodam,
788 467 874 536 qui
904 480 1090 521 omnes
1118 465 1371 521 laudabat
1398 466 1636 522 haereses
1660 507 1675 532 ,
1706 467 1895 522 dicens
1914 482 2033 521 om-
2059 469 2106 529 Α
2136 481 2238 522 aen
2270 466 2691 537 cognoscebatur
2722 482 2749 520 a
2776 465 2976 522 .ludaris
3001 466 3087 538 qui
3119 474 3235 522 erat
3265 467 3316 522 in
3342 460 3511 523 carne
3537 470 3713 537 passi-

466 575 562 614 nes
594 559 727 613 bene
752 559 971 621 sentire,
1000 570 1054 615 et
1082 560 1349 616 neminem
1377 576 1563 616 errare
1584 577 1649 614 ex
1676 560 1777 629 eis,
1797 562 1890 615 sed
1921 578 2035 615 am-

474 650 654 704 hulare
680 650 815 705 bene
840 666 1031 705 omnes
1060 650 1177 705 illos
1198 692 1212 716 ,
1245 661 1299 705 et
1345 650 1485 729 male
1522 664 1619 705 eos
1662 666 1765 705 non
1812 652 2034 707 credere

466 741 753 796 sentiebat.
778 741 834 797 Si
865 743 1044 811 itaque
1072 757 1259 797 omnes
1295 742 1581 808 laudabat,
1623 758 1782 813 quem
1824 745 2035 812 vitupe-

467 832 650 886 rabat?
675 833 813 900 Ergo
843 848 947 885 non
989 842 1133 886 tenet
1157 832 1299 901 quod
1342 847 1525 886 verum
1559 842 1658 887 est.
1691 831 1755 887 Et
1785 840 1810 870 ⁸
1846 833 2033 888 Photi-

468 938 569 976 nus
597 938 725 991 ergo
747 920 1043 976 laudandus
1070 930 1153 977 est
1176 923 1478 987 haereticus,
1507 925 1596 994 qui
1624 922 1896 980 Christum
1933 926 2036 981 Do-

470 1016 673 1067 minum
703 1021 862 1082 negat
885 1027 1002 1067 esse
1023 1019 1148 1067 ante
1182 1014 1522 1075 szeCuIacum
1553 1014 1729 1069 Patre.
1759 1016 1816 1069 Et
1861 1018 2037 1070 omnis

471 1104 715 1164 haeresis,
749 1118 869 1172 qua:
896 1101 1230 1173 blasphemat
1254 1114 1347 1159 aut
1378 1106 1427 1159 in
1458 1105 1688 1168 Patrem,
1721 1118 1812 1161 aut
1857 1109 1907 1161 in
1948 1108 2037 1162 Fi-

469 1195 621 1258 lium,
651 1203 741 1247 aut
768 1194 819 1247 in
842 1192 1120 1263 Spiritum.
1153 1194 1263 1249 Cur
1290 1196 1471 1265 itaque
1503 1196 1842 1265 blasphemos
1866 1199 2039 1253 haere-

470 1288 603 1342 ticos
630 1287 831 1351 laudat,
860 1303 980 1341 cum
1004 1302 1099 1342 eos
1126 1286 1373 1343 Christus
1398 1288 1653 1343 Dominus
1682 1305 1746 1343 ex
1790 1293 1892 1344 hoc
1928 1289 2038 1358 jam

469 1382 668 1437 smculo
689 1382 1049 1447 damnaverit,
1092 1381 1321 1437 dicens:
1352 1396 1458 1438 non
1498 1382 1696 1436 dimitti
1736 1383 2044 1437 hominibus

470 1477 859 1545 blasphemiam
890 1475 943 1529 in
972 1475 1228 1544 Spiritum
1258 1485 1501 1529 sanctum
1526 1476 2045 1544 .blasphemantibus

472 1577 524 1621 et
574 1563 1038 1635 perseverantibus
1061 1579 1299 1633 ,‘neque
1351 1566 1437 1619 hic
1462 1605 1477 1630 ,
1508 1580 1680 1635 neque
1715 1568 1735 1596 ³
1771 1567 1821 1620 in
1869 1567 2046 1621 futuro

474 1658 689 1731 (Matth.
716 1674 807 1724 xu,
839 1658 927 1727 5i)
955 1658 977 1710 ’ἰ
1007 1658 1231 1726 Propter
1251 1658 1394 1728 quod
1424 1668 1636 1713 constat
1664 1669 1717 1713 et
1745 1660 1899 1714 istum
1928 1676 2047 1716 esse

475 1752 810 1815 litereticum,
842 1752 949 1805 imo
972 1751 1147 1821 potius
1170 1752 1303 1805 nihil
1330 1754 1497 1817 scire;
1526 1753 1616 1822 qui
1639 1766 1732 1807 eos
1753 1752 2047 1808 laudandos

478 1860 582 1899 non
615 1843 997 1912 vituperandos
1017 1852 1071 1898 et
1098 1843 1433 1912 abjiciendos
1458 1844 1799 1913 judicaverit.

572 1936 729 1990 XCII.
772 1935 861 1990 DE
903 1934 1289 1991 DlVlNlTATE
1328 1935 1597 1991 CHRISTI
1636 1935 1973 1993 ΗΑῑιιΕδιδ.

552 2031 666 2084 Alia
692 2038 774 2084 est
802 2028 1044 2092 haeresis,
1072 2044 1191 2096 qua:
1216 2028 1342 2083 dicit
1362 2026 1389 2065 ι)
1420 2027 1760 2086 Divinitatem
1789 2028 2049 2095 doluisse,

480 2137 601 2176 cum
632 2136 759 2175 caro
802 2128 1075 2189 pateretur
1121 2119 1172 2171 in
1212 2134 1377 2174 cruce
1403 2119 1686 2185 conjuncta
1728 2117 2048 2173 Div'initati:

486 2215 505 2245 ³
533 2227 720 2268 errans
747 2213 797 2265 in
845 2226 909 2264 eo
932 2252 945 2275 ,
983 2208 1125 2279 quod
1157 2224 1262 2265 non
1296 2211 1470 2264 solum
1512 2208 1770 2263 Divinitas
1811 2211 1917 2279 pati
1946 2227 2052 2265 non

482 2312 657 2377 potest
685 2303 1019 2366 naturaliter,
1054 2316 1155 2356 nec
1195 2302 1388 2366 teneri,
1427 2313 1600 2371 neque
1638 2302 1805 2357 videri
1826 2318 1850 2384 ;.
1870 2317 2054 2358 verum

483 2398 644 2452 etiam
678 2410 778 2450 nec
808 2394 981 2447 anima
1015 2392 1275 2460 hominis,
1306 2410 1425 2465 ane
1450 2408 1478 2447 a
1509 2394 1621 2449 Deo
1661 2393 1798 2448 facta
1827 2404 1937 2460 est,
1971 2395 2058 2449 di-

485 2490 644 2540 cente
670 2485 923 2539 Domino:
952 2496 971 2522 ο
992 2483 1165 2537 Nolite
1183 2488 1357 2538 timere
1377 2500 1459 2538 eos
1480 2486 1566 2553 qui
1588 2486 1826 2541 occidunt
1848 2502 2055 2554 corpus,

485 2580 708 2631 animant
738 2585 906 2629 autem
932 2592 1029 2629 non
1074 2586 1281 2647 possunt
1312 2576 1580 2639 occidere;
1606 2575 1696 2629 sed
1735 2560 1903 2629 timete
1924 2576 2059 2630 Itum:

487 2670 674 2730 ratius,
699 2668 784 2737 qui
813 2676 974 2734 potest
1016 2666 1237 2741 animant
1267 2675 1311 2719 et
1340 2670 1528 2734 corpus
1559 2666 1769 2735 perdere
1796 2668 1848 2719 in
1876 2665 2061 2738 gehen-

485 2775 603 2810 nam
634 2755 845 2825 (Matth.
894 2772 953 2819 χ,
984 2755 1097 2826 ‘28).
1130 2755 1324 2809 Errant
1350 2758 1529 2825 itaque
1570 2754 1740 2811 modis
1769 2758 2020 2811 omnibus
2042 2797 2057 2820 ,

486 2848 575 2916 qui
605 2848 789 2901 dicunt
812 2846 1152 2901 Divinitatem
1184 2846 1377 2902 Christi
1410 2846 1432 2877 ’⁵
1469 2862 1590 2903 esse
1618 2856 1804 2902 natura
1835 2848 2061 2919 passibi-

487 2940 628 3002 lem,
676 2949 729 2992 et
776 2940 935 3006 impie
979 2939 1214 2993 sentiunt
1253 2948 1343 2999 aut
1389 2940 1654 3007 doluisse,
1687 2950 1778 2994 aut
1818 2941 2057 3009 ﬂevisse,

488 3029 507 3055 ⁵
538 3036 627 3080 aut
655 3028 977 3096 ingemuisse
1011 3046 1023 3080 :
1077 3030 1252 3098 passio
1293 3031 1435 3084 enim
1465 3029 1663 3084 Christi
1692 3041 1772 3084 est
1797 3032 2057 3097 carnalis,

489 3116 513 3153 ι¹
545 3117 858 3173 naturaliter
887 3136 1037 3172 carne
1080 3135 1185 3174 non
1227 3120 1513 3175 llivittitate
1538 3122 1791 3177 dolente.
1827 3121 2058 3192 Ideoque

2134 558 2230 612 bili
2261 546 2548 629 loquendo,
2579 560 2667 629 qni
2692 558 2757 613 tle
2789 560 2930 629 Lege
2964 568 3020 614 et
3066 559 3350 629 PrOpltetis
3382 560 3521 616 Deus
3553 556 3715 615 verus

2135 649 2495 715 nuntiabatur,
2530 650 2816 720 palamque
2859 651 2910 703 in
2952 665 3113 705 carne
3152 661 3413 706 venturus
3455 648 3717 719 pradica-

2136 740 2314 806 hatur,
2347 742 2560 796 dicente
2588 742 2854 811 Propheta
2884 760 2897 794 :
2934 753 2957 780 θ
2982 742 3118 798 Deus
3146 743 3318 813 palam
3345 745 3505 799 veniet
3532 741 3713 815 (Psal.

2136 847 2186 897 ι..
2218 830 2293 902 5).
2320 832 2387 886 Ει
2415 833 2610 887 iterum
2633 832 2823 888 eodem
2855 832 3118 903 propheta
3154 834 3320 889 David
3352 851 3364 887 :
3394 832 3415 871 τ
3463 832 3716 889 Dominus

2140 939 2260 993 pars
2302 922 2615 977 htereditatis
2660 939 2802 989 mete,
2851 932 2897 985 et
2927 925 3101 978 calicis
3147 926 3243 979 mei
3288 923 3459 995 (Psal.
3488 940 3597 991 xvn,
3632 923 3712 995 5).

2143 1025 2167 1063 8
2197 1014 2297 1084 Qui
2324 1024 2406 1070 est
2433 1016 2572 1070 enim
2602 1015 2762 1081 calix,
2787 1017 2890 1071 nisi
2918 1017 3035 1086 ejus
3068 1017 3284 1087 passio?
3311 1017 3403 1086 qui
3435 1026 3595 1071 tanta:
3617 1016 3720 1071 bo-

2143 1108 2327 1161 uitatis
2356 1122 2550 1161 munus
2588 1117 2639 1162 et
2686 1108 2989 1163 clementia:
3034 1106 3270 1162 humano
3319 1108 3507 1178 generi
3536 1106 3716 1163 conle-

2142 1214 2289 1264 rens,
2312 1199 2377 1255 ah
2397 1199 2703 1255 Judazorutn
2719 1202 2739 1231 °
2761 1201 3101 1270 iniquissimo
3126 1199 3476 1271 ignorabatur
3500 1198 3720 1268 populo.

2148 1291 2339 1345 Passus
2370 1293 2547 1361 itaque
2589 1300 2671 1346 est
2697 1292 2716 1323 ⁷
2743 1306 2910 1348 carne
2956 1291 3231 1361 passibili,
3273 1304 3382 1344 non
3434 1282 3723 1344 Divinitate

2146 1381 2464 1436 natm-aliter
2485 1382 2831 1451 impassibili;
2856 1384 2943 1452 qui
2971 1388 3024 1437 et
3049 1381 3375 1451 agnoscitur,
3401 1388 3455 1435 et
3482 1378 3725 1435 creditur

2148 1487 2253 1526 non
2284 1473 2505 1525 absente
2550 1482 2724 1527 tamen
2767 1472 3090 1535 Divinitate,
3136 1470 3230 1525 sed
3276 1469 3560 1538 conjuncta
3600 1481 3724 1522 cum

2147 1577 2373 1631 corpore
2398 1563 2597 1632 pariter
2620 1570 2838 1631 propter
2860 1560 2885 1597 ιι
2907 1561 3218 1632 mysterium
3244 1557 3725 1613 consummationis

2149 1662 2401 1708 statutum
2428 1666 2492 1706 ac
2521 1651 2795 1707 deﬁnitum
2826 1660 3003 1706 antea.
3034 1650 3187 1718 Quod
3215 1650 3396 1705 sciens
3438 1646 3726 1718 Apostolus

2152 1758 2253 1799 non
2281 1743 2544 1813 separavit
2568 1742 2619 1796 in
2649 1756 2813 1797 cruce
2840 1742 3184 1796 Divinitatem
3216 1756 3243 1794 a
3276 1754 3473 1806 carne,
3501 1739 3725 1805 dicens:

2151 1836 2210 1892 Si
2235 1836 2368 1889 enim
2393 1834 2760 1906 cognovissent,
2794 1849 3066 1902 numquam
3100 1830 3114 1867 ί
3148 1830 3419 1884 Dominum
3446 1816 3729 1902 majestatis

2151 1926 2517 1995 cruciﬁxissent
2542 1923 2593 1996 (I
2626 1923 2745 1976 Cor.
2790 1938 2846 1985 ιι,
2881 1921 2970 1993 8).
3001 1921 3201 1976 Paulus
3243 1922 3422 1990 itaque
3448 1916 3731 1987 conjunxit

2152 2026 2463 2086 utrumque,
2487 2014 2759 2069 utChristi
2790 2013 3083 2069 bonitatem
3108 2022 3160 2068 et
3183 2012 3610 2066 misericordiam
3636 2023 3733 2064 no—

2156 2108 2239 2162 bis
2256 2108 2623 2165 manifestaret
2644 2105 3030 2175 plenissimam.
3050 2100 3241 2159 Petrus
3255 2115 3433 2159 autem
3456 2102 3733 2172 apostolus

2156 2198 2298 2269 quod
2318 2207 2519 2251 .natura
2551 2206 2630 2252 est
2658 2196 2908 2265 passibile
2930 2236 2943 2261 ,
2986 2205 3042 2251 et
3068 2194 3208 2264 quod
3254 2206 3335 2248 est
3366 2192 3696 2263 itnpassibile
3716 2230 3734 2259 ,

2155 2288 2335 2344 docuit
2363 2302 2428 2342 ex
2461 2300 2667 2356 aperto,
2696 2286 2879 2341 dicens
2909 2304 2921 2340 :
2956 2287 2969 2335 l
3009 2285 3246 2340 Mortuus
3276 2284 3481 2353 quidem
3520 2293 3591 2337 est
3623 2296 3736 2338 cor-

2160 2399 2312 2449 pore,
2356 2381 2635 2449 mt-iﬁcatus
2676 2391 2845 2434 autem
2890 2378 3114 2450 Spiritu.
3150 2378 3333 2447 Neque
3378 2393 3506 2448 ergo
3550 2391 3677 2431 caro
3704 2390 3735 2431 a

2160 2475 2466 2536 Divinitate,
2494 2486 2593 2527 nec
2633 2471 2896 2527 Divinitas
2936 2487 2963 2525 a
2994 2486 3159 2526 carne
3201 2471 3419 2535 aberat,
3461 2484 3585 2525 cum
3610 2483 3738 2522 caro

2163 2564 2433 2635 pateretur
2462 2564 2689 2618 humana
2732 2563 3069 2627 naturaliter,
3103 2563 3124 2593 ⁸
3169 2572 3222 2617 ct
3250 2562 3300 2615 in
3334 2561 3436 2615 hoc
3460 2561 3576 2631 ipsa
3608 2575 3736 2630 per-

2162 2660 2406 2713 mittente
2429 2655 2631 2711 Christi
2660 2655 2967 2720 Divinilate,
3000 2654 3315 2725 mysterium
3347 2662 3547 2707 nostra:
3574 2665 3738 2707 causa

2161 2753 2347 2806 salutis
2374 2751 2846 2805 consutntnahatur
2877 2763 2907 2803 a
2937 2750 3187 2814 Domino,
3232 2758 3288 2801 ιιι
3318 2747 3473 2816 plena
3507 2747 3739 2802 devictio

2164 2844 2312 2899 lieret
2341 2842 2565 2903 inimici,
2595 2853 2653 2894 ut
2683 2841 2732 2894 in
2761 2854 2867 2911 qno
2900 2839 3178 2893 videbatur
3209 2847 3264 2890 ut
3295 2838 3457 2891 homo
3484 2839 3614 2906 pati,
3647 2838 3738 2905 qui

2163 2935 2301 2989 Deus
2328 2944 2443 2989 erat
2474 2934 2523 2986 in
2553 2946 2737 2997 carne,
2779 2945 2889 2984 non
2917 2929 3017 2983 sibi
3045 2928 3144 2995 sed
3170 2928 3322 2982 nobis
3360 2928 3471 2995 jam
3502 2926 3741 2980 vinceret

2163 3027 2470 3089 inimicum;
2499 3025 2526 3064 ι
2550 3023 2821 3093 nobisque
2858 3031 2981 3074 ante
3012 3020 3258 3083 devictis,
3289 3019 3341 3071 in
3372 3020 3452 3071 sui
3496 3018 3741 3086 passiOne

2166 3119 2217 3171 in
2267 3099 2775 3189 enm'credent‘ibus
2816 3111 3067 3166 vincendi
3120 3109 3412 3178 potentiam
3465 3110 3738 3178 aperiret,

1304 3294 1461 3350 con.
1502 3295 1614 3351 us.
1655 3296 2002 3355 sauceuu.
2047 3271 2425 3356 moriones
2464 3284 2873 3346 VABIANTES.

554 3478 572 3568 ξ
606 3477 809 3588 qupdétm
833 3477 1027 3527 homine
1054 3481 1193 3541 qui...
1219 3480 1425 3528 credere
1446 3493 1541 3529 non

609 3552 654 3586 Ill
697 3554 724 3587 υ
752 3552 838 3587 lll'O
1324 3554 1329 3557 ’

609 3552 654 3586 Ill
679 3552 838 3587 Illllll'O
1324 3554 1329 3557 “

554 3602 574 3630 ³
608 3609 827 3650 errantes
848 3602 975 3661 quod

551 3661 572 3691 ³
605 3674 717 3710 esse
743 3672 959 3710 naturam

555 3724 575 3753 ⁵
609 3731 690 3770 aut
711 3723 959 3785 gemuisse

488 4085 621 4138 adeo
670 4100 773 4139 non
817 4081 1015 4137 olientli
1064 4081 1292 4148 Numen,
1328 4093 1383 4136 ut
1429 4084 1587 4138 etiam
1635 4084 1949 4140 delectetur.
2006 4088 2059 4141 in

488 4155 730 4277 agdn-tn
752 4153 1071 4208 sententiam
1095 4152 1453 4224 Symmachus
1471 4154 1607 4224 apud
1627 4154 1975 4211 Prudentium
2001 4173 2057 4221 tt,

504 4251 517 4277 ι
628 4244 638 4277 ;
850 4267 855 4274 -
945 4232 953 4245 ⁸

504 4232 638 4278 2'72:
850 4267 855 4274 .
945 4232 953 4245 '

582 4306 766 4363 Porsisi
771 4315 808 4361 it
831 4321 1010 4368 tamen,
1034 4312 1275 4360 afﬁrmans
1297 4314 1395 4362 iter
1420 4325 1531 4363 esse
1553 4315 1709 4364 viandi

582 4374 885 4437 multiﬁdum,
916 4376 1217 4437 variumque,
1244 4372 1379 4421 Deus
1409 4387 1516 4421 cum
1540 4380 1770 4437 quaeritur
1796 4390 1936 4428 unus.

582 4434 707 4483 Hinc
728 4432 963 4489 alios,'ast
984 4434 1095 4497 inde
1124 4432 1240 4497 alios
1262 4448 1523 4494 properare
1549 4432 1769 4497 seorsum

583 4497 836 4557 Quemque
862 4492 1214 4557 per_artlraet_us
1239 4492 1474 4553 proprios.
1501 4496 1586 4543 sed
1611 4502 1815 4557 compita
1839 4499 2013 4548 eodem

582 4556 707 4605 Fine
730 4552 967 4604 ceartiwri
984 4592 996 4615 ,
1019 4552 1160 4601 simul
1185 4552 1556 4604 et’concurrere
1579 4557 1625 4602 iu
1654 4552 1814 4605 unum.
1846 4570 1849 4575 ‘

1781 4618 1968 4668 FABRIC.

564 4733 588 4759 ιι
624 4721 893 4776 Photinus.
926 4718 998 4772 De
1027 4718 1178 4784 cujus
1199 4718 1388 4773 haeresi
1420 4735 1578 4789 supra
1607 4737 1653 4774 c.
1685 4721 1773 4776 65.
1810 4721 2022 4777 FABRIC.

557 4792 583 4829 ι)
618 4791 939 4843 υευῑηὶιιιιωη
965 4788 1210 4842 doluisse.
1238 4790 1407 4843 Error
1428 4788 1515 4846 hic
1538 4802 1753 4853 notatus
1775 4795 2056 4859 speciatim

490 4864 543 4916 in
573 4862 668 4925 its,
706 4860 791 4927 qni
824 4876 850 4910 a
882 4860 1095 4928 Christo
1126 4874 1340 4913 carnem
1374 4864 1491 4915 sine
1518 4864 1695 4914 anima
1725 4874 2024 4928 susceptam
2045 4904 2059 4921 .

2091 4196 2142 4255 D

490 4943 545 4987 et
576 4934 693 4984 loco
724 4930 923 5004 animus“
955 4927 1115 5004 fuisse
1159 4928 1234 5004 illi
1261 4931 1436 5004 ae,”
1484 4933 1811 4999 docuerunt,
1850 4927 1898 4983 nt
1948 4933 2058 4986 dixi
2126 4936 2133 4943 ’

490 5018 650 5069 supra
683 5000 745 5053 ad
779 5015 826 5051 c.
862 4996 1367 5069 69.__'I_’hcophouitus'
1390 5013 1542 5054 vocat
1563 5010 1748 5057 au‘etor
1773 4996 2055 5059 Pr.etle5ti-

493 5066 603 5125 nati
644 5066 1624 5142 ωειλ-73η’ΤΙιεοραεδίίιιιοδΑῡςιιιωιιε
1671 5074 1733 5125 ad
1774 5074 2052 5142 Augustin.

492 5157 611 5264 gap.
642 5142 737 5204 75;
768 5137 1067 5207 Nicephoro
1099 5152 1184 5201 xv,
1214 5139 1305 5201 28,
1337 5140 1565 5210 altisque
1588 5182 1601 5208 ,
1650 5137 2048 5215 Theopuschitw.

543 5226 713 5264 sume.
1812 5230 1817 5233 ·

543 5226 713 5265 ABRIC.
1812 5230 1817 5233 '

568 5294 587 5319 θ
626 5282 799 5334 Nolite
823 5280 1067 5352 timere...
1097 5275 1175 5352 EX
1199 5274 1307 5352 hoc
1335 5278 1451 5331 lOCO
1483 5289 1657 5334 tamen
1692 5283 1828 5335 male
1854 5284 2055 5352 conjgjt

493 5351 754 5405 Philaster
780 5351 1009 5403 animam
1038 5346 1210 5409 dolori
1242 5363 1343 5399 non
1375 5363 1496 5401 esse
1521 5351 1825 5415 obnoxiam,
1861 5364 1915 5406 et
1941 5346 2054 5406 ani-

493 5437 631 5474 matn
662 5420 858 5473 Christi
901 5418 1137 5472 doluisse
1170 5418 1282 5484 ipse
1311 5431 1361 5470 c.
1406 5417 1474 5471 (59
1507 5429 1649 5475 recte
1681 5434 1951 5478 amaverat
1981 5438 2049 5478 ex

496 5491 679 5543 Matth.
709 5506 855 5551 xxvt,
886 5490 971 5543 58.
1008 5487 1218 5541 Fasntc.

563 5558 585 5593 ι¹
614 5559 927 5612 Naturaliter
942 5573 1108 5610 carne.
1122 5558 1446 5611 Vocabulum
1468 5574 1620 5610 carne
1637 5558 1875 5625 adjunxi,
1893 5576 2052 5615 sensu

495 5627 623 5679 illud
662 5631 983 5695 requirente.
1035 5628 1247 5681 FABRIC.
1278 5659 1344 5667 —
1375 5627 1696 5682 Naturaltter
1735 5647 1915 5693 carne,
1952 5648 2051 5685 non

494 5696 750 5749 divinitate
816 5699 1030 5751 dolente.
1095 5699 1281 5751 Stthdit
1342 5700 1614 5753 Fttbt'iCttt-t
1665 5717 1676 5753 :
1744 5699 2055 5754 Vocabulum

492 5781 661 5817 (IMtNE
683 5768 914 5836 adjuuxi,
938 5784 1087 5821 sensu
1110 5770 1237 5821 illud
1259 5771 1561 5837 requirente.
1590 5773 1769 5830 liecte,
1797 5784 1916 5821 nam
1943 5769 2054 5837 ipse

490 5836 805 5891 Philastrins
836 5839 987 5907 paulo
1022 5846 1169 5909 post:
1202 5836 1388 5893 Passus
1420 5842 1587 5911 itaque
1615 5850 1686 5896 est
1712 5857 1864 5896 carne
1889 5836 2054 5914 passi-

2226 3484 2246 3513 ο
2282 3481 2495 3513 nan-siuei

2226 3492 2246 3513 ι

2223 3546 2242 3576 ⁷
2274 3492 2661 3604 ἕλει-Ἦὲὃιὲιὲδῗῠὶη
2685 3553 2778 3589 non
2803 3542 2884 3601 qui
2918 3547 2969 3588 et
3004 3540 3268 3601 ignoscitur
3300 3546 3351 3589 et
3383 3540 3603 3590 creditur
3646 3553 3740 3589 non

2155 3606 2318 3666 juncta
2341 3617 2448 3654 cum
2469 3615 2674 3663 corpore

2220 3667 2243 3699 ⁸
2277 3668 2391 3717 etin
2415 3666 2505 3714 hoc
2528 3666 2631 3726 ipso

1578 3902 1864 3961 FABRICII
1905 3906 1993 3961 ΕΤ
2030 3906 2382 3985 GALEARDI
2422 3905 2647 3963 ΝΟΤᾸΕ.

2166 4089 2273 4154 bili,
2290 4105 2394 4149 non
2417 4090 2691 4146 divinitate
2712 4092 3009 4169 naturaliter
3028 4092 3356 4169 impossibili;
3373 4104 3424 4169 et
3450 4110 3565 4163 pag.
3596 4113 3740 4169 seq.,

2166 4175 2281 4229 cum
2319 4176 2436 4213 caro
2462 4171 2721 4229 pateretur
2760 4162 2979 4216 lmmana
3008 4165 3333 4218 naturaliter.
3360 4165 3639 4222 GALEARD.
3671 4162 3741 4209 ἐζ

2170 4228 2469 4297 (Fabricius
2492 4234 2693 4298 putavit
2719 4234 3031 4286 vocabulum
3061 4250 3212 4286 carne
3233 4233 3557 4299 addendum,
3579 4254 3742 4293 sensu

2171 4299 2296 4351 illud
2332 4303 2658 4368 requirente.
2686 4303 2788 4357 Sed
2820 4304 3013 4357 frustra
3034 4344 3048 4369 ,
3081 4312 3135 4358 nt
3167 4304 3398 4357 videtur.
3446 4305 3562 4359 Mox
3594 4309 3741 4363 enim

2168 4378 2384 4423 sanctus
2411 4372 2569 4447 Pater
2598 4374 2838 4447 eamdem
2854 4377 3187 4447 sententiam
3232 4385 3511 4447 repetens,
3539 4379 3741 4447 impor-

2169 4448 2350 4512 tunum
2374 4456 2491 4512 esse
2516 4442 2816 4512 illttticarue
2835 4444 3188 4499 demonStrat.
3214 4446 3304 4499 Sic
3328 4462 3557 4510 namque
3583 4442 3742 4512 paulo

2168 4519 2290 4575 post
2321 4509 2554 4578 loquitur
2581 4530 2592 4564 :
2627 4510 2817 4567 Passus
2861 4515 3027 4582 itaque
3056 4525 3127 4567 est
3172 4532 3324 4568 turne
3349 4509 3608 4581 possibili,
3639 4534 3741 4575 NON

2169 4594 2464 4653 mnstrare
2519 4592 2891 4653 NATURALITER
2948 4598 3277 4637 IIPASSIBILI.
3335 4587 3465 4649 Qum.
3518 4590 3738 4653 quidem

2169 4651 2466 4717 posteriora
2496 4652 2656 4702 verba
2688 4652 2950 4717 prioribus
2970 4693 2983 4716 ,
3014 4655 3314 4707 naturaliter
3340 4670 3440 4707 non
3471 4651 3738 4715 diuinitate

2167 4716 2382 4790 dolente,
2415 4720 2653 4790 apprime
2675 4716 2983 4773 eon'cittttttt.
3016 4722 3316 4790 ΟΑιιΛδυ.)

2176 4790 2179 4791 ⁷
2240 4794 2262 4820 (³
2298 4786 2431 4840 Deus
2464 4788 2633 4865 pulum
2660 4792 2835 4865 ueniet.
2869 4790 3031 4853 LXX,
3056 4790 3189 4853 Ἠεει
3212 4786 3237 4847 ὅ
3258 4786 3379 4855 Θὲὸς
3404 4797 3543 4865 ἡμῶν
3571 4802 3656 4852 καὶ
3685 4801 3739 4854 οὐ

2163 4862 2641 4924 παρασιωπήσεται.
2675 4858 2885 4914 Ριιιιιιιο.

2239 4928 2254 4965 ί
2287 4924 2533 5012 Dentium
2564 4946 2680 4999 pars
2707 4930 3044 5012 htcreditatis.
3075 4930 3235 4996 LXX,
3268 4936 3447 5012 ιξρριος
3475 4942 3617 5012 μερὶς
3648 4950 3739 5001 τῆς

2162 4998 2485 5076 κληρργομίας
2512 4998 2613 5076 μορ
2636 5004 3104 5076 καὶητοῦᾼποτηρὶοι)
3133 5023 3254 5076 pou.
3285 4998 3502 5076 Fiume.

2235 5069 2259 5114 ιζ
2291 5069 2650 5141 Quiesticalix
2680 5072 2776 5122 nisi
2810 5074 2922 5140 ejus
2951 5069 3142 5138 passio;
3177 5074 3249 5125 lix
3286 5074 3467 5127 Matth.
3506 5092 3610 5134 xx.
3643 5077 3733 5131 92.

2162 5138 2363 5212 (Sonitu:
2384 5140 2441 5193 S.
2476 5140 2682 5193 Mtxittti
2718 5138 2875 5208 opera
2910 5151 3038 5195 tom.
3072 5142 3112 5203 l,
3149 5159 3199 5209 p.
3232 5144 3299 5196 75
3327 5160 3439 5212 seq.
3482 5144 3697 5201 Faautc.

2231 5207 2255 5245 ιι
2308 5207 2608 5279 Mysterium
2655 5207 3311 5266 consummationis.'lnl‘ra
3368 5207 3467 5266 hoc
3517 5221 3733 5283 eapite:

2162 5276 2217 5330 Μ
2220 5276 2462 5347 μειεήιιηι
2491 5289 2675 5341 nostra:
2708 5299 2864 5335 causa
2894 5284 3072 5335 salutis
3098 5284 3544 5336 rousummabutur
3572 5276 3602 5337 ἀ
3631 5286 3733 5337 Do-

2161 5350 2296 5401 mino
2320 5362 2369 5402 ut
2397 5351 2546 5421 plena
2574 5353 2787 5404 devictio
2818 5354 2957 5420 ﬁeret
2984 5353 3196 5406 inimici.
3228 5355 3303 5407 lix
3329 5352 3481 5408 Joatt.
3510 5372 3618 5418 XIX,
3644 5358 3731 5412 50.

2159 5420 2446 5477 τετέλεστὰι
2478 5420 2689 5476 FABRIC.

2236 5498 2270 5567 ι.
2306 5491 2577 5567 Dominum
2636 5494 2930 5567 majestatis.
2975 5495 3151 5567 Κύριον
3181 5502 3270 5553 τῆς
3316 5493 3482 5557 δὸξης.
3536 5492 3732 5549 Confer

2159 5558 2420 5630 Alcimum
2453 5564 2665 5614 Avittttn
2700 5558 2858 5630 epist.
2892 5564 2944 5616 5.
2975 5558 3194 5617 ῐῗιιιιιιιρ.

2233 5628 2246 5673 l
2290 5628 2838 5710 Mot'luus‘quidrni....
2873 5633 3070 5710 Graj...
3104 5636 3400 5696 θανατωθεὶς
3431 5638 3521 5707 μὲν
3546 5638 3724 5710 σαρκὶ,

2160 5699 2476 5773 ζωρπριηθξίς
2500 5700 2552 5755 δέ
2577 5710 2647 5771 τῷ
2672 5706 2942 5773 πνεύματι.
2974 5701 3190 5773 FABtttc.

2233 5767 2257 5840 Li
2284 5768 2542 5836 Nobistjue
2559 5767 2674 5840 ju'm
2702 5767 2818 5823 ante
2848 5774 3073 5825 deuictis.
3108 5772 3392 5826 Vincendis
3415 5772 3588 5838 facile,
3617 5770 3719 5825 nisi

2163 5836 2327 5908 ipsius
2354 5852 2456 5909 ope
2478 5851 2532 5897 et
2559 5836 2760 5906 auxilio
2788 5840 3217 5899 delettderemur.
3248 5841 3467 5897 FABRIC.
