3922 6422
175 401 303 462 1203

1383 395 1592 453 LIBER
1629 396 1717 452 DE
1756 390 2170 456 HEBEBIBUS
2184 437 2196 450 .

3291 397 3431 455 4210

175 529 356 587 squam
397 528 427 568 a
476 511 726 570 Domino.
775 513 843 568 Et
891 523 915 552 τι
957 523 1064 570 tres
1113 514 1263 584 pueri
1311 512 1516 568 itidem.
1551 510 1579 550 δ
1622 511 1738 566 Alia
1767 517 1964 577 Acum
2015 511 2147 569 dicit
2199 513 2344 568 enim
2384 511 2658 584 faciamus,
2704 513 2971 582 promittit
3002 512 3269 568 iacturum
3327 527 3428 580 se,

172 608 341 678 itaque
365 614 448 662 est
475 613 640 670 terra,
668 621 787 673 qute
812 608 1051 662 continet
1079 609 1362 670 universa,
1414 613 1469 658 et
1513 603 1616 656 alia
1655 611 1738 658 est

172 711 284 768 quae
299 709 456 764 super
486 709 679 765 aquam
704 694 924 750 fundata
941 705 1056 762 est,
1081 697 1278 765 quippe
1308 696 1406 748 ista
1440 708 1560 763 qua:
1587 692 1739 747 habi-

171 793 306 841 tatur
326 799 356 838 a
386 771 568 851 nobis,
594 783 663 840 de
688 800 791 854 qua
816 786 892 839 ait
920 785 1188 855 Propheta
1223 802 1238 839 :
1266 785 1353 852 qui
1375 784 1609 854 fundasti
1629 791 1735 836 ler-

151 891 277 930 ‘rant
298 891 450 944 super
475 891 662 943 aquam
691 874 864 947 (Psal.
895 891 1081 944 cxxxt,
1114 876 1193 944 6).
1223 875 1338 930 Non
1378 877 1522 931 illam
1553 877 1736 945 utique

170 967 404 1037 primam.
435 967 454 998 ι
477 966 630 1023 Haric
658 968 841 1039 itaque
863 978 886 1009 ε
917 967 1165 1024 renovari
1192 977 1247 1023 et
1266 967 1478 1038 purgari
1511 981 1736 1022 necesse

168 1068 269 1122 est,
294 1054 322 1095 ἀ
344 1072 506 1128 quam
529 1059 586 1114 ei
611 1061 814 1115 moveri
836 1075 978 1130 saepe
991 1061 1364 1131 cognoscimus
1387 1068 1544 1113 terra:
1562 1070 1733 1124 motu,

167 1148 234 1205 de
259 1164 357 1224 qua
389 1149 464 1204 ait
489 1150 758 1207 Dominus
786 1169 799 1206 :
835 1161 860 1191 ο
883 1150 996 1224 Ego
1023 1153 1206 1218 faciam
1236 1167 1418 1206 novum
1444 1150 1657 1215 cretum,
1687 1159 1736 1204 et

169 1255 340 1295 noram
367 1249 559 1294 terram
582 1238 737 1312 (Isoi.
761 1257 886 1309 va,
912 1243 1021 1313 t7).
1047 1242 1324 1298 Etiterum
1349 1241 1604 1296 Dominus
1624 1241 1731 1294 ait:

172 1329 356 1386 Ctelum
379 1341 427 1386 et
454 1341 650 1387 terram
695 1335 952 1401 transire,
995 1333 1048 1388 in
1081 1332 1372 1404 Evangelio
1417 1331 1571 1403 (Luc.
1619 1347 1730 1398 xxI,

169 1421 275 1494 33).
307 1421 432 1478 llaec
463 1433 608 1478 terra
639 1425 819 1494 itaque
848 1422 1011 1480 veluti
1034 1424 1102 1480 de
1123 1425 1392 1480 radicibus
1419 1425 1560 1479 illius
1592 1425 1735 1494 prio-

171 1516 238 1570 ris
285 1515 630 1585 cognoscitur
690 1515 891 1572 habere
949 1516 1346 1582 substantiam,
1395 1531 1515 1586 quat
1573 1529 1734 1584 supra

169 1617 350 1675 aquam
377 1605 674 1662 subsistere
698 1605 848 1675 jussa
877 1615 982 1672 est,
1015 1621 1137 1675 quas
1176 1605 1196 1643 ι
1237 1607 1460 1676 copiose
1503 1606 1736 1662 humano

168 1694 345 1765 generi
373 1694 595 1751 exhibet
615 1696 897 1766 alimenta.
1352 1713 1358 1719 ·

359 1783 570 1841 XCVII.
615 1785 932 1843 HIERESIS
973 1787 1058 1842 DE
1095 1786 1377 1843 IMAGINE
1419 1785 1528 1842 DEI

557 1876 632 1937 ΙΝ
668 1876 986 1934 CORPORE
1022 1877 1328 1935 HUHANO.

229 1968 252 2005 -'
282 1975 307 2014 ε
340 1965 578 2022 Heresis
619 1976 704 2023 est
749 1961 998 2038 quoque,
1039 1983 1162 2039 quae
1205 1969 1338 2025 dicit
1373 1977 1498 2025 ante
1535 1986 1734 2040 corpus

164 2055 325 2112 fuisse
354 2056 593 2113 hominis
621 2057 840 2124 factum,
871 2074 977 2114 non
1005 2062 1238 2114 animam
1265 2077 1281 2126 ;
1310 2071 1364 2116 et
1393 2061 1536 2130 quod
1560 2063 1736 2132 imago

162 2143 253 2217 Dei
273 2160 471 2217 corpus
501 2147 598 2209 sit.
645 2162 752 2214 pon
796 2147 973 2203 anima
1009 2148 1283 2216 hominis;
1333 2162 1389 2206 et
1430 2154 1570 2220 quod
1601 2149 1628 2188 ιι
1653 2167 1739 2216 se-

161 2236 391 2293 cundum
422 2238 959 2308 prmdestinationem
986 2240 1187 2296 dixerit
1236 2243 1256 2273 ³
1284 2243 1356 2297 ita
1397 2244 1690 2298 arbitratur
1721 2286 1736 2311 ,

168 2327 183 2364 ί
213 2342 332 2383 cum
361 2328 510 2384 dicat
537 2328 814 2398 Scriptura
850 2347 864 2384 :
901 2330 968 2384 Et
996 2333 1117 2398 fecit
1150 2327 1312 2387 'Deus
1360 2335 1637 2400 hominem,
1668 2337 1736 2389 ad

161 2418 435 2490 imaginem
457 2435 606 2473 suam
633 2420 750 2488 fecit
775 2437 910 2485 eum,
941 2423 1221 2475 masculum
1260 2433 1310 2476 et
1349 2426 1591 2495 feminam
1617 2430 1735 2496 fecit

161 2525 242 2563 eos
263 2509 416 2582 (Gen.
450 2526 492 2576 t,
519 2509 633 2581 27).
666 2510 689 2542 ⁸
710 2509 996 2583 Ignorans,
1033 2513 1298 2584 Propheta
1333 2517 1459 2588 quid
1489 2520 1688 2577 dixerit
1719 2539 1733 2588 ;

1837 619 2069 674 cumque
2098 604 2227 659 dicit
2258 622 2270 658 :
2306 606 2426 676 fecit
2452 602 2612 669 Deus,
2660 605 2771 672 jam
2809 619 2944 674 opus
2971 605 3173 659 factum
3198 606 3424 662 demou-

1839 705 1993 760 strat,
2028 704 2084 751 et
2111 697 2308 752 factam
2337 712 2442 752 non
2467 712 2706 764 carnem,
2737 697 2831 752 sed
2875 698 3108 753 animam
3133 741 3148 764 ,
3181 715 3302 767 qua:
3333 715 3427 754 ra-

1839 790 2053 846 tionalis
2083 800 2166 847 est
2194 791 2508 847 declaravit.
2548 790 2682 845 Nam
2726 791 2876 861 quod
2915 807 3041 846 caro
3085 792 3202 846 sine
3246 793 3425 847 anima

1837 898 1946 938 non
1979 884 2149 952 possit
2179 883 2377 953 eloqui,
2413 899 2519 938 non
2544 892 2628 938 est
2655 882 2878 938 dubium
2908 900 2922 936 :
2953 897 3082 953 ergo
3111 898 3241 938 caro
3271 899 3422 954 orga-

1838 991 1964 1030 num
1991 977 2013 1008 ³
2043 977 2234 1030 animae
2283 984 2368 1032 est
2419 975 2721 1049 rationalis.
2767 976 3061 1031 Masculum
3099 988 3146 1033 et
3179 979 3422 1048 feminam

1837 1081 1959 1120 cum
1985 1066 2115 1120 dicit
2145 1067 2445 1134 Scriptura,
2480 1067 2494 1116 i
2532 1082 2636 1122 non
2669 1068 2752 1122 hic
2773 1082 3062 1137 corporum
3085 1083 3295 1131 sexum,
3324 1068 3421 1124 sed

1836 1160 2031 1214 animae
2074 1160 2434 1227 dominantis,
2489 1170 2544 1217 et
2592 1161 2922 1229 subiacentis
2976 1161 3216 1218 declarat
3278 1163 3418 1217 indi-

1837 1249 2000 1305 cium.
2035 1247 2058 1287 ι
2094 1251 2157 1305 Et
2181 1252 2322 1322 quod
2357 1267 2460 1305 non
2493 1267 2723 1322 corpora
2755 1253 2862 1307 sint
2892 1261 3022 1307 ante
3055 1253 3191 1307 facta
3231 1253 3420 1322 jacen-

1836 1342 1933 1406 tia,
1984 1342 2122 1396 sicut
2170 1341 2386 1411 quidam
2441 1343 2710 1397 aestimant
2756 1343 3146 1413 imprudentes.
3187 1361 3293 1398 non
3337 1355 3421 1400 est

1835 1428 2164 1500 ambiguum.
2196 1445 2314 1485 cum
2345 1445 2473 1485 caro
2519 1432 2669 1497 Adae,
2698 1447 2761 1485 ac
2793 1431 3035 1486 mulieris
3064 1441 3247 1500 postea
3277 1431 3415 1487 facta

1836 1523 1946 1586 sit;
1976 1538 2096 1600 nam
2123 1524 2352 1591 septimo
2381 1522 2468 1578 die
2494 1523 2625 1577 dicit
2672 1524 2949 1592 Seriptura
2995 1523 3064 1578 de
3103 1525 3271 1578 Adam
3298 1525 3368 1578 ita
3401 1543 3414 1577 :

1839 1611 1906 1666 Et
1930 1615 2127 1682 accepit
2159 1611 2412 1667 Dominus
2437 1610 2625 1666 terram
2652 1613 2716 1668 de
2743 1615 2885 1679 liuto,
2930 1624 2978 1667 et
3023 1614 3294 1682 plasmauit
3325 1613 3417 1666 ho-

1836 1705 2021 1758 minem
2043 1720 2191 1774 quem
2213 1707 2352 1775 fecit.
2384 1704 2710 1775 Vides‘ergo
2739 1703 3012 1774 quomodo
3069 1705 3270 1758 factum
3319 1704 3417 1759 lto-

1839 1797 2060 1860 minem,
2092 1796 2141 1849 id
2172 1810 2251 1851 εει
2279 1799 2512 1851 animam
2539 1807 2663 1852 ante
2697 1798 2930 1852 ostendit
2960 1796 3334 1852 rationabilem
3363 1805 3420 1852 et

1763 1903 1812 1962 Β
1839 1887 2199 1942 immortalem
2244 1902 2365 1943 esse
2403 1899 2637 1943 creatam
2681 1904 2710 1942 a
2760 1890 3019 1955 Domino,
3066 1905 3186 1958 qua:
3231 1888 3415 1959 utique

1839 1979 2013 2048 imago
2041 1978 2132 2032 Dei
2162 1988 2247 2032 est
2273 1980 2538 2048 appellata
2574 1998 2586 2033 :
2628 1990 2827 2035 terram
2868 1990 3047 2034 autem
3069 1979 3137 2034 de
3164 1979 3292 2033 limo
3322 1991 3417 2033 ac-

1838 2065 2047 2139 ceptrim
2074 2071 2380 2141 adjunctam
2430 2075 2643 2140 animat,
2671 2073 2720 2129 id
2749 2083 2829 2129 est
2868 2077 3197 2130 exteriorem
3237 2073 3418 2129 homi-

1801 2225 1805 2228 ί
1840 2176 1986 2229 nem,
2019 2178 2213 2231 corpus
2240 2163 2432 2235 fragile
2476 2165 2567 2220 die
2607 2165 2850 2236 sequenti
2884 2165 3250 2221 maniiestavit
3278 2163 3420 2233 plas-

1841 2253 2061 2318 mat'um,
2096 2255 2116 2285 ⁸
2136 2270 2199 2310 ac
2230 2257 2470 2311 immisso
2496 2272 2691 2326 sopore
2719 2259 2772 2312 in
2804 2256 2997 2322 Adam,
3027 2265 3322 2325 posteaque
3351 2252 3421 2307 de

1839 2354 1990 2396 costa
2016 2345 2130 2412 ejus
2157 2346 2430 2415 accepisse
2473 2346 2778 2409 Dominum,
2810 2357 2864 2400 et
2893 2347 3086 2400 iecisse
3133 2345 3416 2398 mulierem

1842 2434 2369 2504 Scripturatestatur
2421 2452 2485 2491 ac
2540 2438 2834 2507 praedicat:
2878 2449 2934 2492 et
2979 2445 3037 2491 ut
3074 2437 3304 2506 primum
3347 2433 3420 2488 sit

1851 2524 1868 2563 ι
1903 2526 2078 2581 anima
2104 2527 2267 2596 facta,
2302 2529 2354 2584 id
2391 2539 2474 2585 est
2503 2540 2656 2585 sexto
2687 2530 2809 2594 die;
2835 2531 2923 2586 die
2958 2540 3136 2586 autem
3162 2528 3417 2599 septimo,

995 2653 1147 2710 COD.
1189 2656 1306 2712 MS.
1343 2657 1690 2716 SANGERM.
1732 2661 2116 2721 LECTIONES
2155 2666 2572 2723 VARIANTES.

221 2765 240 2832 ξ
272 2763 396 2832 hanc
414 2766 585 2832 itaque
600 2769 826 2832 renovari
851 2780 906 2817 se
930 2771 1323 2830 cognoscimus...
1345 2769 1450 2832 Ego
1474 2770 1596 2823 facio

220 2824 241 2891 ἒ
273 2825 379 2891 μί’
405 2824 714 2891 est.“er
737 2841 849 2891 quae

222 2887 242 2919 ⁸
269 2885 461 2940 dixerit
483 2887 680 2939 Domini
704 2885 771 2940 ili
792 2892 1089 2942 arbitrantur

1902 2777 1926 2844 ξ
1959 2779 2267 2844 Ignorautes,
2291 2782 2589 2844 prOpheta...
2610 2780 2910 2830 rationabilis

1901 2840 1922 2871 ⁸
1955 2843 2126 2891 anima
2150 2850 2225 2891 est
2253 2840 2325 2892 rei
2344 2840 2642 2893 rationabilis

1902 2901 1923 2930 ⁸
1955 2913 2013 2950 ac
2033 2903 2104 2952 sic
2122 2905 2338 2954 immisso

1229 3022 1528 3079 FABRlCll
1568 3023 1660 3080 ET
1699 3025 2050 3084 GALEARDI
2087 3027 2318 3084 NOTAE.

231 3141 258 3172 ι
290 3132 416 3188 Tres
439 3136 596 3207 pueri
620 3135 819 3189 itidem.
856 3135 918 3190 lii
946 3135 1000 3190 in
1028 3133 1288 3207 Carmine
1320 3150 1418 3190 suo
1446 3135 1586 3207 inter
1617 3136 1752 3191 alias
1776 3134 1822 3196 C
1853 3155 1959 3202 ma,
1988 3155 2149 3203 neque
2175 3139 2310 3192 illud
2345 3141 2482 3207 quod
2507 3140 2697 3193 dictum
2727 3148 2821 3202 est,
2855 3140 3152 3194 masculum
3181 3149 3236 3194 et
3263 3139 3421 3194 femi-

163 3214 488 3274 rescreatas
526 3205 690 3259 etiam
716 3219 884 3274 aquas
938 3207 1179 3261 excitant
1229 3206 1292 3258 ad
1339 3207 1522 3260 laudes
1550 3205 1751 3261 Condi-

163 3273 296 3395 ioris
346 3272 736 3339 celebrandas,
765 3272 909 3329 iure.
947 3276 1034 3340 Η,
1068 3277 1342 3347 εὐλογεῖτε,
1370 3275 1537 3331 ὕδατα
1560 3280 1747 3334 πάντα.

210 3355 380 3395 nam.
569 3357 576 3363 '

210 3355 380 3396 nale.
569 3357 576 3363 '

233 3409 261 3449 δ
283 3411 404 3485 Alia
423 3422 692 3485 est_terra.
724 3412 802 3468 De
831 3412 931 3468 hac
957 3413 1153 3484 duplici
1185 3422 1324 3468 terra
1352 3413 1554 3469 dictum
1576 3416 1753 3485 capite

167 3483 472 3548 superiore.
509 3481 731 3539 Fssmc.‘
778 3489 783 3494 '
1033 3481 1047 3484 “
1193 3499 1199 3507 ·

237 3562 268 3624 °_
290 3549 555 3607 Renovari
601 3564 648 3608 et
689 3552 922 3624 purgari.
940 3553 1010 3624 in
1053 3555 1516 3609 consummatione
1542 3557 1746 3611 saeculi.

172 3619 302 3691 Vide
329 3637 451 3691 quas
474 3638 636 3688 supra
664 3619 906 3690 cap.'80.
937 3622 1153 3679 Fausto.
1519 3660 1530 3669 .

235 3689 261 3728 ἀ
285 3689 780 3763 ρρσπιῄριηιουεῖί.
804 3694 940 3748 Vide
966 3710 1084 3757 qna-
1112 3694 1176 3747 ad
1215 3709 1333 3763 cap.
1369 3694 1491 3749 102.
1528 3694 1747 3752 Fausto.

167 3830 207 3885 F
237 3770 260 3798 °
284 3760 455 3818 LXX.
482 3761 667 3821 Ἐσδται
689 3767 786 3842 γὰρ
817 3765 842 3822 ὁ
871 3768 1081 3842 οὐρανὸς
1111 3760 1385 3827 καινὸς-καὶ
1413 3768 1442 3824 ri
1474 3775 1538 3839 γῆ
1585 3773 1744 3827 καινή.

210 3847 384 3885 ABRIC.

210 3847 363 3888 ABRIC
373 3873 384 3885 .

240 3902 258 3940 ί
289 3903 536 3973 Copiose.
580 3904 718 3958 Male
746 3904 1012 3960 editiones
1055 3906 1323 3971 quzcdam,
1357 3905 1591 3973 Copioso.
1644 3906 1750 3958 ΕΑ-

168 3987 298 4029 ante.
333 3969 402 4012 4
431 3969 673 4043 Copiose.
705 3974 838 4029 Male
869 3975 920 4029 in
949 3969 1263 4031 quihusdam
1296 3969 1622 4026 editionibus
1654 3989 1751 4040 pro

166 4047 372 4112 capiose
393 4045 502 4112 legi
533 4045 738 4109 copioso
763 4053 940 4098 monet
961 4043 1257 4112 Fabricius,
1274 4057 1474 4112 Avertttn
1504 4058 1746 4112 numnam

169 4110 274 4166 sint
303 4110 582 4169 editiones
613 4117 726 4167 istas
753 4130 856 4168 non
887 4119 1127 4167 annotat.
1159 4110 1405 4164 Profecto
1429 4111 1750 4166 Basileensis

170 4184 336 4239 editio
361 4183 618 4240 Sichardi
670 4193 813 4238 recte
861 4183 1017 4237 habet
1048 4182 1250 4246 copiose
1271 4223 1284 4238 .
1314 4181 1554 4246 quamvis
1585 4190 1638 4234 ct
1662 4199 1748 4235 co-

169 4255 320 4325 pioso
344 4256 451 4325 legi
500 4254 666 4318 possit
689 4270 793 4307 non
823 4255 1042 4325 omnino
1071 4250 1230 4325 male.
1260 4249 1548 4325 (ἱᾼωεᾼιιι).Δ
1681 4256 1713 4325 μ’

239 4334 265 4373 s
295 4319 533 4379 Rari-esis
562 4335 631 4376 est
661 4338 893 4391 quoque.‘
915 4321 1132 4391 Auctori
1177 4319 1550 4374 Prmdestinati
1584 4335 1642 4373 c.‘
1680 4321 1747 4376 76

167 4407 436 4449 vocantur
466 4392 920 4455 Homuncionitte,
979 4406 1162 4456 parum
1210 4404 1334 4458 apto
1385 4391 1665 4455 vocabulo,
1694 4401 1749 4445 et

163 4477 270 4532 quo
298 4464 366 4516 ah
393 4463 521 4532 aliis
543 4470 755 4532 constat
805 4474 924 4514 esse
973 4459 1168 4532 dictos.
1215 4463 1303 4532 qui
1348 4459 1619 4532 Chrismrn
1649 4476 1743 4528 pro

167 4510 571 4588 aestaset;
595 4510 921 4594 ttionemn};
940 4510 1020 4583 uti
1040 4510 1659 4584 'a..’castris:"uestiit
1686 4510 1823 4586 eI‘D

166 4603 491 4672 Serapionis
546 4601 723 4672 statim
769 4601 868 4654 sub
893 4599 1098 4653 initium
1145 4599 1313 4672 iidem
1347 4601 1601 4655 dicuntur
1634 4601 1744 4656 Ηο-

165 4669 545 4728 muncionates.
569 4671 797 4726 Danteus
818 4672 1206 4741 quidemnotat
1223 4671 1277 4741 Vin
1302 4669 1476 4725 iudice
1498 4675 1585 4740 qui
1610 4688 1746 4740 prae-

166 4743 302 4799 llxus
324 4755 416 4800 est
451 4743 593 4796 lihro
612 4739 891 4808 Augustini
920 4740 986 4794 de
1011 4739 1317 4794 ila-resibus
1355 4744 1449 4794 hos
1474 4739 1744 4797 Philastrii

167 4814 460 4868 hmreticos
489 4809 787 4865 Helitonios
815 4811 1091 4880 appellari.
1117 4811 1220 4880 Sed
1255 4811 1305 4863 in
1335 4810 1510 4866 iudice
1532 4813 1742 4880 qualem

165 4892 296 4937 toni.
325 4882 391 4935 Vl
430 4895 661 4948 operum
687 4879 964 4947 Augustini
985 4879 1319 4944 autelihrutn
1339 4883 1404 4936 de
1439 4879 1745 4936 Hmresihus

164 4953 460 5007 ediderunt
508 4948 857 5014 Benetlictini,
906 4949 1049 5002 nulla
1094 4950 1485 5006 Melituniorunt
1520 4953 1742 5015 mentio,

163 5031 217 5074 ct
244 5031 460 5076 tantum
499 5019 645 5086 legas
677 5036 691 5072 :
722 5015 1006 5085 Imaginem
1038 5018 1132 5073 Dei
1159 5037 1260 5074 non
1287 5039 1392 5075 esse
1419 5025 1641 5075 animum
1667 5023 1748 5074 di-

125 5119 132 5126 -
165 5102 356 5145 centes.
408 5090 732 5149 FABRIC._—
756 5087 984 5161 Ha’resis
1016 5099 1089 5142 est
1117 5107 1330 5161 quoque.
1383 5092 1577 5145 “allllll
1620 5092 1745 5146 Phi-

165 5163 388 5216 lastrius
421 5162 476 5214 in
516 5162 613 5213 hac
662 5160 965 5224 sententia,
1017 5176 1118 5227 qua
1175 5160 1406 5215 animam
1460 5162 1745 5214 humanam

167 5243 290 5286 ante
315 5243 534 5298 corpus
564 5229 729 5283 fuisse
755 5230 1027 5283 conditam
1051 5230 1409 5294 existimavit,
1461 5233 1638 5297 plures
1681 5246 1747 5284 ex

167 5301 428 5357 Patrihus
487 5298 592 5352 sibi
639 5304 1056 5367 consentientes,
1087 5301 1232 5355 inter
1257 5319 1392 5369 quos
1427 5301 1751 5369 Augustinus

166 5388 236 5426 vn
265 5372 336 5426 de
367 5369 605 5432 Genesi,
661 5371 726 5423 ad
775 5371 875 5424 litt.
917 5369 1007 5435 ει,
1042 5374 1153 5424 ha~c
1185 5368 1342 5425 habet
1379 5389 1391 5422 :
1449 5368 1591 5422 illud
1629 5385 1751 5441 ergo

167 5443 461 5508 rideamus,
526 5450 693 5492 utrum
748 5441 964 5509 forsitan
1031 5457 1204 5493 verum
1232 5457 1352 5494 esse
1392 5441 1753 5509 possit,_quod

165 5507 298 5567 certe
320 5513 575 5566 humanas
597 5507 825 5579 Opinioni
847 5511 1162 5565 tolerabilius
1185 5511 1309 5562 mihi
1335 5511 1546 5571 videtur,
1586 5507 1753 5562 Deum

165 5585 215 5635 in
244 5584 353 5636 illis
378 5579 572 5652 primis
613 5581 847 5645 aperibns
867 5596 983 5652 qua
1001 5581 1157 5635 simul
1191 5582 1361 5632 omnia
1404 5579 1614 5642 creavit,
1643 5582 1757 5633 ani-

165 5671 301 5706 mam
320 5648 486 5706 etiam
512 5648 787 5702 humanam
815 5648 1028 5714 creasse,
1052 5666 1206 5718 quam
1240 5666 1331 5702 suo
1353 5659 1574 5717 tempore
1602 5667 1757 5703 mem-

167 5727 271 5779 bris
296 5740 363 5790 ca:
389 5723 537 5791 litua
556 5720 776 5791 ltumuti
804 5719 1034 5791 corporis
1071 5720 1384 5791 inspiraret;
1428 5736 1545 5791 nam
1577 5736 1758 5791 neque

167 5794 300 5849 illud
325 5787 477 5863 quod
503 5788 694 5846 dictum
716 5784 787 5843 est
810 5783 875 5845 ἑά
893 5783 1192 5858 ’ἰηωὲιιιειὶι
1240 5784 1410 5855 stium,
1442 5789 1542 5844 nisi
1567 5790 1618 5844 in
1643 5783 1753 5844 uiti-

1855 3225 2005 3282 natn,
2025 3211 2125 3282 nisi
2151 3213 2204 3282 in
2230 3226 2440 3282 corpore
2459 3220 2592 3264 recte
2614 3211 2969 3282 intelligimus.
2995 3208 3251 3282 Credetur
3276 3227 3417 3278 ergo,

1851 3280 1896 3331 si
1915 3280 2060 3349 nulla
2083 3279 2469 3349 ‘Scripturarum
2485 3281 2782 3342 auctoritas,
2801 3296 2888 3332 seu
2908 3279 3133 3333 veritatis
3153 3279 3285 3332 ratio
3299 3296 3422 3332 con-

1851 3348 2078 3420 tradicit,
2113 3348 2366 3402 hominem
2422 3353 2493 3402 ita
2545 3353 2730 3418 factum
2784 3351 3080 3420 sextordie,
3115 3361 3169 3402 ut
3196 3349 3423 3420 corporis

1851 3418 2051 3486 quidem
2101 3419 2310 3471 humani
2363 3421 2496 3472 ratio
2525 3420 2750 3472 causalis
2798 3421 2850 3470 in
2910 3419 3166 3476 clementis
3213 3417 3416 3483 mundi,

1851 3487 2022 3540 anima
2046 3503 2163 3541 vero
2185 3492 2290 3549 iam
2315 3489 2428 3556 ipsa
2457 3498 2736 3550 crearetur,
2773 3489 2901 3539 sicut
2927 3489 3159 3556 primitus
3185 3488 3418 3540 conditus

1851 3567 1925 3610 est
1945 3560 2088 3622 dies;
2113 3567 2160 3611 et
2189 3555 2358 3612 creata
2395 3560 2568 3612 lateret
2593 3559 2646 3609 in
2674 3557 2907 3626 operibus
2937 3555 3051 3620 Dei,
3098 3558 3256 3609 donec
3303 3571 3414 3608 eam

1849 3642 1942 3680 suo
1966 3636 2186 3695 tempore
2206 3629 2488 3696 sui/laudo,
2520 3629 2614 3696 hoc
2637 3637 2714 3679 est
2744 3626 3065 3696 inspirando,
3110 3629 3328 3696 formato
3353 3641 3418 3696 ea:

1852 3695 1972 3750 limo
2002 3693 2206 3765 corpori
2229 3693 2490 3750 insereret.
2527 3695 2618 3748 His
2645 3694 2844 3749 similia
2906 3697 3065 3748 tradit
3103 3693 3414 3765 illilariusin

1853 3781 1936 3834 ps.
1962 3763 2142 3829 cxxtx,
2174 3765 2464 3830 Gregorius
2493 3767 2673 3837 Nyssa‘.
2700 3765 2984 3832 episcopus
3025 3780 3063 3837 ll_
3100 3763 3414 3837 Philosoplt.

1853 3833 1906 3899 6,
1936 3839 2154 3904 aliique,
2184 3839 2378 3904 quibus
2407 3833 2704 3903 refragatur
2729 3838 3020 3889 auctoritas
3044 3833 3240 3888 Leonis
3271 3833 3420 3902 papa:

1852 3906 1872 3958 1
1902 3907 2040 3972 apud
2076 3906 2214 3960 Sixt.
2245 3907 2368 3959 Son.
2403 3907 2545 3959 Bibl.
2571 3909 2782 3958 Sancum
2810 3918 2993 3958 aunot.
3021 3904 3124 3958 208
3152 3917 3415 3967 enttreuia,

1854 3975 1940 4026 tibi
1986 3984 2306 4042 sententiam
2355 3973 2595 4041 Gregorii
2657 3974 2883 4040 Nysseui
2937 3987 3035 4042 ceu
3084 3973 3414 4040 Platonicum

1856 4041 2164 4110 ﬁgmentum
2194 4043 2446 4111 sugillat;
2479 4055 2558 4094 ast
2581 4057 2697 4096 eam
2731 4053 2879 4111 extra
2907 4041 3304 4111 l’latouiCuruni
3332 4057 3418 4094 cr-

1851 4108 2007 4166 rores
2042 4108 2408 4167 collocandam
2440 4127 2558 4165 csse
2585 4113 2790 4164 [ιιοεηιίι
2821 4108 3122 4164 Cotelcrius
3147 4109 3210 4162 ad
3240 4109 3414 4165 Reco-

1849 4184 1981 4251 guit.
2008 4182 2176 4236 Clem.
2204 4200 2253 4248 p.
2284 4181 2409 4235 495.
2437 4182 2716 4246 GALEARD.

1925 4249 1950 4287 δ
1981 4253 2270 4306 Secundum
2292 4253 2801 4318 prmdestimitioucm.
2829 4251 2987 4314 Quasi
3014 4250 3188 4302 Moses
3209 4258 3414 4303 tantum

1851 4322 2136 4376 consilium
2170 4322 2263 4376 Dei
2285 4325 2616 4389 exposuerit,
2643 4335 2803 4389 atque
2831 4319 2994 4374 verba
3030 4329 3080 4373 et
3101 4322 3220 4390 fecit
3255 4319 3416 4381 Deus,
3474 4330 3476 4332 '

1853 4407 1957 4446 non
1985 4394 2235 4446 denotcnt
2266 4393 2390 4461 quid
2421 4393 2628 4455 fecerit,
2654 4394 2745 4444 sed
2777 4391 2900 4461 quid
2935 4392 3109 4444 lacere
3140 4390 3419 4460 pra-desti-

1850 4464 2077 4516 naverit.
2113 4462 2328 4517 FABRIC.
2911 4482 2914 4484 ν

1926 4532 1940 4569 ί
1973 4531 2097 4588 Cum
2130 4535 2283 4588 dicat.
2311 4533 2486 4588 Malim
2513 4533 2690 4601 legere
2719 4549 2833 4586 cum
2859 4532 3000 4584 dicit.
3059 4531 3192 4595 Quia
3239 4541 3416 4584 tamen

1845 4613 1900 4658 et
1923 4605 2149 4658 alterum
2181 4605 2307 4657 ferri
2342 4614 2536 4669 potest,
2567 4602 2988 4671 repugnantibus
3021 4601 3172 4654 l.bris
3210 4609 3421 4653 mutare

1848 4673 1978 4727 nihil
2008 4674 2168 4727 volui.
2208 4674 2424 4727 Fsunrc.

1921 4744 1935 4793 i
1965 4742 2085 4796 Non
2109 4745 2192 4795 hic
2211 4758 2481 4803 corporum
2502 4757 2692 4793 sexum.
2723 4740 2928 4804 Paucos
2947 4737 3046 4788 sibi
3074 4736 3172 4789 hac
3191 4739 3243 4790 in
3264 4749 3418 4806 parte

1847 4813 2207 4867 assenticutcs
2238 4812 2558 4865 l’hilastrius
2583 4809 2820 4863 habebit.
2851 4807 3082 4861 FAsntc.

1918 4880 1944 4919 κ
2004 4881 2068 4935 Et
2110 4883 2245 4948 quod
2289 4899 2387 4932 non
2422 4896 2637 4944 corpora
2675 4879 2774 4932 sitit
2829 4888 2946 4930 ante
2986 4877 3119 4944 facta
3160 4878 3412 4947 jacentia.

1847 4931 2048 5020 Aperte
2072 4931 2262 5004 faisum
2296 4966 2416 5004 esse
2446 4931 2586 5018 quod
2627 4948 2727 5003 hoc
2756 4951 2882 5020 loco
2912 4931 3248 5020 Philamrius
3298 4961 3416 5020 pcr-

1850 5015 2040 5085 tc'ndit,
2075 5037 2178 5074 non
2208 5022 2416 5074 dubitat
2443 5015 2711 5073 atliruiare
2743 5019 3024 5077 Petavius,
3073 5032 3227 5083 quem
3260 5015 3412 5068 vide-

1849 5092 1926 5146 sis
1957 5091 2096 5144 libro
2121 5106 2156 5144 ιι
2191 5093 2501 5158 Dogntalttnt
2521 5090 2710 5144 Theol.
2739 5089 2807 5144 de
2829 5086 3046 5157 upilit-io
3073 5100 3164 5140 scx
3202 5086 3411 5140 dierum

1847 5177 1968 5235 cap.
2000 5160 2055 5235 ᾧ.
2088 5161 2114 5232 §
2148 5162 2229 5216 16.
2264 5161 2478 5235 Fannio.
2968 5228 2987 5235 _
3195 5227 3206 5235 ,

1926 5231 1943 5270 1
1978 5228 2160 5285 Anima
2187 5244 2328 5284 sexto
2355 5234 2456 5293 die,
2485 5235 2698 5295 septimo
2731 5246 2934 5297 corpus.
2968 5228 3160 5280 ltrrum
3195 5228 3418 5278 iterum—

1852 5317 1954 5369 que
1983 5302 2084 5366 hoc
2115 5303 2291 5368 capite
2336 5301 2655 5355 Philastrius
2687 5302 2877 5368 ingerit
2913 5299 3219 5369 opinionem
3262 5309 3413 5346 suam

1855 5365 2221 5426 incredibilem
2253 5383 2305 5424 et
2337 5369 2655 5425 contrariam
2685 5365 2955 5422 communi
2984 5365 3286 5424 sentcntim,
3319 5381 3416 5417 nct-

1855 5444 2031 5494 minus
2062 5442 2340 5494 adversarii
2367 5442 2502 5494 sacri
2533 5440 2825 5507 Scriptoris
2852 5437 3029 5489 verbis
3055 5436 3296 5507 dist-riis,
3329 5439 3420 5497 qui

1856 5511 2020 5564 Deum
2051 5512 2139 5565 die
2165 5512 2392 5580 St‘ptitno
2421 5509 2548 5563 nihil
2582 5506 2819 5580 creasse,
2872 5509 2966 5559 scd
3018 5506 3197 5580 omnia
3254 5521 3420 5580 opcra

1855 5596 1948 5634 sua
1979 5577 2276 5634 abSolvi~se
2303 5583 2389 5634 die
2417 5587 2587 5644 sexta,
2616 5577 2838 5644 septima
2870 5587 3048 5628 autem
3079 5578 3146 5627 ab
3171 5577 3423 5630 omnibus

1856 5652 2112 5720 operibus
2137 5651 2252 5705 Suis
2281 5655 2550 5720 quievisse
2580 5649 2764 5702 scribit
2795 5647 2994 5720 Grues.
3027 5662 3086 5706 ll,
3110 5646 3164 5720 2.
3202 5647 3426 5720 Atquo-

1858 5716 1999 5774 niam
2027 5719 2232 5775 Cenes.
2273 5716 2332 5782 ti,
2372 5721 2425 5784 7,
2473 5720 2733 5788 sequitur
2764 5722 2867 5788 imi
2896 5716 3111 5773 ἔπλασεν
3141 5717 3166 5772 ὁ
3197 5719 3321 5779 Θεὸς
3344 5723 3432 5774 τὸν

1860 5788 2112 5857 ἄνθρωπον
2144 5797 2273 5857 χοῦν
2303 5791 2404 5847 ἀπὸ
2434 5787 2524 5849 τῆς
2560 5787 2687 5861 γῆς,
2724 5787 2845 5841 hinc
2897 5788 3026 5842 illud
3070 5789 3156 5844 dic
3201 5789 3432 5860 septimo
