4848 6400
953 375 1085 431 1219

2226 367 2469 428 sanan
2509 333 2893 425 pntnasrnn

4052 338 4190 424 i220

944 504 1041 558 per
1067 487 1324 558 Spiritum
1351 492 1595 540 sanetum
1628 484 1746 539 sine
1775 481 2009 553 quodam
2034 481 2218 538 labore
2244 482 2512 538 credenti-
2537 494 2592 555 Α
2615 472 2888 536 subtracta
2915 488 2994 535 est
3028 478 3137 535 illis
3171 488 3193 517 ο
3224 477 3447 536 scientia
3475 476 3575 533 ista
3595 469 3868 543 caelestis,
3894 478 3946 533 id
3972 487 4055 534 est
4086 480 4193 533 Iin-

946 581 1046 635 bus
1080 579 1413 643 conferebat,
1449 578 1589 632 sicut
1619 578 1880 646 scriptum
1913 585 1997 631 est
2027 577 2078 630 itt
2118 575 2336 632 Actibus
2375 576 2521 645 Apo-

945 674 1226 727 stolorum.
1271 670 1541 740 Angeliczn
1583 670 1728 734 enim
1770 668 1988 724 virtutis
2017 679 2100 723 est
2138 668 2345 739 linguas
2378 669 2521 724 scire

940 766 1177 818 omnium
1225 762 1536 824 hominum;
1580 775 1675 829 per
1718 759 1876 815 Iidem
1919 767 2098 814 autem
2142 760 2366 823 Christi,
2401 759 2518 814 sine

943 856 1130 909 labore
1157 854 1462 923 linguarum
1491 854 1731 906 omnium
1763 851 2114 907 credentibus
2141 851 2517 921 subministras

942 954 1029 999 tur
1068 945 1316 1009 scientia;
1363 944 1500 998 sicut
1540 943 1768 1014 legimus
1802 942 2033 998 docente
2067 942 2252 998 divino
2287 943 2510 1014 Spiritu,

929 1035 1235 1105 Apostolos,
1264 1042 1427 1104 atque
1455 1045 1642 1103 gentes
1670 1034 1853 1088 itidem
1888 1036 2173 1090 credentes
2204 1046 2327 1089 tunc
2355 1044 2492 1090 lem-

936 1130 1083 1197 poris
1105 1125 1161 1180 in
1185 1122 1464 1180 Christum
1492 1125 1775 1179 Dominum
1799 1125 2161 1193 Salvatorem,
2188 1127 2306 1182 sine
2332 1127 2517 1183 labore

938 1215 1238 1285 linguarum
1268 1216 1510 1271 omnium
1548 1215 1800 1295 donatam
1840 1216 2121 1271 scientiam
2161 1216 2514 1286 pradicasse;

937 1317 993 1360 ut
1041 1306 1140 1360 sub
1181 1305 1346 1361 Petro
1385 1318 1436 1361 et
1486 1306 1669 1371 Paulo,
1702 1316 1756 1361 et
1795 1306 1919 1360 aliis
1958 1307 1976 1337 ί
2015 1304 2215 1361 laetum
2254 1316 2357 1374 est,
2389 1323 2512 1363 cum

936 1394 1195 1449 docerent
1238 1404 1448 1466 gentes,
1492 1386 1707 1450 venisse
1748 1395 2009 1464 Spiritum
2062 1396 2156 1452 Dei
2203 1412 2233 1451 a
2287 1399 2418 1464 Deo,
2459 1406 2515 1453 et

932 1485 1133 1555 linguis
1164 1487 1348 1541 multis
1384 1500 1479 1541 eos
1514 1487 1758 1556 potuisse
1787 1487 1990 1557 eloqui,
2025 1496 2081 1541 ut
2108 1487 2390 1543 audientes
2419 1488 2515 1543 ho-

937 1578 1111 1631 mines
1159 1577 1489 1630 mirarentur
1528 1577 1595 1631 de
1633 1578 1908 1646 gentibus,
1931 1578 2073 1647 quod
2106 1589 2373 1633 tantarum
2404 1580 2510 1633 Iin-

932 1680 1157 1737 gnarum
1189 1676 1241 1720 et
1262 1666 1362 1733 ipsi
1392 1681 1483 1735 per
1510 1666 1668 1720 ﬁdem
1691 1667 1918 1732 Christi,
1943 1667 2226 1722 scientiam
2253 1669 2514 1723 haberent

932 1758 1051 1813 sine
1081 1756 1326 1810 doctrina
1358 1770 1699 1811 concessam.

1099 1847 1207 1901 CV.
1253 1846 1564 1903 ll/ERESIS
1602 1846 1692 1901 DE
1734 1845 1988 1902 NOMINE
2029 1846 2331 1905 LINGU/E.

1004 1941 1121 1995 Alia
1146 1949 1226 1995 est
1251 1940 1497 2002 hmresis,
1527 1956 1647 2010 quae
1674 1941 1806 1995 dicit
1837 1952 1859 1976 ιι
1891 1956 2087 1996 nomen
2115 1942 2314 2013 lingua:
2338 1943 2407 1999 de
2426 1943 2517 1999 Ju-

933 2030 1066 2085 dteis
1098 2033 1326 2099 primum
1360 2018 1712 2101 processisse,
1741 2031 1833 2085 alii
1863 2032 1930 2087 de
1952 2032 2202 2104 Paganis,
2226 2048 2347 2089 cum
2377 2036 2515 2089 utri-

935 2138 1037 2190 que
1067 2122 1138 2177 ita
1162 2122 1265 2178 hoc
1290 2124 1587 2178 sentientes
1617 2138 1805 2177 errore
1835 2137 1940 2176 non
1975 2138 2138 2191 parvo
2161 2124 2369 2193 decepti
2386 2125 2513 2178 sint.

940 2210 1113 2266 Homo
1164 2214 1310 2267 enim
1342 2212 1514 2266 factus
1543 2212 1776 2266 rationis
1809 2213 2080 2281 particeps
2111 2212 2241 2277 fuit;
2272 2215 2359 2282 qui
2388 2229 2518 2284 ergo

830 2332 839 2337 -
936 2301 1258 2372 loquebatur
1284 2302 1518 2366 ratione,
1542 2301 1570 2340 ι)
1593 2303 1866 2371 quomodo
1895 2303 2122 2356 rationis
2141 2313 2259 2357 erat
2287 2303 2519 2358 alienus?

928 2393 1056 2448 Plus
1084 2408 1213 2463 ergo
1240 2394 1389 2461 prius
1431 2402 1515 2448 est
1567 2394 1796 2447 rationis
1825 2408 1948 2448 esse
1973 2395 2314 2464 participem,
2342 2401 2397 2448 et
2425 2409 2513 2449 ra-

937 2484 1248 2541 tionabilem
1301 2483 1431 2551 dici,
1481 2499 1638 2553 quam
1671 2500 1865 2539 nomen
1888 2485 2125 2552 Speciale
2149 2492 2203 2540 et
2228 2485 2396 2539 locale
2421 2484 2515 2540 lia-

932 2576 1061 2631 bere
1092 2575 1321 2645 alicujus
1354 2576 1571 2643 linguai,
1598 2584 1763 2644 atque
1791 2590 1855 2629 ex
1886 2575 2101 2629 nomine
2134 2575 2364 2631 hominis
2390 2590 2513 2645 pos-

930 2666 1109 2721 sidere
1161 2664 1399 2735 aliquid;
1429 2664 1497 2718 ab
1529 2664 1699 2719 Adam
1734 2667 1881 2720 enim
1918 2676 1939 2704 ε
1975 2680 2145 2736 usque
2187 2665 2365 2721 Heber
2404 2667 2512 2720 duo

934 2756 1103 2810 millia
1151 2765 1206 2810 et
1244 2756 1569 2825 septingenti
1630 2756 1755 2809 anni
1810 2758 2158 2812 transierunt.
2213 2757 2340 2811 Erat
2389 2772 2516 2827 ergo

928 2845 1173 2902 “nomen
1234 2847 1452 2917 Lingua:
1498 2849 1737 2901 omnium
1790 2849 2069 2903 hominum
2102 2866 2295 2914 unum,
2331 2860 2385 2905 et
2409 2866 2513 2903 una

928 2937 1131 3006 lingua.
1155 2938 1226 2991 Ex
1252 2951 1358 3006 quo
1384 2947 1564 2992 autem
1584 2946 1771 2992 contra
1803 2939 2511 3009 Dominumcogitaverunt,

2618 587 2843 645 gnarum
2886 573 3125 628 omnium
3178 570 3458 643 prudentia
3487 580 3542 625 et
3588 570 3877 641 sapientia.
3912 570 3980 626 Et
4011 570 4195 626 [leber

2618 664 2838 735 quidem
2865 674 3107 727 sanctus,
3133 663 3222 736 qui
3244 660 3615 717 nandiseessit
3646 675 3678 714 a
3700 661 3811 716 Deo
3843 658 3861 699 τ
3890 661 4191 717 secundum

2622 768 2816 810 nomen
2851 755 3043 825 ipsius,
3075 755 3223 809 Dius
3250 754 3420 809 voluit
3450 768 3617 823 genus
3645 752 3764 823 ejus
3788 753 4055 823 pullulare
4081 767 4199 808 am-

2620 848 2782 918 plius.
2811 847 2913 901 hoc
2943 862 3159 918 quoque
3189 830 3407 901 nomine
3438 847 3671 916 primum
3720 848 3781 901 in
3821 847 4023 902 saeculo
4056 862 4197 901 nun-

2616 938 2829 1007 cupari,
2861 945 2921 992 ut
2948 947 2971 985 ε
2998 936 3065 991 ab
3096 936 3293 1004 lleber,
3323 938 3414 1006 qui
3444 949 3550 991 non
3578 943 3935 991 consenserat
3958 937 4196 993 aediﬁca-

2617 1029 2748 1084 tioni
2796 1030 2959 1084 turris
3006 1028 3409 1094 rebeliantium,
3442 1027 3665 1087 Hebraei
3709 1029 3929 1083 nomine
3952 1028 4196 1098 appella-

2617 1128 2824 1175 rentur.
2845 1118 3002 1174 Prior
3027 1120 3204 1189 itaque
3233 1134 3339 1174 non
3358 1119 3533 1179 solum
3546 1115 3797 1189 Pagattis,
3819 1134 4001 1174 verum
4027 1121 4193 1175 etiam

2615 1220 2669 1265 et
2692 1210 2918 1272 ludatis,
2951 1209 3005 1265 id
3034 1221 3120 1265 est
3147 1209 3173 1247 ιι
3200 1224 3327 1266 ante
3380 1215 3757 1283 septingentos
3791 1227 3966 1267 annos
4016 1212 4198 1267 lleber

2616 1300 2783 1358 fuisse
2800 1302 3145 1373 cognoscitur
3166 1302 3522 1373 iustissimus,
3555 1304 3646 1372 qui
3679 1302 3732 1357 in
3757 1302 4046 1357 Dominum
4074 1316 4190 1357 cre-

2614 1396 2771 1460 dens,
2799 1402 2854 1451 et
2876 1410 2905 1448 a
2937 1383 3319 1461 conjuratione
3363 1395 3763 1449 sceleratorum
3796 1391 4075 1447 hominum
4109 1407 4198 1445 sc-

2616 1497 2855 1556 paratus,
2888 1487 2970 1541 sui
3029 1486 3261 1543 nominis
3293 1488 3520 1556 primam
3570 1486 3708 1540 hanc
3736 1499 3765 1541 a
3796 1484 4027 1540 Domino
4057 1483 4197 1539 nun-

2615 1577 2960 1647 eupationem
3006 1574 3203 1631 meruit
3257 1576 3562 1645 impetrare.
3596 1574 3755 1630 Unde
3785 1584 3839 1630 et
3872 1582 4044 1644 μοι-ιω
4073 1575 4195 1629 vani

2623 1664 2636 1701 ί
2675 1666 3090 1720 aediﬁcationem
3141 1665 3287 1718 illam
3315 1665 3381 1718 ad
3409 1679 3505 1717 sua
3538 1664 3822 1718 mendacia
3856 1663 4193 1719 transferen-

2618 1768 2724 1821 tes,
2756 1757 3001 1826 gigantes
3052 1754 3375 1819 docuerunt,
3408 1766 3421 1804 ι
3456 1754 3680 1809 Aloidas
3707 1753 3834 1808 illos
3863 1754 4196 1809 rebellantes

2542 1822 2590 1882 Β
2616 1849 2917 1904 ascendere
2951 1847 3183 1903 voluisse
3214 1848 3264 1902 in
3292 1848 3483 1902 coelum
3498 1862 3595 1917 per
3618 1844 4017 1915 impositioncm
4039 1861 4194 1899 mon-

2621 1941 2776 2004 tium,
2797 1951 2958 2011 atque
2985 1941 3109 1995 inde
3138 1954 3233 1995 eos
3259 1938 3427 1994 fuisse
3454 1939 3757 1993 damnatos.
3789 1937 4031 2004 Quorum
4054 1937 4195 1993 dell-

2628 2041 2873 2087 ramenta
2907 2047 3013 2085 non
3053 2031 3326 2095 latuerunt
3377 2028 3609 2100 amplius
3639 2029 3924 2084 scientiam
3952 2044 4016 2084 ac
4042 2031 4193 2099 peri-

2622 2124 2752 2178 tiam
2782 2121 3161 2177 Christianam.

2659 2212 2792 2268 CVI.
2834 2211 3148 2268 HERESIS
3187 2212 3273 2266 DE
3311 2210 3512 2269 ANNIS
3550 2209 3822 2267 CHRISTI
3861 2210 3953 2267 ET
3991 2210 4160 2267 ΤΕΜ-

3117 2303 3294 2358 PORE
3334 2302 3696 2359 DUBITANS.

2690 2396 2804 2451 Alia
2833 2406 2914 2449 est
2947 2394 3169 2450 lueresis
3192 2396 3215 2431 κ
3242 2394 3309 2449 de
3352 2409 3493 2448 anno
3522 2394 3841 2447 annuntiato
3891 2392 4193 2463 ambigens,

2617 2489 2759 2558 quod
2783 2489 2858 2542 ait
2889 2487 3146 2558 propheta
3161 2487 3324 2556 Isaias
3356 2504 3367 2539 :
3394 2484 3412 2524 ι
3438 2488 3760 2541 Annttnliure
3778 2485 3970 2540 annum
3994 2484 4090 2541 Dei
4109 2503 4197 2540 ac-

2586 2623 2594 2631 .
2617 2580 2912 2648 ceptabilsm
2932 2621 2947 2644 ,
2974 2590 3021 2634 et
3043 2580 3176 2633 diem
3198 2579 3538 2633 retributionis
3561 2577 3716 2651 (Isai.
3745 2594 3854 2644 ut,
3877 2576 3958 2647 2).
3998 2579 4198 2633 Putant

2618 2682 2752 2738 ergo
2782 2668 3022 2738 quidam,
3042 2668 3184 2739 quod
3213 2683 3279 2723 ex
3307 2682 3414 2735 quo
3438 2669 3583 2723 venit
3615 2667 3893 2730 Dominus,
3926 2683 4101 2738 usque
4127 2668 4196 2723 ad

2620 2760 3381 2826 consummationemsa'culi,
3414 2775 3519 2813 non
3552 2759 3669 2828 plus
3691 2774 3794 2815 nec
3843 2761 4024 2819 minus
4076 2760 4196 2816 ﬁeri

2616 2860 2879 2905 annorum
2934 2865 3215 2905 numerum
3273 2850 3373 2905 nisi
3408 2860 3445 2887 ω
3487 2859 3849 2906 trecentorum
3913 2852 4194 2922 sexaginta

2614 2943 2872 3013 quinque,
2936 2958 3107 3014 usque
3149 2944 3215 2997 ad
3268 2943 3467 2999 Christi
3500 2943 3711 2999 Domini
3737 2944 3934 3000 iterum
3966 2944 4034 3000 de
4055 2946 4197 3001 coelo

1774 3090 1929 3145 COD.
1973 3094 2085 3147 MS.
2126 3092 2474 3149 SANGERM.
2516 3092 2900 3155 LECTIONES
2938 3099 3339 3162 VARIANTES.

991 3202 1003 3231 ³
1043 3199 1216 3251 factum
1240 3207 1318 3253 est
1340 3209 1393 3253 ut
1410 3204 1649 3254 docerent
1667 3203 1854 3254 Gentes
1874 3206 2064 3255 venisse
2084 3204 2325 3257 Christum
2346 3207 2437 3258 Dei

2022 3356 2316 3415 FABRICII
2352 3361 2443 3445 ⁷ΕΤ
2483 3359 2834 3418 GALEARDI
2871 3362 3099 3419 NOTAE.

925 3474 1133 3550 juvabit
1157 3495 1438 3551 consulere
1462 3495 1617 3550 .lean.
1643 3493 1803 3563 Casp.
1825 3494 2141 3549 Santorocci
2168 3494 2504 3550 dissertatio-
2532 3497 2576 3560 C

927 3582 1049 3620 nem
1077 3569 1143 3619 dc
1168 3566 1494 3636 Linguarum
1535 3565 1817 3636 miraculo,
1850 3565 2046 3636 editam
2068 3565 2331 3635 Marpurgi
2364 3581 2505 3621 anno

934 3637 1089 3691 1718.
1123 3636 1237 3690 Non
1270 3635 1446 3691 autem
1484 3638 1533 3689 itt
1566 3635 1929 3699 audientibus,
1954 3635 2049 3689 sed
2080 3638 2129 3687 itt
2160 3637 2505 3701 loquentibus

926 3709 1104 3775 potius
1158 3706 1283 3761 illud
1343 3707 1533 3770 fuisse,
1579 3718 1727 3761 recte
1778 3706 1983 3760 natavit
2028 3705 2323 3775 Gregorius
2374 3706 2498 3760 Naz.

927 3774 1185 3832 Oratione
1226 3778 1316 3839 Μ,
1360 3778 1413 3829 itt
1447 3777 1831 3840 Pentecotsten,
1859 3793 1908 3843 p.
1950 3774 2083 3838 738;
2120 3774 2326 3831 Diserte
2357 3780 2501 3831 enim

930 3856 985 3918 et
1015 3847 1299 3918 aliquoties
1328 3848 1608 3901 λαλούντων
1635 3847 1840 3918 ἑτέραις.
1871 3846 2140 3918 ﬁdicen};
2172 3848 2502 3898 mentionem

930 3915 1059 3967 facit
1089 3912 1242 3969 sacer
1271 3914 1527 3968 Actorum
1560 3912 1794 3980 scripior
1825 3912 2017 3965 Lucas.
2054 3912 2268 3966 FABRIC.

1001 3993 1025 4019 τι
1070 3982 1270 4037 Nomen
1301 3985 1493 4053 lingua:
1520 3984 1585 4037 de
1604 3981 1842 4053 Judwis,_
1870 3983 1964 4053 alii
2022 3980 2084 4053 de
2122 3980 2368 4051 Paganis.
2395 3980 2504 4053 Hoc

926 4064 1030 4119 est,
1064 4051 1490 4119 atttiquissimam
1530 4054 1764 4121 linguam
1823 4051 1987 4105 fuisse
2036 4052 2363 4118 .ludacorum,
2420 4052 2501 4108 vel

928 4123 1265 4191 Paganorum
1291 4124 1532 4178 Grmcant
1568 4122 1782 4177 FABRIC.

996 4193 1021 4231 ιι
1055 4194 1320 4260 Quomodo
1374 4194 1587 4247 rationis
1636 4204 1745 4246 erat
1776 4192 1995 4246 alienus.
2032 4191 2168 4251 Puto
2217 4192 2499 4263 legendum

926 4265 1195 4318 orationis.
1220 4263 1436 4319 FABRIC.

1003 4346 1023 4371 υ
1048 4331 1422 4401 UsqueHeber.
1452 4331 1737 4387 Parentctn
1770 4333 2116 4403 Phalegi,sub
2141 4348 2248 4403 quo
2268 4332 2501 4387 celebris

928 4401 1017 4455 illa
1060 4403 1384 4471 Linguarum
1418 4403 1703 4472 dispersio,
1738 4401 2019 4465 ϐριισιεζι,
2062 4401 2153 4457 25.
2178 4402 2253 4456 De
2279 4418 2501 4456 numero

928 4487 1187 4542 annorum
1226 4472 1367 4542 27w
1393 4473 1501 4539 jam
1552 4473 1752 4525 dictum
1782 4474 1956 4541 capite
1976 4472 2496 4542 superiorefanmc.

997 4539 1023 4577 d
1068 4539 1266 4593 Nomen
1292 4541 1505 4609 Lingua;
1530 4545 1754 4593 omnium
1809 4539 2071 4597 nominum
2129 4559 2301 4594 unum.
2349 4544 2500 4609 Quo-

929 4608 1443 4676 cutnqueidiotnate
1496 4608 1844 4676 loquerentur
1891 4610 2162 4672 homines,
2209 4608 2502 4665 vocabatur

932 4677 1476 4751 Lingnaltumanaun
1512 4677 1897 4751 huncsensum
1922 4679 2148 4751 August.
2183 4695 2270 4734 xtl
2292 4682 2359 4751 de
2383 4678 2497 4734 Civ.

931 4750 993 4803 11
1032 4748 1056 4804 ἶ
1074 4748 1215 4804 Tunc
1237 4766 1361 4820 opus
1386 4748 1491 4802 erat
1520 4748 1669 4816 eam(
1701 4748 1934 4819 linguam
1969 4749 2247 4817 Ilebratatn
2270 4750 2502 4819 scilicet)

929 4821 1175 4889 distingui
1203 4822 1264 4872 ab
1292 4821 1410 4873 aliis
1434 4820 1626 4890 linguis
1683 4822 1883 4873 nomine
1931 4821 2160 4889 praprio,
2210 4820 2339 4873 sicut
2386 4822 2504 4873 alios

926 4907 1121 4959 quoque
1148 4902 1337 4944 vocata
1361 4899 1479 4943 sunt
1506 4889 1795 4943 nominibus
1817 4894 2057 4961 prapriis.
2093 4889 2309 4953 Quando
2332 4900 2499 4944 autem

925 4970 1035 5013 erat
1056 4978 1175 5023 una,
1209 4961 1336 5013 nihil
1356 4960 1499 5014 aliud
1525 4976 1676 5029 quam
1702 4960 1922 5013 humana
1945 4963 2146 5030 lingua,
2166 4972 2253 5013 aut
2278 4962 2500 5014 humana

923 5031 1111 5084 locutio
1132 5032 1429 5094 vocabatur,
1456 5046 1554 5099 qua
1571 5030 1691 5102 sola
1717 5032 2008 5086 universum
2040 5048 2197 5102 genus
2218 5030 2499 5084 humanum

926 5102 1244 5170 loquebatur.
1282 5100 1608 5171 Caussa);
1633 5117 1805 5171 neque
1834 5104 1939 5156 alio
1961 5100 2217 5170 singulari
2247 5103 2501 5156 veniebat

922 5173 1165 5243 nomine,
1189 5174 1308 5240 quia
1341 5186 1531 5225 omnes
1551 5186 1617 5243 se
1651 5174 1875 5243 invicem
1901 5173 2293 5243 intelligebant,
2330 5171 2493 5226 liabe-

923 5239 1177 5311 bantquc,
1208 5239 1265 5315 ut
1294 5258 1414 5315 mox
1446 5240 1719 5315 Sthjuugit
1772 5239 2118 5308 Philaslrius,
2174 5244 2497 5315 Linguarum

924 5310 1148 5364 omnium
1178 5313 1461 5365 scientiam.
1493 5310 1710 5367 FABRIC.

998 5394 1019 5417 ι’
1061 5383 1286 5455 scientia
1313 5383 1407 5435 ista
1463 5381 1698 5455 rtzlestis.
1744 5382 2037 5455 Angelicam
2076 5386 2315 5455 gratiam,
2350 5383 2497 5439 dixe—

920 5459 1083 5521 ratc.
1117 5451 1215 5505 I0t
1244 5454 1447 5521 linguas
1488 5451 2235 5521 intelligendiquascumque.
2279 5454 2495 5509 Fannio.

997 5520 1014 5557 ί
1061 5520 1351 5592 Secundum
1396 5537 1585 5592 nomen
1607 5522 1804 5592 ἱρήια..
1839 5521 2046 5588 lleber,
2093 5520 2204 5589 ’γᾶν
2248 5540 2275 5577 a
2315 5526 2494 5579 disce-

923 5589 1119 5651 dendo,
1154 5590 1267 5647 sive
1301 5589 1637 5649 transeundo
1659 5606 1853 5646 nomen
1898 5592 2078 5647 habet.
2110 5593 2271 5650 Liber
2320 5594 2496 5648 nomi-

924 5658 1060 5753 num’
1082 5660 1405 5753 Ilebgﬂt’om.
1427 5660 1481 5753 ἐι
1504 5675 1627 5753 opu.
1654 5660 1972 5753 'lliel‘OIlyllll
1998 5663 2127 5752 edit;
2154 5664 2310 5753 Joa't‘t:
2352 5663 2491 5717 Mar-

924 5730 1096 5811 t_i‘ana~i
1131 5748 1183 5800 p.
1206 5732 1332 5811 295,
1362 5729 1553 5811 Ἐϐιβί
1590 5730 1827 5794 διάϐασις
1852 5729 1882 5793 ὗ
1911 5731 2181 5811 διαπερῶν.
2241 5734 2482 5800 Hieron.,

925 5796 1078 5867 Ebcr,
1109 5796 1448 5857 tiansitorem.
1481 5796 1701 5858 Fannio.

2680 3506 2705 3543 ε
2738 3496 2826 3579 A_b_
2841 3494 3262 3579 Heberlllebraei.
3292 3496 3490 3579 ϐριιςςτ
3502 3496 3750 3553 Bocharti
3775 3496 3991 3568 l’haleg.
4013 3497 4109 3554 lib.
4126 3513 4185 3567 tt,

2607 3580 2729 3632 cap.
2765 3568 2855 3631 14,
2885 3576 2940 3621 et
2971 3566 3093 3621 libri
3120 3582 3196 3633 ιν,
3219 3581 3268 3623 c.
3294 3566 3390 3621 ult.
3420 3566 3639 3622 Ἐλκίας.
3890 3588 3895 3592 ·
3945 3566 3962 3568 “
4173 3566 4177 3567 ⁷

2609 3706 2655 3717 η
2678 3633 2704 3672 h
2743 3639 2874 3690 Ante
2887 3637 3237 3717 septingentos
3260 3652 3435 3717 annos.
3470 3637 3842 3717 septingentis
3871 3642 4033 3717 a_t_tnis
4062 3646 4190 3694 ante

2608 3706 2848 3777 Moysen,
2879 3705 3117 3760 Iudaicae
3146 3705 3481 3762 conditorem
3509 3705 3861 3777 Reipulilicm.
3889 3707 4112 3769 FABRIC.

2686 3787 2698 3811 ι
2748 3775 3180 3829 Εάὶῆεαιίοηεηι
3230 3776 3374 3829 illam
3399 3778 3469 3829 ad
3512 3794 3608 3829 sua
3663 3780 3946 3829 mendacia.
4000 3778 4112 3829 Lon

2686 3776 2707 3811 ¹⁷
2748 3776 3180 3845 Αῐάὶῄεαιίοηεηι
3230 3776 3374 3829 illam
3399 3778 3469 3829 ad
3512 3776 3621 3831 sua
3663 3780 3946 3831 mendacia.
4000 3778 4189 3849 Longe

2608 3844 2711 3897 hoc
2736 3845 3071 3917 cred:_b_il_ins,
3102 3860 3259 3917 quam
3309 3846 3451 3912 quod
3483 3846 3675 3917 Celsus
3703 3846 3844 3915 apud
3891 3846 4184 3917 Origenem

2607 3926 2679 3985 tv,
2714 3926 2832 3980 pag.
2870 3912 3100 3985 l7_4._ait
3132 3914 3346 3985 Moysen
3377 3929 3442 3985 es
3472 3912 3788 3985 Aloidaruiu
3837 3912 4015 3971 tabula
4048 3919 4186 3973 hau-

2606 3982 2743 4035 sisse
2763 3996 2883 4055 quae
2913 3982 2981 4035 de
3006 3981 3255 4055 Balteliea
3281 3984 3410 4037 turri
3425 3981 3491 4038 'et
3509 3983 3832 4055 Linguarum
3859 3986 4187 4044 confusione

2606 4052 2883 4105 tnentoria‘
2906 4067 2938 4120 p
2952 4052 3168 4106 rodidit.
3192 4050 3404 4107 FABRIC.

2679 4125 2691 4171 i
2742 4120 2977 4197 Aloidas.
3006 4121 3173 4197 aluei
3192 4122 3509 4197 lilios_(_)t_um
3531 4130 3587 4177 et
3612 4122 3945 4193 Ephialtem,
3967 4126 4034 4181 dc
4060 4127 4185 4197 qui-

2607 4192 2710 4247 bus
2750 4192 3016 4247 Homerus
3042 4191 3196 4247 Iliad.
3228 4203 3291 4259 Α,
3324 4190 3428 4246 514
3455 4210 3469 4247 :
3664 4190 3678 4193 “
3840 4218 3844 4222 λ

2728 4325 2856 4373 ὄσσαν
2881 4336 2935 4373 δι’
2961 4335 3140 4387 Οὺλὺμτν
3161 4338 3329 4386 μέμασαν
3352 4336 3468 4385 θέμιν,
3488 4336 3606 4387 αὐτὰρ
3625 4337 3679 4373 ις’
3700 4326 3803 4387 ὁσσῃ

2726 4396 2797 4445 ΙΙήὶ
2806 4410 2856 4435 ιον
2881 4397 3141 4448 ιὶνοσὶφυλλον,
3156 4397 3204 4436 ἵν’
3225 4398 3377 4449 οὖροὸςη
3390 4396 3554 4447 ἀμϐατὸς
3577 4393 3649 4446 εἴη.

2605 4472 3119 4547 Cetifer_l’liiltinem
3149 4474 3392 4547 Judaeum
3425 4476 3492 4531 de
3510 4474 3839 4547 confusione
3877 4474 4181 4547 linguarum

2608 4560 2727 4612 pag.
2758 4543 2887 4609 25h
2921 4557 2975 4598 ct
3003 4562 3035 4600 e
3062 4546 3458 4607 recentioribus
3486 4546 3747 4601 illustrem
3792 4543 4045 4603 Huetiunt
4081 4548 4181 4604 lib.

2606 4628 2645 4736 ἓ
2678 4614 3064 4739 ﬂagtanarum
3092 4630 3200 4686 qua
3215 4617 3447 4671 stionnnt
3486 4631 3535 4671 c.
3583 4616 3670 4682 12,
3704 4615 3733 4687 §
3763 4617 3818 4681 6,
3851 4632 3903 4693 p.
3936 4618 4037 4673 I89
4062 4633 4180 4690 seq.

2650 4700 2678 4737 Α
2813 4722 2826 4736 .
3076 4730 3082 4739 η,
3869 4708 3877 4714 ·

2676 4751 2700 4789 ιι
2742 4722 2818 4829 Die
2846 4768 2980 4806 anno
3006 4736 3329 4809 annuntiato.
3358 4754 3694 4829 Det-tempore
3714 4754 4183 4829 quodiutelligen-

2606 4820 2733 4893 dum
2763 4825 2839 4893 sit
2864 4837 2958 4893 per
3006 4840 3203 4878 annutn
3258 4820 3663 4893 acceptabilém,
3696 4820 4077 4882 aituutttiatuni
4124 4830 4180 4884 itt

2527 4869 2582 4929 Ῑ)
2609 4891 2794 4961 verbis
2822 4869 2971 4945 Isaitc
2999 4869 3425 4961 (ιιιωῆξῇἀῖιῖΗῆ

2685 4960 2700 5042 ξ
2746 4961 2908 5042 LXX,
2935 4960 3377 5042 Engysliaagoar
3396 4962 3613 5023 ἐνιαυτὸν
3641 4967 3824 5042 Κύριον
3877 4964 4047 5027 δεκτὸν
4093 4973 4181 5042 καὶ

2607 5033 2789 5109 ἡμέραν
2821 5032 3480 5109 ἁνταποδόὲεωςηενίόβμιξ
3505 5044 3682 5091 autem
3712 5032 3795 5092 est
3822 5046 3881 5091 ut
3905 5041 4072 5104 diem,
4105 5041 4179 5095 ill

2606 5106 2709 5174 nec
2750 5117 2969 5157 annum
3004 5120 3030 5155 a
3086 5106 3344 5173 propheta
3373 5106 3477 5159 dici
3509 5109 3732 5174 praecise
3760 5117 3815 5160 et
3844 5112 4055 5174 stricte,
4080 5109 4179 5163 sed

2605 5172 2673 5246 de
2712 5182 2952 5246 tempore
2996 5172 3339 5246 quogdiviuai
3390 5172 3701 5246 benignitati
3758 5178 3984 5246 gratiam
4022 5172 4178 5234 suam

2605 5240 2926 5365 ἱηἸΟΙέςὶδιυ
2984 5240 3287 5313 patefacere
3318 5240 3626 5311 hominibus
3645 5254 3710 5300 'et
3740 5240 4019 5315 impertire
4066 5252 4181 5319 pla-

2606 5326 2737 5365 CUI.
2816 5327 2990 5365 ABRIC.

2606 5323 2737 5367 CIIII.
2774 5323 2990 5368 FABIIC.

2676 5392 2715 5419 ιη
2754 5381 3115 5457 Trecentorunt
3140 5385 3401 5457 sexaginta
3444 5386 3685 5456 quinque.
3716 5384 3849 5453 Quia
3874 5394 3962 5457 tot
3982 5385 4178 5443 diebus

2604 5461 2814 5525 constat
2843 5469 3034 5525 anuus.
3059 5453 3387 5524 Augustinus
3437 5453 3659 5511 svttt'de
3684 5458 3843 5510 Civil.
3874 5455 3968 5525 Dei
3994 5472 4044 5513 c.
4080 5459 4172 5523 5'5,

2601 5522 2927 5580 mentionem
2955 5523 3082 5578 facit
3125 5522 3350 5595 oraculi,
3408 5528 3523 5581 sive
3573 5529 3816 5595 responsi
3866 5522 4174 5583 daemonum

2597 5607 2703 5660 quo
2735 5610 2990 5649 numerus
3020 5596 3109 5649 ille
3134 5594 3242 5651 565
3269 5610 3532 5651 annorum
3563 5594 3722 5650 fuerit
3753 5596 4033 5652 deﬁnitus.
4062 5597 4176 5652 Ezr-

2594 5665 2938 5736 cogitauerunt
2962 5665 3131 5721 nescio
3155 5681 3277 5732 quos
3294 5681 3469 5721 versus
3482 5664 3686 5721 Gra'cas
3703 5677 3871 5736 tamqu
3880 5684 4175 5736 amconsu-

2593 5732 2721 5803 lenti
2770 5734 2979 5788 cuidam
3023 5736 3204 5788 diuino
3258 5735 3465 5791 oraculo
3518 5732 3860 5803 ([Ῑυεοιευῦἱ
3906 5734 4175 5793 Christum

2588 5802 2793 5872 quidem
2811 5807 2871 5859 ab
2894 5804 3048 5876 hujus
3072 5802 3326 5874 ta‘ntquam
3350 5806 3605 5879 sacrilegii
3630 5805 3844 5862 crimine
3870 5807 4068 5877 faciunt
4088 5807 4173 5859 in.
