3902 6390
170 426 307 487 12δῖ

1380 425 1585 485 LIBER
1621 426 1710 483 DE
1750 426 2169 487 H£RESIBUS.

3270 412 3437 500 sese

170 546 275 601 nisi
304 552 326 581 α
356 542 472 599 dies
496 549 701 598 octava
731 531 1060 610 susceperit,
1091 539 1337 596 Judaeum
1370 556 1483 594 non
1515 541 1641 596 licet
1667 555 1761 611 ap-
1790 554 1829 609 Α
1861 552 2015 598 cente
2048 544 2279 599 Domino
2301 544 2367 600 de
2392 545 2561 599 Adam
2594 562 2607 598 ε
2648 544 2781 603 Ecce
2809 548 2974 603 Adam
3001 551 3167 619 [actus
3190 562 3264 609 est
3289 559 3436 626 quasi

171 638 382 707 pellari,
406 651 507 692 nec
539 634 807 705 Pagannm
833 648 986 705 teque
1010 632 1036 671 ιι
1062 633 1163 687 nisi
1187 634 1318 689 (hos
1344 649 1513 687 vanos
1540 636 1557 666 ¹
1587 632 1760 689 homi-

174 742 298 784 nem
342 727 532 783 fecisse
583 724 870 795 putaverit.
918 723 1066 795 Ergo
1106 734 1130 762 °
1177 732 1367 778 natura
1418 739 1595 779 rerum
1649 725 1758 780 Deo

175 819 491 876 ascribenda
518 827 612 875 est
632 859 647 881 ,
679 834 785 874 non
823 817 982 872 alicui
1009 819 1201 871 horum
1230 818 1451 872 vanitati
1473 818 1758 873 :‘doctrina

177 922 353 969 autem
374 909 403 951 δ
432 928 552 982 quae
586 910 835 966 fecundat
860 920 980 981 post
1005 919 1251 965 naturam
1270 952 1291 976 ,
1320 911 1364 964 si
1400 926 1527 966 vera
1556 912 1754 977 fuerit,

179 1005 305 1061 tidei
334 1003 747 1074 Deicopulanda
766 1011 870 1070 est,
893 1020 955 1058 ac
981 1004 1353 1059 saluberrima:
1376 1003 1623 1060 servituti
1635 1004 1760 1075 jun-

174 1096 391 1167 gentia;
416 1110 525 1151 non
556 1094 815 1151 recedens
845 1095 911 1150 ab
937 1110 996 1149 ea
1029 1096 1249 1165 quippe,
1277 1094 1371 1149 sed
1395 1111 1550 1167 suum
1581 1096 1758 1165 potius

180 1206 277 1260 per
304 1190 458 1246 ﬁdem
481 1204 782 1261 agnoscens
821 1190 1136 1254 Dominum,
1164 1188 1562 1259 recordansque
1590 1189 1756 1245 Crea-

176 1288 351 1335 torem
378 1280 710 1337 naturaliter.
734 1280 910 1349 Itaque
931 1296 1040 1334 non
1064 1288 1267 1333 natura:
1284 1280 1445 1333 animi
1474 1280 1759 1337 infirmitas

178 1372 478 1437 hominum,
504 1371 600 1427 sed
630 1386 790 1440 prava
816 1372 1059 1425 voluntas
1096 1378 1180 1425 est
1211 1371 1388 1438 potius
1413 1370 1714 1454 accusanda
1739 1413 1754 1438 ,

176 1464 392 1521 dicente
415 1464 642 1518 Domino
660 1482 680 1518 :
726 1472 749 1500 ο
781 1461 849 1516 Et
890 1479 1023 1517 nunc
1049 1464 1095 1517 si
1129 1462 1390 1519 volueritis
1412 1474 1463 1517 et
1486 1464 1755 1519 audieritis

176 1570 277 1621 me,
310 1556 439 1609 bona
468 1564 616 1608 terra!
640 1554 1007 1609 manducabitis
1028 1570 1047 1607 :
1072 1554 1117 1607 si
1145 1562 1317 1608 autem
1349 1554 1636 1620 nolueritis,
1666 1571 1755 1608 nec

175 1644 442 1699 audieritis
466 1661 577 1709 me,
610 1645 812 1717 gldius
846 1661 935 1700 vos
950 1643 1216 1713 ,comedet.
1252 1644 1324 1699 0s
1364 1646 1499 1698 enim
1546 1644 1755 1699 Domini

176 1741 197 1772 ²
220 1740 446 1793 locatum
466 1747 537 1792 est
563 1737 717 1808 (lsai.
744 1752 784 1803 ι,
811 1736 1106 1809 19,90).Ει
1129 1737 1230 1792 hoc
1257 1755 1271 1791 :
1299 1735 1319 1775 τ
1353 1736 1531 1792 Venite
1552 1737 1621 1791 ad
1649 1753 1750 1803 me,

175 1846 348 1885 omnes
373 1830 459 1900 qui
486 1830 679 1884 onerati
719 1829 867 1893 estis,
891 1838 937 1883 et
970 1844 1062 1899 ego
1086 1843 1174 1881 vos
1210 1828 1481 1884 subtevabo
1512 1825 1746 1897 (Matth.

170 1938 249 1989 xl,
279 1922 404 1994 28).
1620 1946 1623 1949 ν

275 2011 457 2068 CXIII.
502 2011 811 2070 Μειιιῑειε
852 2011 937 2067 DE
976 2011 1244 2069 SEPTEM
1284 2010 1637 2067 PLANETIS.

239 2104 261 2138 ⁸
282 2114 310 2153 8
333 2104 588 2164 Habenda
612 2115 695 2161 est
716 2115 769 2159 et
801 2106 1043 2169 haeresis,
1074 2117 1198 2174 quae
1224 2104 1355 2159 dicit
1386 2106 1602 2159 nomina
1632 2102 1758 2178 dieg

162 2211 307 2263 rum,
341 2196 507 2263 Solis,
535 2196 719 2260 Lunae,
755 2197 959 2261 Martis,
988 2196 1263 2261 Mercurii,
1291 2196 1462 2263 Iovis,
1496 2196 1739 2265 Veneris,

162 2287 406 2355 Saturni,
433 2303 461 2341 a
490 2287 601 2344 Deo
630 2289 742 2344 lucc
773 2289 843 2344 ita
872 2290 1043 2359 posita
1072 2289 1140 2343 ab
1168 2289 1372 2361 origine
1400 2290 1599 2357 Mundi,
1631 2306 1737 2345 non

161 2381 442 2437 hominum
470 2396 602 2436 vana
625 2384 1041 2452 praesumptione
1070 2393 1391 2452 nuncupata;
1421 2398 1543 2439 cum
1566 2401 1594 2436 a
1622 2384 1735 2454 pri-

160 2487 250 2527 ma
279 2472 487 2543 origine
512 2487 682 2543 usque
704 2472 731 2511 ¹ι
758 2474 823 2527 ad
851 2473 1070 2528 Graecos
1100 2487 1272 2540 reges,
1299 2483 1353 2528 et
1384 2474 1615 2527 llermen
1640 2474 1738 2527 fal-

157 2561 488 2617 lacissimum
532 2561 683 2616 illum
707 2603 721 2628 ,
765 2562 858 2633 qui
900 2560 1019 2617 haec
1058 2561 1273 2615 nomina
1321 2563 1613 2617 vanissima
1637 2604 1651 2627 ,
1683 2572 1739 2618 et

157 2650 345 2707 frivola
368 2650 690 2708 mentiendo
729 2667 891 2708 ausus
922 2660 1005 2708 est
1045 2667 1387 2722 nuncupare,
1417 2654 1461 2706 si
1491 2668 1732 2724 quaerere

157 2742 424 2809 volueris,
458 2744 696 2800 invenies
724 2744 947 2799 multum
979 2744 1205 2799 ﬂuxisse
1247 2744 1546 2813 temporis,
1571 2752 1628 2799 et
1654 2744 1736 2799 sic

157 2832 417 2904 l‘aganos,
440 2833 491 2889 id
511 2843 595 2891 est
616 2834 849 2901 Gratens,
878 2835 991 2890 htec
1014 2836 1231 2891 nomina
1258 2840 1531 2906 posuisse;
1568 2835 1580 2876 ί
1610 2848 1733 2893 cum

132 2927 318 2999 etiam
357 2926 650 2983 secundum
696 2939 903 2999 septem
946 2928 1147 2984 Stellas
1184 2930 1421 2985 dixerint
1452 2930 1731 2986 hominum

154 3018 555 3086 generationem
580 3020 891 3087 consistere,
920 3031 977 3076 ut
1002 3021 1090 3076 ille
1117 3022 1229 3093 ipse
1255 3021 1488 3080 delirans
1512 3020 1613 3078 hoc
1639 3022 1733 3078 de-

156 3108 295 3164 ﬁnit.
330 3110 541 3167 Dierum
568 3112 710 3168 enim
744 3120 997 3168 numerus
1029 3115 1258 3184 primus,
1292 3113 1595 3181 secundus,
1626 3124 1732 3171 ter-

155 3200 263 3255 tius
285 3242 300 3266 ,
327 3211 550 3272 quartus
569 3246 583 3270 ,
614 3205 858 3275 quintus,
884 3196 1097 3273 sextus,
1128 3205 1389 3275 septimus
1408 3248 1422 3271 ,
1450 3210 1478 3260 a‘
1510 3207 1618 3262 Deo
1644 3216 1729 3263 est

1856 649 1991 687 unus
2029 651 2092 689 ea:
2129 638 2271 689 nobis
2318 636 2478 692 sciens
2515 637 2700 691 bonum
2737 649 2787 693 et
2824 642 3034 696 nmium.
3088 643 3157 697 Et
3200 664 3333 702 nunc
3371 666 3436 703 ne

1857 727 2063 795 quando
2088 726 2326 782 extendat
2353 745 2558 781 manum
2586 746 2729 783 suam
2756 740 2800 784 et
2824 741 2996 803 tangat
3018 743 3063 787 et
3090 712 3254 804 gustet
3283 739 3349 794 de
3372 741 3437 795 li-

1857 832 1956 885 gno
1978 818 2093 873 vitta
2112 828 2159 871 et
2180 818 2311 871 vivat
2328 819 2376 871 in
2397 828 2641 873 internum
2668 819 2821 888 (Gen.
2845 836 2921 886 Ill,
2945 822 3060 893 22).
3088 823 3324 896 Expulit,
3355 830 3437 887 in-

1857 910 1994 980 quit,
2040 925 2162 965 eum
2210 911 2468 974 Dominus
2501 912 2567 966 de
2606 914 2852 980 paradiso
2892 915 3104 971 invidiae
3132 932 3335 975 causa:
3377 931 3437 978 et

1859 1002 2090 1071 primum
2112 1002 2213 1057 hoc
2230 1005 2487 1073 sentiunt,
2506 1004 2647 1073 quod
2664 1006 2798 1059 alter
2810 1004 2953 1060 Deus
2970 1005 3153 1062 fecerit
3170 1010 3427 1079 animam,

1858 1094 1995 1149 alter
2021 1110 2272 1163 carnem,
2302 1104 2359 1149 ut
2392 1094 2670 1149 Manichcei
2691 1137 2705 1158 ,
2733 1094 2972 1151 Gnostici
2994 1138 3007 1163 ,
3028 1097 3306 1157 Nicolaitas
3327 1142 3342 1167 ,
3372 1111 3431 1157 et

1856 1185 1945 1238 alii
1980 1185 2167 1254 perditi
2204 1186 2528 1241 arbitrantur
2559 1185 2799 1240 dicentes
2819 1227 2833 1249 ,
2878 1188 3019 1257 quod
3047 1188 3183 1245 alter
3210 1191 3424 1259 quidem

1858 1275 2030 1330 bonus
2060 1275 2201 1331 Deus
2221 1284 2325 1342 est,
2350 1277 2484 1338 alter
2506 1283 2683 1331 autem
2712 1278 2899 1341 malus,
2931 1279 3179 1350 inquiunt
3204 1300 3218 1338 :
3247 1284 3300 1339 in
3323 1284 3429 1340 hoc

1857 1368 2074 1434 saeculo,
2121 1378 2176 1424 et
2206 1370 2404 1424 malum
2441 1370 2602 1424 Deum
2652 1370 2792 1427 hunc
2828 1372 3099 1427 mstimant
3126 1374 3329 1430 dixisse
3369 1388 3430 1433 ut

1856 1462 2182 1531 pellerentur
2208 1461 2273 1517 de
2302 1460 2582 1531 paradiso;
2618 1478 2722 1517 non
2748 1462 3090 1519 attendentes
3114 1464 3254 1534 quod
3287 1482 3426 1523 unus

1858 1554 1998 1609 Deus
2024 1564 2183 1624 atque
2214 1554 2353 1611 idem
2384 1555 2539 1610 Pater
2568 1570 2663 1623 per
2694 1555 2884 1611 Filium
2920 1557 3107 1613 iecerit
3135 1558 3305 1615 Adam
3337 1577 3431 1631 pa-

1856 1658 1991 1701 trem
2023 1656 2281 1715 nostrum,
2310 1648 2625 1715 delleritque
2651 1649 2697 1703 ei
2723 1648 3057 1715 mandatum,
3080 1659 3139 1703 ut
3160 1652 3429 1707 custodito

1855 1755 1920 1793 eo
1950 1750 2286 1808 permaneret
2313 1739 2663 1807 immortalis,
2691 1740 3151 1810 prazvaricatoque
3178 1742 3427 1797 mandato

1854 1829 2151 1897 pelleretur
2180 1830 2246 1885 de
2270 1829 2538 1899 paradiso,
2575 1838 2633 1885 ut
2660 1831 2916 1899 scriptum
2941 1838 3041 1894 cst,
3072 1839 3127 1883 et
3151 1830 3273 1900 quia
3307 1846 3429 1885 sua-

1775 1917 1822 1980 B
1847 1920 2000 1975 sione
2031 1921 2229 1976 inimici
2258 1921 2361 1976 hoc
2384 1936 2669 1991 perpessus
2698 1928 2819 1988 est;
2852 1935 2973 1974 cum
3003 1934 3107 1975 non
3138 1920 3426 1978 attendunt

1852 2012 1919 2067 ad
1946 2012 2139 2068 Christi
2173 2013 2624 2080 misericordiam,
2646 2014 2697 2067 in
2728 2013 3087 2083 praecipitium
3112 2014 3305 2069 mortis
3326 2014 3426 2070 de-

1849 2104 2117 2159 scendunt
2140 2112 2429 2174 perpetuae.
2454 2103 2554 2160 Hic
2575 2103 2755 2172 itaque
2782 2117 2889 2158 non
2919 2103 3162 2159 invidens
3183 2104 3323 2161 Deus
3338 2120 3425 2161 re-

1848 2195 1981 2264 pulit
2010 2180 2213 2265 patre'm
2246 2203 2486 2248 nostrum
2519 2194 2587 2250 de
2614 2193 2888 2266 paradiso,
2916 2204 2975 2248 ut
3007 2208 3114 2250 non
3146 2195 3216 2250 ibi
3246 2211 3429 2251 mora-

1846 2296 2014 2354 retur,
2066 2272 2159 2343 aut
2198 2302 2301 2341 non
2345 2294 2588 2357 gustaret
2629 2287 2699 2341 dc
2739 2286 2886 2358 ligno
2919 2289 3077 2353 vitm;
3124 2288 3220 2344 sed
3253 2290 3425 2360 magis

1848 2379 2025 2434 eidem
2050 2378 2339 2433 consulens
2370 2378 2423 2433 in
2459 2393 2624 2449 parvo
2649 2379 2892 2449 peccanti
2926 2392 3033 2433 non
3066 2380 3325 2449 pepercit,
3360 2394 3429 2437 ne

1844 2472 2113 2541 parcendo
2141 2472 2207 2523 ad
2247 2472 2451 2539 majora
2493 2473 2653 2525 etiam
2700 2470 2713 2519 i
2764 2472 2971 2525 crimen
3004 2471 3110 2525 alia
3156 2472 3425 2528 inveniret

1844 2563 1963 2616 eum
1990 2560 2281 2630 prodeunte
2307 2569 2462 2613 artato
2492 2560 2759 2626 ampliore
2778 2600 2791 2620 ,
2820 2568 3124 2627 posteaque
3150 2560 3421 2614 criminali

1838 2653 2041 2724 judicio
2069 2668 2219 2707 reum
2252 2652 2447 2706 factum
2478 2650 2710 2719 amplius
2740 2649 3150 2706 condemnaret.
3182 2650 3310 2705 Nam
3337 2653 3418 2706 in-

1840 2752 1919 2798 ter
1943 2742 2212 2797 hominem
2237 2752 2290 2797 et
2311 2741 2583 2796 diabolum
2609 2751 2725 2796 erat
2748 2738 3002 2797 Christus
3029 2742 3242 2797 auditor
3267 2742 3413 2812 pari-

1838 2843 1919 2890 ter
1946 2844 1999 2889 et
2023 2833 2183 2903 judex
2204 2833 2537 2903 iustissimus
2556 2840 2612 2887 et
2637 2833 2808 2887 bonus
2833 2832 2887 2887 in
2911 2832 3195 2899 omnibus;
3228 2834 3412 2890 itidem

1835 2935 1890 2981 et
1931 2926 2133 2980 homini
2166 2924 2382 2995 quidem
2414 2924 2466 2978 in
2494 2923 2708 2979 modico
2738 2924 2987 2995 peccanti
3020 2939 3126 2980 non
3151 2928 3416 2997 pepercit,

1834 3018 1969 3073 dans
1987 3017 2334 3072 nihilominus
2356 3026 2409 3073 et
2432 3018 2554 3071 huic
2575 3017 2895 3088 condignam
2920 3018 3246 3073 sententiam
3262 3018 3415 3089 juxta

1834 3119 2115 3180 peccatum
2143 3108 2289 3179 quod
2321 3107 2553 3175 fecerat;
2582 3119 2635 3164 et
2664 3109 2882 3186 diabolo
2903 3124 3061 3181 aeque
3088 3110 3265 3165 locum
3297 3125 3413 3178 pte-

1831 3202 2073 3259 nitentia:
2102 3202 2436 3273 relinquens.
2468 3201 2583 3258 Non
2615 3212 2793 3258 autem
2828 3204 3168 3273 intelligente
3196 3203 3413 3259 diabolo

154 3292 455 3362 appellatus
482 3293 638 3363 (Gen.
668 3294 742 3367 ι),
772 3314 876 3353 non
907 3299 960 3353 in
992 3298 1090 3354 hac
1115 3298 1350 3355 vanitate
1376 3300 1729 3370 nuncupatio-
1757 3298 1800 3361 C
1835 3304 1891 3351 ut
1916 3295 2039 3351 mali
2065 3296 2197 3350 tanti
2226 3295 2589 3365 suggestionis
2620 3294 3011 3363 paenitudinem
3039 3304 3274 3364 gereret,
3298 3310 3415 3351 ma-

155 3384 240 3438 nis
268 3383 596 3454 turpissimae
617 3388 771 3444 initio
799 3392 1130 3458 enuntiatus,
1159 3404 1245 3447 aut
1270 3392 1516 3449 traditus.
1588 3429 1591 3433 -

856 3479 1041 3536 CXIV.

226 3564 249 3596 ⁵
274 3563 371 3622 Est
400 3566 621 3627 haeresis
648 3586 767 3641 qua:
786 3481 1062 3644 cuﬁiklgit
1089 3574 1141 3629 in
1166 3573 1361 3643 Genesi
1394 3574 1621 3632 verbum
1652 3573 1736 3628 di-

1837 3389 1925 3458 jus
1953 3388 2002 3444 ei
2036 3397 2158 3458 post
2182 3387 2433 3466 servabat
2450 3386 2730 3456 judicium.
2766 3386 2829 3441 Et
2851 3385 3014 3441 homo
3042 3385 3258 3455 quidem
3283 3400 3408 3440 cum

1841 3480 2057 3550 pellitur
2076 3493 2106 3534 e
2127 3478 2379 3547 paradiso
2395 3478 2614 3547 pronior
2631 3477 2694 3533 ad
2716 3477 3085 3548 paenitentiam
3109 3477 3409 3545 reperitur;

1839 3569 2085 3625 diabolus
2123 3578 2303 3623 autem
2352 3584 2470 3623 cum
2520 3569 2709 3624 durior
2750 3568 2817 3623 ad
2870 3568 3244 3638 pmnitentiam
3288 3583 3411 3639 per-

998 3690 1149 3785 coo.
1191 3728 1298 3785 us.
1340 3727 1681 3811 SANGERM.
1726 3724 2100 3783 LECTIONES
2138 3723 2553 3780 VARIANTES.

218 3836 238 3869 ι
281 3836 503 3891 homines
525 3838 698 3892 fecisse

215 3899 237 3929 ⁸
270 3898 483 3951 locutum
508 3909 584 3953 est
607 3904 711 3954 hoc.
739 3902 802 3955 Et
822 3904 1058 3955 Dominus
1076 3919 1089 3958 :
1108 3902 1289 3955 Venite

220 3967 241 3999 ³
273 3958 381 4012 Alia
404 3969 482 4013 est
500 3962 705 4015 heresis

1894 3840 1916 3871 δ
1952 3839 2047 3889 Hic
2069 3851 2253 3904 quoque
2272 3836 2517 3951 suppletur
2555 3838 2793 3889 editorum
2819 3838 3169 3909 exeian
3196 3840 3409 3907 defectus

1894 3917 1896 3941 ε
1920 3900 2115 3951 laudato
2137 3913 2226 3951 ms.
2252 3913 2308 3951 co
2343 3912 2416 3951 tce
2436 3903 2857 3951 Sanaermanenst.

1832 3915 1896 3953 ea:
1920 3900 2115 3951 laudato
2137 3900 2226 3952 m's.
2252 3900 2416 3951 codice
2436 3900 2857 3966 Sangennanensi.

1216 4049 1507 4103 FABRICII
1547 4049 1636 4103 ET
1673 4048 2027 4104 GALEARDI
2064 4047 2292 4101 NOTAE.

227 4196 252 4225 ι
287 4187 407 4243 Dies
433 4193 798 4245 oetava..Ante
838 4191 1300 4245 circumcisionem
1346 4206 1452 4245 non
1494 4193 1597 4246 erit
1636 4190 1730 4246 Ju-

154 4260 325 4316 dazns.
359 4258 573 4315 ῐσήιιιο.

229 4331 255 4369 δ
286 4329 404 4384 Nisi
437 4328 572 4383 Deos
600 4346 758 4384 ranos
795 4323 1084 4383 hominem.‘
1118 4330 1183 4385 Ut
1211 4330 1354 4385 D‘eos
1384 4344 1584 4393 vanos,
1616 4331 1729 4385 sive

154 4402 298 4457 idola
319 4443 333 4464 ,
359 4416 476 4472 esse
508 4402 741 4454 hominis
783 4400 1000 4467 cpiiiccs
1032 4415 1093 4453 ac
1136 4400 1446 4472 derniurgns
1474 4401 1574 4455 sibi
1606 4417 1727 4470 per-

153 4472 398 4526 suadeat.
436 4468 651 4524 FABRIC.

232 4551 253 4573 α
306 4538 744 4609 Natura_rerum.
809 4538 1048 4593 Hominis
1096 4541 1408 4608 generatio,
1462 4552 1520 4595 ut
1571 4557 1730 4609 supra

155 4624 276 4677 cap.
312 4609 403 4662 III
439 4628 453 4662 :
501 4606 689 4661 Rerum
730 4618 915 4661 natura
955 4598 1136 4677 corpus
1176 4622 1221 4665 et
1259 4598 1485 4665 animum
1514 4598 1733 4667 hominis
1759 4598 1811 4658 D

156 4676 261 4733 non
290 4695 321 4730 a
349 4677 460 4731 Deo
491 4692 579 4745 per
606 4676 859 4733 Christum
887 4684 1045 4733 errari
1076 4683 1321 4746 quotidie.
1354 4682 1566 4737 FABRIC.

228 4746 257 4785 ά
293 4750 417 4814 Quae
446 4749 682 4814 fecundat
721 4759 832 4818 post
874 4760 1133 4803 naturam.
1168 4751 1233 4805 Ut
1277 4765 1599 4820 propagetur
1631 4770 1735 4808 non

158 4819 321 4874 modo
371 4830 559 4873 natura
601 4820 862 4893 hominis,
922 4821 1014 4875 sed
1080 4822 1241 4873 etiam
1290 4824 1529 4893 doctrina
1579 4840 1737 4893 quam

160 4900 423 4965 parentes
440 4900 563 4944 sunt
593 4891 850 4965 professi,
886 4901 1221 4965 utnascatur
1263 4908 1294 4946 e
1334 4892 1545 4965 Pagano
1575 4891 1741 4965 Paga-

161 4974 295 5027 nns,
325 4959 541 5015 Iudaeus
562 4959 645 5015 ex
687 4960 904 5025 Judmo,
938 4960 1271 5015 Christianus
1302 4959 1732 5085 chChristiano.

1362 5046 1365 5049 '
1412 5046 1582 5085 sumo.

1362 5046 1582 5087 'r'ABRlC.

204 5142 212 5152 .
234 5112 258 5141 ο
292 5100 569 5175 ΙιΧΧνιαᾶ
580 5101 853 5175 ῥὰνρθίληῖε
883 5108 967 5157 καὶ
992 5105 1465 5175 εἰςακούσητέᾼμου,
1487 5104 1551 5158 τὰ
1578 5104 1737 5175 ἁγαθά

160 5182 251 5235 τῆς
279 5181 390 5247 γῆς.
410 5173 643 5247 φάνηθι..
666 5170 772 5224 Ἐἀν
812 5172 864 5227 δὲ
887 5179 975 5247 λμὴ
1005 5174 1199 5247 θέλητᾳ,
1243 5170 1371 5244 and}
1410 5170 1738 5247 εξσακούξτητέ

161 5267 298 5320 gon,
331 5242 569 5320 μάχᾳὶρα
606 5242 742 5320 ἐμᾶς
776 5242 1062 5298 κατέδεται.
1104 5244 1169 5297 Τὸ
1207 5242 1306 5320 γὰρ
1352 5244 1521 5319 στόμα
1558 5246 1737 5319 Κυρίου

163 5317 369 5372 ἐλάλησι
396 5317 580 5368 ταῦτα.
610 5317 827 5365 FABRIC.
1276 5317 1284 5320 '
1402 5317 1411 5319 ‘
1571 5323 1578 5331 '

238 5384 257 5423 ί
304 5383 456 5436 'l‘ext.
499 5384 699 5459 (Ericen
739 5388 890 5459 ρεῖρτίε
913 5381 1049 5459 πρός·Δ
1074 5404 1172 5459 μαι
1190 5386 1377 5459 πάντες
1395 5384 1453 5459 oi_
1468 5390 1739 5445 κοπιῶντες

163 5459 247 5528 θεαὶ
263 5452 679 5528 nspop‘rto’pivot.
698 5453 835 5524 κᾲγώ
851 5452 1135 5509 diva-iratior.)
1149 5456 1302 5528 ὐμᾷς.
1323 5453 1454 5506 Illud
1474 5460 1741 5512 κοπιῶντας

166 5520 491 5578 Philas'tr'ius
523 5520 799 5574 hrevinaiis
827 5539 993 5577 causa
1015 5520 1214 5577 ulnis‘tl.
1242 5520 1456 5577 FABRlC.

239 5602 263 5640 ε
296 5590 552 5645 Habenda
576 5598 651 5643 est
691 5599 737 5644 et
778 5590 1008 5647 heresis.
1045 5592 1160 5648 Non
1206 5594 1357 5644 facile
1402 5592 1566 5645 fuerit
1592 5592 1738 5660 quis-

169 5678 329 5733 quam
362 5662 456 5733 qui
482 5659 705 5733 nomina,
726 5660 1034 5733 illadiebus
1079 5661 1322 5733 imposita
1355 5676 1383 5714 a
1418 5662 1529 5733 Deo
1554 5659 1737 5733 credi-

169 5730 337 5797 derit;
363 5730 458 5787 sed
485 5730 794 5801 nominibus
821 5732 926 5787 illis
957 5734 1055 5800 uti,
1084 5731 1401 5801 pen-indcest
1428 5730 1741 5786 indifferens

172 5815 225 5860 et
249 5804 487 5871 alienum
506 5801 587 5871 iiii
618 5798 830 5871 haeresi,
860 5810 918 5856 ut
945 5798 1246 5871 nominibus
1269 5800 1504 5871 siderum
1533 5802 1600 5855 de
1625 5804 1742 5871 qui-

174 5876 271 5935 bus
299 5887 421 5945 cap.
458 5870 583 5926 103.
613 5868 771 5955 Certe
795 5869 935 5929 diem
964 5870 1106 5929 Solis
1129 5884 1233 5927 non
1261 5870 1522 5951 dubitavit
1562 5868 1742 5927 dicere

1829 4190 2077 4261 Justinus
2104 4189 2308 4261 Martyr
2338 4188 2595 4261 Apologia
2620 4189 2684 4249 2.
2714 4204 2771 4259 p.
2798 4190 2888 4244 99.
2923 4188 3067 4244 Idem
3102 4200 3278 4247 tamen
3312 4210 3410 4257 pro

1831 4260 2167 4336 Veneris‘die
2198 4259 2377 4336 maluit
2408 4259 2590 4336 dicere
2746 4261 2849 4334 πρὸ
2877 4269 2969 4336 ﬁn;
2998 4270 3262 4336 κραναῆς,
3293 4263 3405 4318 Ire-

1833 4346 1979 4400 ntrgus
2006 4347 2059 4394 v,
2084 4330 2179 4400 es,
2210 4330 2375 4400 pridie
2399 4329 2844 4400 antenSubbatuiu.
2880 4329 3095 4385 Fannio.

1904 4397 1937 4472 δᾴ
1959 4400 2039 4455 Ad
2066 4397 2286 4472 omo;
2311 4416 2470 4472 reges.
2497 4399 2574 4472 qUt
2617 4416 2773 4472 supra
2799 4441 2817 4472 ε
2846 4414 2969 4467 cap.
3003 4401 3136 4466 III,
3163 4401 3407 4472 Paganos

1832 4470 1966 4525 dixit
1996 4486 2093 4541 pro
2120 4469 2345 4541 Graecis,
2368 4469 2473 4541 sic
2496 4470 2594 4523 hoc
2632 4470 2755 4525 loco
2782 4471 3003 4526 Graecos
3032 4488 3126 4539 pro
3158 4469 3407 4541 Paganis,

1835 4544 1946 4614 sive
1979 4539 2243 4614 Ethnicis.
2268 4540 2365 4614 _Sic
2395 4539 2529 4614 infra
2575 4542 2675 4595 hoc
2704 4544 2879 4609 capite
2908 4551 2997 4614 ;_et
3028 4542 3100 4597 sic
3129 4539 3406 4614 Paganos,

1838 4610 1891 4665 id
1917 4622 1988 4666 est
2010 4611 2234 4670 Gnaeos.
2259 4610 2368 4665 hac
2392 4613 2599 4666 nomina
2623 4614 2874 4671 posuisse.
2906 4612 3022 4667 Non
3050 4610 3229 4668 autem
3260 4614 3411 4671 Grav

1839 4685 1917 4737 cis
1947 4683 2040 4737 sed
2067 4682 2335 4752 )Egyptiis
2362 4683 2542 4738 deberi
2581 4681 2726 4737 illam
2754 4681 2963 4737 diorum
2994 4698 3023 4736 a
3052 4698 3256 4752 septem
3286 4684 3409 4740 Pla-

1841 4756 1979 4807 netis
2007 4753 2516 4816 denominationem,
2540 4761 2709 4822 testes
2734 4754 3141 4822 locupletissimi
3172 4756 3411 4809 Herodo-

1842 4836 1926 4878 tus
1954 4824 2045 4877 Iih.
2072 4840 2129 4888 u,
2158 4839 2217 4881 ο..
2241 4822 2332 4884 89.,
2363 4832 2418 4876 et
2447 4822 2546 4876 Dio
2576 4821 2793 4876 Cassius
2824 4821 2917 4875 lib.
2953 4836 3134 4885 xxxvu,
3169 4837 3288 4890 pag.
3318 4825 3411 4884 57.

1839 4904 1996 4961 atque
2038 4896 2151 4962 ipse
2190 4892 2470 4947 confirmat
2496 4891 2814 4962 Philastrius
2836 4890 2935 4962 qui
2954 4891 3182 4945 lIermen
3210 4890 3412 4962 Egyp.

1841 4960 1969 5017 tium
1993 5005 2007 5027 ,
2040 4960 2257 5033 perinde
2294 4971 2353 5015 ut
2376 4975 2492 5029 cap.
2537 4961 2673 5027 103,
2700 4976 2765 5015 eo
2794 4960 3014 5083 nomini?
3042 4960 3409 5028 reprehendit.

3019 5046 3190 5083 same.

3019 5046 3190 5086 ABBIC.

1922 5102 1935 5138 ί
1972 5103 2098 5156 Cum
2123 5102 2275 5155 etiam
2313 5100 2591 5154 secundum
2619 5109 2808 5168 septem
2838 5099 3051 5155 Stettas.
3080 5100 3136 5154 In
3164 5103 3387 5170 superio

1848 5173 1988 5225 ribus
2018 5172 2339 5224 editionihus
2376 5171 2511 5224 male
2544 5188 2556 5222 :
2600 5186 2715 5223 cum
2756 5171 2864 5224 Iuro
2907 5170 3117 5223 nomina
3145 5172 3413 5225 etiamse-

1846 5243 2061 5293 cundum
2085 5251 2270 5310 septem
2295 5241 2501 5310 stellas.
2525 5240 2806 5293 Hominum
2830 5240 3105 5307 generatio
3127 5240 3413 5306 abst-ptem

1847 5309 2082 5363 I’lauetis
2108 5309 2454 5377 suspenditur
2483 5311 2643 5362 etiam
2678 5312 2727 5363 in
2760 5311 2981 5378 scriptis
3007 5325 3123 5376 quae
3152 5311 3255 5365 sub
3284 5310 3417 5364 Her-

1847 5379 2001 5431 metis
2032 5379 2365 5447 Trismegisti
2397 5381 2610 5433 nomine
2642 5380 2970 5433 amlmlantia
3000 5380 3291 5433 etiammnn
3322 5381 3417 5433 ha-

1845 5450 2033 5505 bemus
2054 5488 2067 5507 ,
2098 5458 2154 5501 ut
2184 5451 2233 5501 in
2276 5448 2610 5502 Poemandro
2638 5465 2687 5502 c.
2713 5450 2746 5504 9
2766 5491 2779 5512 ,
2806 5461 2856 5502 et
2888 5450 2939 5501 in
2970 5448 3202 5501 Minerva
3234 5449 3414 5504 Mundi

1838 5539 1891 5586 p.
1939 5518 2041 5578 29,
2091 5528 2146 5569 ut
2192 5520 2432 5571 omittam
2484 5534 2599 5585 quae
2644 5534 2711 5571 ex
2760 5520 3029 5571 Panareto
3076 5518 3415 5585 Trismegisti

1841 5590 2034 5647 Paulus
2074 5587 2464 5641 Alexandrinus
2490 5586 2561 5646 Κ.
2597 5589 2630 5639 5
2651 5626 2665 5649 ,
2696 5595 2751 5641 et
2791 5602 2910 5656 qua:
2938 5587 2991 5641 in
3021 5587 3241 5641 Trutina
3278 5589 3415 5651 Iler-

1843 5658 1999 5715 metis
2040 5656 2372 5725 Asnologica
2394 5698 2406 5717 ,
2443 5657 2591 5709 Iihris
2624 5657 2839 5711 duobus
2870 5656 2939 5710 de
2984 5660 3414 5713 revolutionibus

1842 5729 2210 5797 nativitatum,
2243 5738 2295 5781 et
2323 5729 2372 5780 in
2402 5726 2744 5796 aphorismis,
2777 5736 2936 5795 atque
2960 5728 3411 5797 jatromathetna-

1844 5800 1981 5855 licis.
2018 5796 2231 5851 FABBlC.

1848 5912 1853 5917 ,
1924 5891 1930 5898 ε
1982 5866 2202 5921 Crimen.
2237 5864 2421 5931 Forte,
2462 5866 2695 5919 crimina.
2728 5865 2949 5923 Ἐλκίας.
