3902 6388
285 288 422 347 1265

1516 299 1720 359 LIBER
1750 302 1839 359 DE
1875 303 2308 365 BERESIBUS.

3409 312 3547 369 ηδε

280 408 399 463 data
417 447 435 475 ,
460 406 810 482 diversisque
839 382 1096 469 horarum
1120 417 1337 486 spatiis,
1361 416 1514 474 velut
1534 417 1602 475 ad
1623 434 1719 497 sua
1741 419 1860 476 loca
1887 426 1938 487 Α
1964 420 2239 493 penditur.
2278 422 2420 492 Ergo
2460 422 2605 494 quod
2649 424 2726 479 ait
2756 425 3049 495 Apostolus
3080 426 3149 484 de
3174 426 3497 498 quibusdam
3528 443 3546 481 :

278 513 492 553 rursum
533 501 715 557 redire
745 512 946 559 statuta
981 506 1123 574 sint,
1155 518 1215 563 ut
1254 523 1285 563 e
1320 509 1517 579 quibus
1545 510 1681 566 locis
1703 512 1861 569 exire

272 588 533 659 iubentur
561 591 837 661 quotidie,
869 596 937 650 ad
963 610 1025 652 ea
1055 598 1171 652 loca
1204 601 1401 655 reverti
1433 591 1628 657 iterum
1663 610 1689 639 α
1716 618 1859 673 prte-

221 746 226 751 ,
275 680 488 737 sidente
530 683 760 754 angelo,
805 694 863 741 et
905 689 1305 759 compellente,
1354 705 1573 747 cursum
1616 692 1860 749 debitum

272 771 558 841 prmterire
572 774 721 830 nullo
744 776 904 833 modo
927 779 1167 848 possint:
1190 782 1204 811 ¹
1227 779 1462 852 hincque
1478 782 1646 837 eil‘usa
1658 781 1861 841 Christi

272 863 568 921 clementia
597 870 745 924 omni
772 871 1212 929 manilestaretur
1241 873 1480 931 humano
1521 876 1740 947 generi,
1768 882 1859 949 qtti

269 957 458 1027 iustis,
486 968 546 1015 et
570 961 788 1031 iniustis
828 963 882 1020 in
928 965 1032 1021 hoc
1062 967 1267 1023 mundo
1309 985 1493 1039 parem
1525 976 1860 1031 concesserit

178 1108 179 1113 η
270 1047 503 1118 gratiam
532 1050 795 1110 bonitatis
819 1058 1148 1114 annuntians
1167 1102 1183 1126 ,
1207 1059 1235 1097 ι)
1258 1062 1345 1130 qui
1369 1063 1529 1116 solem
1561 1080 1712 1119 suum
1732 1068 1862 1121 oriri

270 1140 398 1208 facit
422 1156 584 1211 super
594 1144 772 1214 justas
789 1185 805 1211 ,
828 1155 880 1202 et
904 1148 1126 1221 injustas
1149 1166 1167 1205 :
1191 1160 1237 1204 et
1264 1154 1393 1221 pluit
1414 1170 1574 1223 super
1596 1156 1783 1225 bonos,
1811 1170 1881 1213 et‘

269 1232 434 1288 malos
469 1233 687 1305 (Matth.
717 1253 771 1306 v,
797 1240 915 1312 ιε).
951 1250 976 1281 ο
1010 1242 1073 1296 Et
1094 1284 1108 1309 ,
1140 1254 1389 1299 noverunt
1410 1248 1607 1315 sidera,
1644 1250 1821 1320 inquit
1841 1291 1856 1315 ,

268 1322 536 1379 thesauros
570 1342 726 1395 suos,
771 1339 819 1384 et
858 1346 1067 1387 cursum
1106 1333 1411 1406 dispositum
1447 1338 1679 1407 quotidie
1721 1340 1858 1412 (Ba-

266 1415 416 1495 ruclt.
448 1432 545 1484 ιιι,
575 1418 665 1489 35,
898 1452 903 1453 ν

339 1570 629 1631 CXXXIV.
659 1576 971 1639 HERESIS
1012 1581 1305 1641 VETERIS
1344 1584 1786 1645 TESTAMENTI

708 1669 949 1727 MULTA
987 1673 1418 1734 REPROBANS.

1963 509 1992 549 ιι
2010 511 2385 569 Μαηάιιιιηιιισ
2400 555 2416 581 ,
2438 523 2485 569 et
2503 514 2730 569 bibamus
2745 555 2761 583 ,
2788 532 2901 571 cras
2923 518 3059 571 enim
3078 519 3380 585 moriemur,
3402 518 3547 590 quod

1962 605 2204 675 proiecto
2231 606 2572 679 Paganorum
2592 648 2606 672 ,
2637 618 2693 663 et
2738 609 3127 679 Epicureorum
3156 619 3243 666 est
3281 610 3405 666 talis
3428 612 3545 667 ha:-

1960 698 2133 765 resis,
2158 713 2281 768 qua:
2310 699 2432 754 vitae
2463 699 2729 769 pecudum
2755 709 3125 771 comparatur.
3155 701 3426 772 Ideoquei
3450 702 3546 756 ho-

1960 807 2043 845 mo
2069 791 2122 846 in
2152 792 2345 846 honore
2368 809 2483 846 cum
2507 802 2640 849 esset
2668 809 2771 849 non
2796 794 3084 861 intellexit,
3116 802 3446 864 comparatus
3469 804 3546 849 est

1962 881 2237 949 pecudibus
2275 884 2631 955 insipientibus
2656 882 2829 953 (Psal.
2875 900 3035 940 XLVIII
3058 926 3073 950 ,
3109 884 3170 939 ll
3197 926 3211 951 ,
3237 883 3353 956 21).
3387 884 3545 941 Salo-

1961 987 2087 1031 mon
2117 975 2298 1046 itaque
2325 986 2381 1031 et
2403 971 2677 1032 earnalem
2708 978 2873 1032 vitam
2904 978 3184 1033 hominum
3206 991 3234 1031 a
3264 977 3377 1033 Deo
3414 992 3546 1033 con—

1958 1079 2167 1121 cessam
2201 1067 2254 1121 in
2287 1067 2470 1122 multis
2499 1067 2701 1122 divitiis
2725 1067 3024 1135 nuntiavit,
3044 1076 3099 1123 et
3125 1067 3357 1123 futuram
3380 1081 3544 1137 ange-

1961 1156 2134 1212 lorum
2158 1159 2383 1228 gloriam
2413 1158 2764 1215 nihilominus
2789 1160 2843 1215 in
2871 1160 3127 1215 studiosis
3154 1160 3335 1216 inesse
3358 1159 3545 1230 paucis

1956 1249 2419 1317 desiderantibus,
2467 1260 2523 1306 et
2559 1252 2904 1307 credentibus
2930 1252 3269 1323 praedicavit.
3306 1252 3362 1306 Si
3391 1252 3540 1307 enim

1957 1352 2010 1397 et
2040 1341 2191 1396 dives
2216 1343 2268 1396 in
2300 1342 2401 1397 hoc
2428 1344 2632 1398 Steculo
2654 1344 2791 1398 bene
2812 1351 3067 1413 Operatus
3089 1342 3285 1406 fuerit,
3314 1355 3538 1398 necesse

1956 1443 2039 1489 est
2069 1442 2128 1489 ut
2165 1443 2220 1490 et
2252 1435 2360 1489 illic
2386 1434 2584 1490 futurae
2607 1436 2731 1489 vitm
2763 1436 3096 1495 consortium
3134 1441 3539 1504 consequatur:

1946 1528 2097 1582 sicut
2122 1531 2265 1583 enim
2297 1536 2353 1584 et
2379 1527 2492 1583 haec
2520 1528 2801 1584 terrestris
2827 1542 2948 1584 esca
2980 1543 3010 1581 a
3041 1527 3155 1583 Deo
3184 1526 3304 1581 data
3325 1534 3441 1590 est,
3466 1525 3539 1579 ita

1955 1629 2008 1674 et
2028 1619 2117 1673 illa
2140 1620 2379 1675 caelestis
2402 1634 2523 1676 esca
2545 1620 2614 1675 de
2636 1620 2779 1691 Lege
2796 1616 3153 1674 desideranda
3176 1626 3260 1672 est
3278 1615 3535 1684 amplius.

1954 1707 1978 1740 ⁸
1998 1708 2163 1789 Fides
2190 1710 2391 1779 quippe
2412 1709 2613 1764 Christi
2641 1709 2853 1764 Domini
2878 1707 2947 1762 de
2974 1708 3145 1776 Lege,
3171 1715 3223 1761 et
3251 1705 3537 1776 Prophetis

337 1776 478 1834 Sunt
503 1780 722 1851 quidam
752 1784 989 1844 ltzeretiei
1010 1830 1025 1854 ,
1055 1790 1146 1860 qui
1175 1790 1245 1848 de
1284 1794 1456 1857 veteri
1499 1793 1849 1851 Testamento
1880 1810 1926 1872 Β
1951 1776 2242 1855 adveniens
2267 1776 2608 1870 cupientibus
2633 1799 2868 1869 gloriosa
2892 1839 2908 1865 ,
2937 1813 3096 1866 quam
3129 1796 3302 1868 magis
3327 1795 3495 1851 Maria
3521 1835 3537 1858 ,

264 1871 430 1927 multa
457 1877 755 1945 repr‘obant
774 1922 789 1945 ,
823 1881 873 1936 id
900 1892 990 1938 est
1012 1881 1039 1920 ά
1064 1884 1372 1941 Salomonis
1398 1888 1418 1917 '
1442 1885 1810 1943 Ecclesiasten
1832 1931 1848 1955 ,

262 1966 448 2032 paucis
464 1970 683 2037 quidem
705 1975 1071 2045 conscriptum
1094 1980 1379 2035 sententiis
1396 2022 1410 2045 ,
1428 1996 1642 2036 omnem
1667 1990 1848 2039 tamen

264 2053 581 2113 thesaurum
610 2062 853 2119 caelestis
881 2067 1123 2123 scientia:
1150 2072 1847 2140 qumrentibuscontinen-

259 2150 408 2201 tem:
441 2165 564 2204 nam
604 2154 749 2223 quod
782 2159 1038 2214 omnibus
1081 2162 1381 2231 sapientior
1422 2165 1697 2234 prioribus
1736 2167 1842 2235 sit,

261 2245 285 2274 °
308 2238 426 2310 ipse
457 2242 711 2301 Salvator
739 2248 967 2305 testatus
991 2261 1092 2307 est.
1116 2254 1249 2309 Cum
1283 2256 1471 2325 legunt
1511 2273 1642 2327 ergo
1674 2276 1687 2310 :
1723 2259 1845 2312 0m-

255 2332 344 2385 nia
365 2337 566 2391 uanitas
593 2340 836 2394 sanitatis
855 2382 869 2407 ,
906 2340 925 2379 τ
959 2360 1074 2411 quea
1102 2346 1194 2398 sub
1223 2347 1350 2401 caelo
1390 2358 1509 2401 sunt
1541 2349 1766 2419 (Eccles.
1791 2366 1840 2416 ι,

258 2421 379 2494 ﬂ);
407 2434 461 2479 et
498 2424 839 2484 :Desideravi
881 2433 1099 2501 habere,
1136 2444 1195 2489 ut
1240 2436 1442 2491 dictum
1482 2447 1598 2504 est,
1640 2439 1842 2493 diversa

257 2512 486 2585 (Eccles.
512 2535 571 2581 tt.
587 2520 666 2591 5);
686 2531 739 2577 et
756 2541 768 2575 :
788 2522 928 2579 Deus
945 2528 1071 2581 mihi
1086 2528 1250 2595 dedit,
1265 2530 1457 2599 inquit,
1476 2541 1522 2585 et
1534 2547 1650 2586 ecce
1669 2532 1840 2586 omnia

255 2612 457 2666 vanitas
474 2617 714 2671 vanitatis
740 2618 902 2690 (Ibid.
925 2663 941 2687 ,
959 2623 984 2677 l
1000 2624 1051 2695 l)
1073 2640 1087 2689 ;
1119 2614 1506 2682 solumiamén
1529 2627 1631 2682 hoc
1655 2640 1837 2696 postea

253 2702 403 2759 addit
431 2720 551 2761 esse
574 2723 601 2762 a
632 2708 745 2764 Deo
765 2752 781 2777 ,
813 2720 873 2766 ut
902 2712 949 2768 si
980 2716 1102 2785 quis
1133 2717 1457 2785 manducet,
1488 2729 1541 2773 et
1572 2719 1752 2787 bibat,
1785 2733 1834 2777 et

254 2791 556 2867 bettelaciat
573 2800 768 2857 animae
789 2818 901 2858 suae
923 2804 1090 2867 (Ibid.
1114 2806 1227 2877 24).
1252 2808 1403 2877 Quod
1426 2811 1469 2865 si
1496 2811 1632 2867 hanc
1658 2828 1835 2869 escam

250 2882 429 2939 solum
446 2929 461 2950 ,
481 2888 742 2946 authunc
760 2901 944 2961 potum
972 2895 1110 2951 dixit
1130 2914 1252 2955 esse
1279 2902 1436 2957 istius
1462 2904 1672 2968 saeculi,
1692 2903 1713 2936 ³
1733 2906 1839 2960 ιιιί-

251 2972 469 3047 lemque
497 2981 801 3047 carnalem,
822 2984 954 3041 nihil
978 2998 1159 3043 autem
1184 2988 1379 3047 futura:
1409 2993 1531 3048 vita:
1562 2994 1839 3051 immorta-

252 3064 318 3119 lis
348 3068 497 3123 aliud
529 3080 555 3116 ε
587 3075 885 3143 nuntiavit,
920 3078 976 3133 in
1012 3094 1208 3136 vanum
1241 3082 1524 3139 hominum
1558 3086 1711 3143 labor
1732 3086 1835 3142 im-

1951 1904 2110 1959 quam
2140 1888 2343 1943 Martha
2371 1888 2641 1959 elegerat,
2674 1888 2888 1943 dicente
2917 1888 3145 1941 Domino
3176 1904 3189 1940 :
3225 1889 3240 1935 i
3279 1885 3537 1954 Hajorem

1950 1991 2137 2035 sortem
2159 1980 2382 2036 Mariam
2404 1980 2646 2054 elegisse,
2666 1996 2780 2050 qua:
2808 1997 2907 2034 non
2930 1980 3193 2049 auferetur
3215 1979 3278 2035 ab
3299 1998 3358 2034 ea
3379 1977 3533 2052 (Luc.

1950 2090 1982 2128 ι
2005 2115 2020 2139 ,
2062 2073 2174 2143 42).
2208 2074 2353 2143 Ergo
2396 2074 2440 2127 si
2460 2073 2643 2141 dixit,
2673 2074 2872 2127 vanitas
2900 2072 3138 2127 vanitatis
3177 2081 3288 2136 est,
3328 2087 3444 2143 quis
3482 2072 3535 2125 in

1949 2165 2134 2221 saeculo
2186 2175 2332 2231 sunt,
2380 2162 2496 2220 han:
2543 2165 2727 2234 utique
2774 2164 3121 2219 transeuntis
3175 2161 3533 2233 praedicavit,

1948 2264 2173 2325 propter
2200 2255 2434 2309 futuram
2469 2256 2616 2309 illam
2645 2255 2871 2325 gloriam
2897 2249 3227 2311 eminentem
3259 2269 3324 2309 ac
3342 2269 3536 2324 perpe-

1948 2354 2120 2409 tuam,
2159 2352 2215 2397 ut
2245 2345 2314 2397 ait
2343 2344 2636 2413 Apostolus
2665 2361 2678 2396 :
2710 2342 2733 2381 ¹ι
2757 2342 2968 2397 Transit
2995 2343 3126 2396 enim
3166 2343 3338 2412 ﬁgura
3375 2343 3533 2414 hujus

1944 2436 2144 2500 mundi,
2168 2446 2219 2489 et
2244 2436 2416 2505 gloria
2441 2435 2482 2507 (l
2502 2435 2623 2490 Cor.
2657 2451 2731 2489 vtt
2751 2477 2765 2499 ,
2797 2433 2912 2504 51).
2944 2434 3003 2491 Si
3031 2443 3214 2489 autem
3244 2435 3410 2507 ligura
3430 2478 3444 2502 ,
3474 2444 3533 2492 et

1943 2527 2087 2607 vita,
2131 2536 2185 2580 et
2215 2526 2413 2593 honor,
2447 2536 2502 2581 et
2531 2525 2764 2596 dignitas
2800 2526 2988 2581 mundi
3018 2526 3174 2582 istius
3202 2527 3529 2594 cessabunt,

1941 2629 1994 2673 et
2015 2620 2363 2674 destruentur
2386 2638 2399 2673 :
2425 2620 2511 2674 illa
2538 2619 2738 2690 quippe
2765 2620 2871 2675 erit
2892 2619 3255 2675 desideranda
3280 2620 3526 2676 ccelestis

1941 2722 1991 2766 et
2031 2709 2048 2748 ι
2080 2711 2324 2781 angelica
2344 2710 2597 2783 dignitas,
2624 2726 2744 2782 quae
2766 2710 2805 2732 "
2825 2712 3290 2781 incorporatione,
3316 2724 3380 2765 ac
3405 2725 3528 2780 pas-

1939 2805 2093 2859 sione
2108 2847 2123 2871 ,
2141 2815 2197 2859 et
2222 2805 2621 2860 resurrectione
2637 2802 2836 2874 quippe
2851 2811 2935 2858 est
2957 2800 3157 2858 Christi
3173 2801 3525 2859 credentibus

1940 2900 2262 2964 adventura;
2288 2914 2408 2970 qua:
2434 2914 2541 2954 non
2569 2898 2909 2969 temporalis,
2935 2897 3170 2952 carnalis
3187 2940 3201 2964 ,
3225 2912 3288 2951 ac
3317 2897 3520 2951 caduca

1937 2994 2075 3060 erit,
2116 3004 2170 3047 ut
2212 2993 2521 3048 Judaeorum
2564 2990 2865 3048 secundum
2895 2991 3168 3057 litteram,
3197 2998 3253 3045 et
3292 2992 3521 3044 aliorum

1938 3086 2120 3141 talium
2142 3087 2480 3156 pereuntium
2506 3127 2520 3151 ,
2553 3087 2606 3140 in
2636 3093 2910 3153 posterum
2934 3092 3116 3140 autem
3141 3083 3274 3139 nihil
3295 3096 3522 3152 exspecv

1104 3239 1258 3296 COD.
1299 3240 1406 3299 MS.
1450 3243 1801 3300 SANGERM.
1841 3246 2220 3304 LECTIONES
2267 3228 2673 3304 VARIANTES.

309 3336 327 3407 ξ
351 3336 561 3407 hincque
584 3340 794 3407 humano
816 3350 991 3407 generi

308 3398 327 3427 ³
352 3396 681 3453 Ecclesiasten
702 3396 898 3475 libi-uin,
924 3396 1088 3471 paucis

1845 3361 1891 3422 C
1987 3362 2008 3423 ἓ
2030 3360 2333 3423 utilemque
2354 3361 2563 3423 carnalis
2583 3369 2690 3422 est;
2716 3361 2833 3411 nihil

1984 3421 2006 3452 ³
2029 3420 2176 3471 Fides
2196 3420 2375 3472 Christi

1342 3540 1642 3609 FABRiCll
1681 3543 1771 3599 ET
1809 3545 2161 3625 GALEARDI
2196 3548 2425 3604 NOTAE.

313 3641 697 3720 {Prandente
713 3649 914 3718 angelo.
942 3649 1022 3705 Ab
1047 3650 1254 3720 angelis
1278 3664 1455 3707 motus
1477 3654 1830 3711 admirandos

241 3712 455 3794 orbium
495 3712 801 3794 easiestiuni
830 3721 946 3794 regi
983 3712 1285 3776 όοειιέτυηι
1318 3739 1421 3777 non
1456 3726 1608 3794 pauci
1641 3726 1770 3781 olim
1800 3744 1831 3782 e

240 3780 472 3855 luds-is,
512 3788 708 3855 quibus
750 3780 1122 3845 assentiuntur
1159 3794 1320 3847 etiam
1368 3780 1717 3852 Maitnonides
1769 3780 1827 3854 in

244 3851 391 3907 More
418 3851 716 3911 Neb'uchim
738 3873 808 3921 11,
833 3859 867 3912 4
889 3900 903 3922 ,
933 3874 984 3913 et
1008 3862 1316 3916 Abarhanel
1345 3865 1409 3917 ad
1436 3866 1584 3917 lsaim
1612 3851 1685 3918 vt.
1720 3851 1825 3921 Ea:

239 3922 362 3997 dem
384 3926 672 3997 multorum
697 3943 727 3981 e
746 3927 1069 3984 Christianis
1093 3930 1189 3983 fuit
1212 3934 1477 3986 sententia
1498 3975 1511 3997 ,
1540 3944 1594 3986 ιιι
1617 3936 1827 3989 Cnsmm

239 3990 596 4069 lndopleusge
628 3998 718 4051 lib.
748 4013 816 4064 tt,
843 4016 897 4068 p.
927 4001 1051 4061 150,
1078 4001 1197 4060 155,
1227 4014 1282 4054 et
1309 3990 1639 4057 multis'aliis
1659 4004 1821 4069 locis;

239 4078 339 4117 nec
372 4081 477 4139 non
525 4067 798 4139 Theodori
848 4070 1247 4134 Mottsucstcni,
1294 4085 1454 4139 quem
1499 4087 1562 4125 en
1602 4067 1824 4129 nomine

238 4136 591 4203 reprehendit
643 4136 799 4192 Joatt.
848 4140 1183 4205 Philoponus
1230 4136 1324 4193 lib.
1366 4157 1377 4192 t
1414 4142 1480 4193 de
1533 4142 1823 4200 Creatiune

235 4218 286 4258 c.
316 4206 400 4259 12.
435 4206 647 4263 FABRIC.

307 4273 461 4341 1’Qui
492 4278 648 4332 solent
698 4294 864 4331 suum.
911 4278 1003 4331 Τὸν
1046 4278 1182 4335 ἣλιον
1231 4283 1392 4336 αὐτοῦ
1439 4283 1691 4337 ἀνατέλλει
1735 4288 1819 4340 ἐπὶ

234 4350 611 4422 ngunpoucnmi
664 4350 920 4419 ἀγαθοὺς,
974 4351 1059 4401 καὶ
1105 4350 1289 4422 βρέχει
1334 4353 1418 4405 ἐπὶ
1469 4350 1695 4415 δικαίους
1734 4360 1819 4409 καὶ

231 4412 457 4475 autqu
493 4412 710 4470 Fasntc.

307 4493 329 4522 π
360 4484 422 4558 Ιςι
446 4497 713 4558 νηρυατιιηι
752 4486 954 4554 sidera,
987 4491 1188 4558 inquit,
1223 4494 1491 4547 thesauros
1529 4512 1667 4549 suos.
1700 4498 1815 4552 Non

234 4554 455 4628 utemini
505 4557 618 4610 luce
652 4558 781 4626 ipsis
820 4560 999 4612 verbis
1032 4554 1101 4612 ita
1144 4564 1246 4628 legi
1282 4566 1333 4617 itt
1365 4565 1533 4619 sacris
1569 4566 1813 4622 Litteris.

233 4624 300 4674 At
334 4624 384 4676 in
412 4626 550 4680 libru
571 4624 862 4698 Sapientia:
888 4645 993 4689 vn,
1021 4633 1084 4685 15
1105 4673 1119 4695 ,
1146 4624 1346 4694 mentio
1371 4634 1607 4689 thesauri
1627 4641 1815 4693 ἀνεκλι-

230 4700 399 4783 ποῦςὲ
426 4705 483 4783 gl
499 4700 707 4783 .deittde
731 4715 872 4783 vers.
901 4700 967 4755 19
990 4703 1333 4783 celebrantur
1352 4716 1551 4783 τροπῶν
1569 4710 1810 4783 autimas,

229 4768 510 4834 μεταϐολαὶ
546 4780 756 4845 καιρῶν,
789 4776 1030 4827 ἐνιαυτῶν
1066 4775 1237 4831 κύκλοι
1262 4782 1342 4831 καὶ
1370 4768 1599 4851 ἆστὲρων
1628 4768 1807 4842 θέἇειςί

798 4906 801 4913 ι
1092 4911 1103 4913 A
1433 4847 1655 4904 Fiume.

298 4907 325 4941 (³
357 4907 654 4964 Salomonis
689 4907 1054 4965 Ecclesiasten.
1079 4911 1335 4979 Judmos,
1378 4928 1431 4972 et
1473 4918 1809 4977 Christianos

357 4953 653 4994 .,...-...._....-
689 4953 1300 4993 υ--.ν-....,τ.,...-...πυτ
1321 4957 1340 4996 ,_
1378 4953 1443 4999 υ..
1474 4953 1809 4977 murus...”
1834 4953 1887 5013 Β

226 4979 491 5047 quosdam
515 4982 711 5036 dmum
751 4982 1099 5035 Ecclesiastts
1139 4993 1444 5039 auctoritati
1475 5004 1596 5041 cum
1627 4990 1806 5046 Theo-

228 5051 363 5119 tlnrn
410 5051 789 5119 Moltsucstcnu
815 5051 1192 5118 detrahentes,
1220 5052 1472 5111 rcic‘llunt
1502 5060 1726 5115 lluetius
1753 5066 1805 5119 in

229 5118 1012 5199 petnttnstratiuneEvangcl._,
1048 5120 1377 5199 Frassenius
1415 5130 1465 5181 in
1509 5118 1804 5199 disquisitt.

227 5189 340 5245 Bibl
374 5230 389 5255 ,
421 5192 623 5246 Natalis
651 5193 960 5245 Alexander
989 5192 1039 5242 in
1080 5193 1309 5248 llistoria
1342 5197 1453 5251 Vet.
1485 5189 1807 5259 Testiaﬂate

225 5264 407 5326 quinta
431 5261 565 5314 diss.
584 5262 618 5314 4
643 5303 656 5325 ,
680 5259 973 5315 Gudiridus
993 5260 1294 5330 Wegnerus
1313 5269 1378 5321 de
1400 5271 1656 5323 Canonica
1679 5289 1805 5329 auc-

225 5330 440 5400 toritate
489 5331 863 5394 Ecclesiastae,
894 5340 947 5385 et
981 5347 1087 5395 pra:
1118 5336 1335 5389 czrteris
1357 5338 1512 5391 Joan.
1544 5341 1805 5400 llcnricus

224 5397 499 5470 Michaelis
532 5402 581 5452 in
615 5410 864 5454 accurate
892 5401 1161 5456 elaborata
1195 5405 1323 5459 diss.
1366 5410 1432 5461 de
1473 5397 1803 5470 EcclesiaSIe

224 5467 528 5523 Salomonis
557 5470 702 5523 Halae
728 5471 854 5522 Sax.
893 5473 955 5523 Α.
992 5474 1149 5526 1716.
1187 5473 1401 5530 FABRIC.

296 5548 319 5574 θ
353 5537 477 5617 {pse
504 5539 748 5617 Salvator
786 5550 1001 5617 testatus
1036 5551 1128 5617 est.
1162 5543 1349 5617 Matth.
1390 5563 1483 5611 xu,
1525 5550 1635 5617 42;
1668 5554 1797 5610 Luc.

224 5623 303 5674 XI,
356 5610 449 5672 31,
500 5612 736 5681 optimus
782 5610 1029 5665 Salvator
1074 5612 1141 5666 de
1183 5614 1441 5681 s-tpientia
1474 5610 1801 5680 Salomonis

222 5680 497 5757 egregium
544 5680 1089 5757 lert_testitnoniut_t_t;
1132 5680 1384 5739 omnibus
1425 5697 1620 5757 tamen
1652 5695 1801 5750 illum

226 5749 608 5815 iapieutiorcm
656 5749 819 5805 fuisse.
862 5752 1159 5817 prioribus,
1196 5756 1339 5822 quod
1383 5759 1451 5811 ait
1498 5755 1641 5817 eum
1671 5749 1796 5819 Pati

1932 3659 2149 3732 lastrius
2174 3664 2383 3732 testari,
2419 3678 2687 3732 nusquam
2712 3662 2935 3717 disertis
2962 3663 3144 3718 verbis
3170 3663 3426 3718 allirtnat.

2008 3728 2027 3767 ί
2064 3732 2191 3793 Qua:
2217 3730 2306 3784 sub
2336 3736 2460 3786 cwlo
2489 3728 2626 3787 sunt.
2664 3732 2829 3799 LXX,
2852 3735 2954 3789 ὑπὸ
2982 3737 3067 3790 τὸν
3096 3734 3245 3792 ἥλιον.
3288 3734 3508 3790 FABRIC.

2005 3810 2029 3847 ε
2060 3800 2354 3875 Nuntiauit.
2405 3806 2480 3858 lta
2528 3805 2719 3875 scripsi
2773 3819 2870 3872 pro
2916 3806 3186 3875 nuntiabit.
3234 3805 3508 3859 Vocabulo

1931 3872 2209 3924 nuntiandi
2235 3873 2467 3943 libenter
2489 3872 2671 3927 noster
2694 3877 2880 3943 utitur.
2906 3874 2995 3927 Sic
3016 3876 3153 3928 intra
3178 3875 3280 3928 hoc
3299 3877 3505 3943 capite:

1928 3942 2187 3992 carnalem
2222 3943 2377 3993 vitam
2411 3942 2673 3995 hominum
2711 3959 2739 3993 a
2771 3942 2877 3995 Deo
2916 3960 3207 3996 concessam
3247 3946 3298 3995 in
3325 3942 3507 3997 multis

1927 4008 2118 4061 divitiis
2139 4012 2416 4064 nuntiavit.
2442 4015 2616 4078 Atque
2640 4013 2834 4064 iterum
2870 4027 2881 4062 :
2921 4014 3170 4063 diversam
3196 4028 3363 4064 escam
3386 4014 3503 4080 glo—

1924 4080 2154 4153 riamque
2192 4090 2481 4153 sanctorum
2525 4082 2787 4133 hominum
2828 4080 3114 4153 nuntiabat.
3156 4081 3448 4153 Et__rttr5tts
3484 4099 3497 4134 :

1923 4149 2177 4221 uitantque
2200 4151 2515 4218 pereundum
2542 4153 2825 4221 nuntiabat.
2858 4149 3074 4221 FABRIC.
3103 4181 3165 4191 —
3203 4150 3255 4203 Ν
3264 4149 3494 4206 nntiarit.

1933 4216 2505 4276 Vocabulo'numtanut
2533 4222 2744 4275 libenter
2778 4217 2967 4274 Noster
3000 4222 3179 4287 utitur,
3221 4222 3367 4275 addit
3397 4222 3501 4276 Fa—

1921 4287 2143 4348 bricius.
2179 4291 2418 4359 locisque
2457 4294 2524 4346 ab
2564 4308 2629 4345 eo
2676 4290 2896 4359 prolatis
2944 4291 3058 4346 hac
3101 4292 3330 4359 jungere
3371 4293 3500 4346 licet

1921 4372 2039 4430 cap.
2072 4361 2196 4424 HO,
2226 4378 2323 4414 vox
2352 4362 2522 4416 Patris
2560 4363 3017 4430 omnipotentisque
3049 4365 3262 4416 scientia
3288 4366 3497 4415 nuntia-

1920 4428 2100 4495 batur;
2134 4447 2252 4499 cap.
2286 4433 2375 4495 75,
2407 4436 2502 4487 hoc
2540 4428 2805 4487 nuntiabat
2835 4428 3101 4499 docendo;
3135 4448 3255 4501 cap.
3288 4433 3356 4487 80
3393 4448 3493 4487 ex-

1920 4510 2092 4573 tremo
2120 4505 2321 4556 nuntiat
2349 4506 2538 4572 pariter
2569 4514 2613 4557 et
2646 4505 2944 4573 prophetat:
2968 4515 3019 4556 et
3044 4505 3189 4556 alibi.
3215 4503 3487 4560 GALEARD.

1990 4568 2015 4609 1’
2044 4572 2249 4649 (irate,
2266 4568 2501 4647 Φάῆωμεν
2528 4581 2611 4629 καὶ
2634 4568 2846 4647 nimiam,
2874 4572 3043 4649 αὕρισν
3069 4577 3496 4649 γὰρ’ἀποθνήσζο-

1917 4663 2025 4713 μεν.
2060 4644 2322 4715 Laconica
2346 4644 2465 4699 huic
2492 4657 2547 4699 et
2577 4644 3017 4715 vetns'pnrmtnia
3048 4644 3168 4695 esse
3199 4654 3411 4715 notatur
3434 4644 3489 4715 in

1918 4714 2086 4767 veteri
2113 4716 2298 4769 codice
2337 4717 2683 4770 Biblimhecm
2719 4713 2974 4769 Πῡιιιιιιιιιι
3016 4713 3400 4766 monachorum
3429 4713 3487 4766 S.

1917 4781 2095 4856 Basilii
2142 4785 2281 4856 apud
2327 4788 2596 4841 celeberr.
2639 4788 3072 4842 lloatl’anconum
3108 4797 3160 4851 p.
3189 4782 3294 4836 212
3322 4782 3488 4836 Diarii

1916 4854 2100 4909 italici.
2136 4854 2353 4912 Ρλιιιιιε.

1996 4924 2005 4960 ί
2040 4924 2207 5003 LXX,»
2232 4923 2528 5003 ’Ἄνθρωπος
2572 4931 2621 4982 ἐν
2656 4936 2776 5001 τιμῇ
2806 4927 2873 4980 ὧν
2899 4929 2955 4980 οὐ
2976 4934 3207 5003 Δσξυνῆκςι
3226 4943 3484 5003 trario-«auu-

1914 4997 2096 5055 εϐληθή
2126 5005 2232 5057 τοῖς
2260 4995 2460 5056 utrium:
2496 5009 2600 5060 τοῖς
2638 4995 2865 5058 ἀπλέτοις
2902 4999 2988 5050 καὶ
3013 4995 3241 5118 ὠμοίῗὼθή
3288 4995 3481 5052 utitor":-

3166 5078 3334 5117 ABRIC.

3166 5078 3334 5117 ABRIC.

1984 5135 1999 5212 ξ
2037 5134 2293 5212 llajoretn
2326 5149 2532 5193 sortem.
2560 5145 2658 5199 Τήν
2688 5141 2877 5212 ἀγαθὴν
2900 5134 3094 5211 μερίδα.
3128 5134 3343 5212 Ε’,ιλιιιυίςἵ

1983 5203 2005 5285 'f
2037 5203 2197 5285 'l‘eit.
2231 5209 2406 5285 Cyme.
2449 5203 2790 5285 Παράγεεςχᾶρ
2830 5203 3129 5285 ατὸςσὶίῆέυισξ⁸
3153 5204 3483 5285 τοῦ-,κόσμου

1910 5280 2121 5351 ιτᾳρτουἒ
2160 5277 2327 5351 Verba
2359 5291 2405 5333 et
2433 5274 2617 5351 gtoiia',
2647 5274 2973 5334 Phit'astrius’
2992 5274 3291 5342 explicandi
3320 5287 3482 5326 causa

1906 5347 2165 5412 adjunxit.
2202 5348 2415 5404 FABRIC.

1984 5414 1998 5451 ¹
2038 5418 2285 5488 Angelica
2331 5420 2574 5491 dignitas.
2618 5419 2753 5473 Vide.
2788 5431 2906 5486 cap.
2952 5414 3078 5478 126,
3112 5411 3313 5537 ligni:
3354 5412 3476 5467 137.

1978 5566 2015 5591 ιιι
2047 5558 2497 5634 incorporatione.
2526 5560 2936 5634 Ἐνανθρωπήᾳει.
2962 5553 3341 5634 Italegendutn
3370 5568 3478 5609 uno

1910 5625 2334 5697 Vocabulo,'quo
2356 5630 2550 5697 satpius
2575 5625 2757 5683 noster
2790 5630 2953 5679 utitur
2982 5633 3037 5697 ut
3068 5625 3148 5677 bis
3166 5625 3315 5697 intra
3352 5638 3475 5695 cap.

1913 5697 2031 5757 l58.
2064 5691 2407 5755 nunduobns
2436 5691 2489 5752 in
2519 5700 2646 5752 editi
2676 5701 2726 5750 in
2760 5696 3133 5765 corporatione.
3166 5691 3381 5748 FABRIC.
