3902 6400
216 382 219 386 ’
241 402 377 460 nos

1467 403 1666 460 LIBER
1707 403 1793 458 DE
1828 401 2253 459 HIERESIBUS.

3334 394 3476 453 1270

243 518 553 572 salutarem.
590 527 617 554 ιι
661 516 897 588 Ideoque
929 517 1186 573 Dominus
1216 517 1327 572 ait:
1363 517 1494 571 Ecce
1520 517 1606 587 qui
1633 517 1803 586 loqne-
1834 518 1884 575 A
1912 516 2086 584 imago
2129 516 2200 569 sit
2245 503 2429 584 genita
2469 514 2706 583 proprie,
2747 527 2852 567 non
2906 512 3177 580 positione
3215 504 3494 566 servitu-tis

244 611 332 664 bar
369 610 424 664 in
462 608 756 681 Prophetis,
790 612 969 665 adsum
1010 608 1166 683 (Isai.
1191 624 1286 675 LII,
1309 610 1388 675 6).
1419 609 1645 677 Majores
1682 616 1808 663 sunt

244 701 421 771 itaque
445 700 537 772 qui
573 702 676 758 sub
717 701 966 756 Mandata
1006 702 1222 757 luerunt
1243 701 1259 732 ¹
1287 701 1518 770 antiqui,
1546 716 1668 754 cum
1697 714 1804 753 non

243 791 396 846 obliti
421 792 580 846 etiam
611 793 632 823 ¹
654 791 851 847 Christi
880 791 1200 856 Salvatoris,
1220 793 1330 844 suis
1360 790 1591 859 posteris
1616 799 1668 844 et
1689 787 1806 858 ejus

245 882 560 954 mysterium
587 875 926 937 nuntiarunt:
950 882 1106 950 cujus
1145 890 1201 937 et
1234 880 1505 936 oblivione
1545 879 1808 935 existente

246 974 298 1028 in
320 973 537 1041 Iuda-is,
559 972 588 1011 ι)
611 974 906 1028 admonitio
935 987 1146 1027 rursum
1170 971 1361 1026 littera:
1385 970 1674 1025 subsecuta
1701 977 1804 1036 est,

245 1073 301 1120 ut
331 1065 385 1120 io
416 1065 595 1120 littera
618 1066 801 1130 etiam,
831 1065 1032 1118 Christi
1059 1063 1312 1132 spiritalis
1340 1061 1587 1125 scientia,
1618 1069 1674 1116 et
1696 1075 1807 1115 car-

245 1155 384 1210 nalis
435 1155 718 1225 prarsentia
777 1153 1089 1208 illuminans
1145 1151 1432 1217 szrculum,
1473 1160 1803 1220 speraretur.

243 1243 471 1316 Ideoque
511 1244 619 1300 Lex
659 1245 789 1300 Mosi
829 1246 973 1300 aliud
1021 1247 1072 1299 in
1125 1260 1260 1300 ευιιο
1303 1239 1487 1307 vocis,
1525 1243 1669 1298 aliud
1702 1253 1722 1281 ε
1752 1243 1805 1297 in

241 1333 552 1390 abscondito
599 1334 837 1390 salutare
891 1334 1092 1388 Christi
1156 1332 1473 1404 mysterium
1523 1332 1808 1387 cantinens

242 1424 538 1480 nuntiabat.
569 1424 710 1494 Ergo
737 1439 908 1492 neque
937 1423 1238 1477 Mandatum
1261 1421 1376 1477 sine
1397 1421 1551 1492 Lege,
1583 1435 1680 1476 nec
1701 1419 1808 1474 Lex

198 1524 200 1526 ’
241 1518 360 1572 sine
383 1515 654 1582 Mandata,
682 1529 781 1571 nec
809 1513 989 1570 Gratia
1021 1514 1217 1570 Christi
1245 1514 1363 1568 sine
1387 1511 1540 1584 Lege,
1570 1521 1624 1566 et
1649 1510 1805 1565 Man-

241 1605 358 1659 dato
381 1606 571 1674 accipi,
605 1613 697 1658 aut
720 1605 868 1658 credi
896 1604 1056 1659 debet
1083 1604 1150 1658 ab
1178 1605 1378 1673 aliquo.

239 1692 542 1748 CXXXVII.
590 1693 675 1748 DE
713 1691 995 1748 IMAGINE
1045 1691 1132 1746 ET
1187 1688 1644 1746 SIMILITUDINE
1696 1688 1803 1744 DEI

662 1783 722 1836 IN
765 1781 1015 1837 HOMINE
1054 1779 1391 1835 HERESIS.

306 1875 445 1930 Sunt
487 1860 700 1941 quidam
746 1871 1009 1938 haeretici,
1050 1872 1142 1942 qui
1183 1886 1303 1926 cunt
1342 1871 1525 1940 legunt
1560 1869 1805 1939 Scriptu-
1836 1892 1880 1950 Β

239 1981 371 2032 ram,
397 1964 613 2019 dicente
638 1963 863 2017 Domino
888 1979 901 2015 :
936 1959 1210 2016 Faciamus
1239 1960 1489 2014 hominem
1523 1960 1591 2011 ad
1617 1960 1799 2028 imagi-

238 2073 372 2122 nem,
407 2067 456 2110 ει
484 2056 872 2110 similitudinem
909 2062 1133 2129 nostram
1171 2051 1323 2122 (Gen.
1358 2067 1396 2117 ι,
1434 2051 1555 2134 26);
1600 2066 1703 2104 non
1747 2052 1799 2104 in

240 2154 460 2209 parvam
499 2138 836 2194 descendunt
869 2138 1195 2201 amentiam;
1233 2137 1542 2206 ignorantes
1571 2135 1798 2205 primunt

235 2230 361 2301 quid
415 2232 628 2300 imago,
682 2230 877 2300 quidve
926 2228 1218 2283 similitudo
1269 2229 1340 2282 sit
1391 2228 1502 2282 Dei.
1561 2226 1801 2296 Cumque

236 2321 636 2392 nesciuntquid
666 2326 736 2376 sit
762 2321 934 2390 imago
969 2320 1060 2375 Dei
1089 2329 1278 2374 natura
1303 2319 1664 2390 proprietatis,
1696 2314 1720 2353 ί¹
1747 2328 1801 2374 et
1832 2331 1836 2334 ·

201 2468 203 2472 .
234 2412 361 2484 quid
399 2413 684 2482 positionis
725 2413 795 2466 sit
835 2412 1024 2481 gratia,
1057 2427 1163 2464 non
1205 2425 1422 2478 parvam
1460 2410 1559 2463 sibi
1605 2423 1803 2478 pracsu-

235 2511 389 2558 munt
409 2504 714 2574 superbiam
737 2490 1038 2572 dignitatis.
1064 2513 1087 2538 ο
1112 2502 1287 2572 Imago
1307 2503 1448 2556 enim
1481 2501 1594 2567 Dei,
1622 2502 1672 2555 id
1695 2511 1798 2567 est,

233 2593 636 2663 animaanmis
683 2594 938 2660 hominis,
980 2590 1115 2648 facta
1163 2609 1228 2648 ex
1276 2593 1801 2668 nihilozqsimilitudo

235 2691 415 2740 autem
449 2685 500 2740 iu
536 2683 690 2750 Fide,
717 2696 770 2740 et
797 2687 904 2739 vita
934 2684 1037 2739 nisi
1060 2683 1274 2754 cognita
1302 2683 1462 2739 luerit
1494 2699 1520 2737 a
1551 2684 1680 2752 Deo,
1709 2699 1802 2755 ap-

232 2776 423 2846 pellari
447 2791 552 2833 non
575 2786 749 2848 potest
776 2779 870 2833 Dei
896 2779 1070 2848 imago
1090 2778 1302 2832 similis.
1327 2779 1568 2848 Cumque
1596 2791 1656 2834 se
1679 2790 1802 2835 esse

236 2867 357 2938 plus
376 2869 843 2940 :estimatsliquis,
879 2869 1310 2939 praesumptionis
1346 2869 1549 2925 crimen
1579 2869 1802 2924 incurrit

148 2995 150 2997 ›
233 2959 436 3029 potius,
459 2975 614 3030 quam
641 2960 892 3014 meritum
916 2959 1194 3029 dignitatis
1217 2960 1317 3015 sibi
1343 2960 1592 3029 acquirit.
1626 2960 1648 2991 ³
1666 2959 1798 3015 Nam

231 3064 354 3104 cum
378 3049 492 3105 hare
511 3064 742 3120 peccans
763 3051 1032 3105 invenitur
1053 3052 1252 3116 anima,
1275 3049 1548 3120 etjudicio
1569 3050 1799 3106 obnoxia

233 3139 524 3198 tletinen'do
567 3141 942 3214 cognoscitur,
991 3143 1264 3214 quomodo
1306 3157 1428 3199 esse
1472 3152 1646 3212 potest
1688 3143 1801 3198 haec

1909 612 2088 659 creata
2115 619 2178 659 ex
2212 604 2404 669 nihilo,
2435 609 2494 658 ut
2515 602 2699 665 homo,
2731 610 2787 658 et
2811 602 3057 669 angelus.
3093 601 3322 670 Ideoque
3348 599 3489 653 ima-

1906 697 2104 766 ginem,
2140 694 2192 750 id
2220 705 2302 750 cst
2328 694 2558 749 animam
2586 695 2863 749 hominum
2888 709 3243 765 paganorum,
3273 691 3492 748 Iudaeo-

1906 801 2045 851 rum,
2078 785 2479 849 haereticorum,
2508 795 2559 838 et
2599 787 2864 848 omnium,
2894 785 3001 840 dici
3045 799 3200 854 posse
3239 783 3488 838 declara-

1905 878 1982 931 vit
2002 879 2050 932 in
2074 876 2345 932 communi
2369 879 2737 946 generatione,
2764 886 2922 946 atque
2945 885 2969 921 ϐ
2993 875 3150 929 unius
3174 874 3193 904 ⁸
3215 873 3493 943 qualitatis

1907 979 2119 1036 natura,
2153 969 2432 1038 Scriptura
2467 968 2826 1023 substantiam
2859 957 3146 1020 nuntiavit.
3180 963 3493 1018 llSimilitu-

1907 1059 2087 1115 dincm
2117 1069 2295 1114 autem
2326 1074 2431 1114 non
2471 1059 2732 1122 omnium,
2762 1057 2856 1112 sed
2885 1066 3215 1120 sanctorum,
3244 1063 3298 1109 et
3325 1052 3492 1108 Chri-

1907 1153 2204 1207 stianorum
2242 1167 2361 1208 esse
2403 1150 2780 1206 tantummodo
2810 1148 3129 1213 declaravit,
3155 1148 3243 1216 qui
3278 1146 3328 1200 in
3358 1143 3490 1211 ﬁde,

1907 1244 2037 1310 vita,
2080 1253 2135 1298 et
2171 1243 2316 1297 bono
2359 1256 2525 1313 opere
2554 1249 2953 1311 permanentes,
2993 1239 3002 1274 ί
3039 1238 3349 1306 angelorum
3380 1247 3494 1291 cm-

1909 1333 2061 1387 lestia
2087 1334 2276 1386 merita
2317 1332 2370 1386 in
2403 1331 2638 1385 futurum
2678 1330 2936 1398 consequi
2967 1328 3394 1397 promittuntur;
3430 1332 3491 1378 ut

1910 1423 2248 1491 patriarchae,
2280 1421 2581 1490 prolihetai.
2610 1419 2946 1483 sacerdotes,
2968 1417 3202 1488 judiccs,
3233 1413 3489 1485 apostoli,

1906 1521 2068 1581 atque
2110 1511 2573 1581 cvangelislm,'ct
2615 1509 2899 1580 Martyres,
2933 1509 3022 1577 qui
3069 1505 3318 1560 Trinitati
3359 1519 3486 1559 cre-

1907 1602 2114 1664 dentes,
2143 1610 2197 1654 et
2226 1602 2277 1653 in
2308 1601 2415 1653 vita
2459 1599 2716 1667 praeclara
2745 1607 3144 1668 permanentes,
3173 1595 3489 1664 angelorum

1906 1691 2090 1760 gloria:
2144 1689 2391 1759 copulari
2439 1705 2466 1742 a
2517 1689 2745 1744 Domino
2792 1689 3130 1743 nuntiantur.
3181 1684 3490 1741 Similitudo

1905 1781 2046 1835 enim
2092 1797 2157 1834 ex
2206 1781 2450 1857 doctrina
2496 1780 2674 1851 Legis,
2724 1781 2849 1844 title,
2903 1781 3035 1846 vita,
3085 1787 3140 1833 et
3187 1776 3388 1844 studio,
3432 1785 3490 1831 et

1908 1887 2071 1940 Opere
2095 1863 2437 1941 cognoscitur
2464 1886 2610 1937 vera,
2638 1879 2698 1926 ut
2722 1885 2842 1940 qua:
2872 1886 2903 1923 ει
2932 1869 3044 1924 Deo
3075 1868 3212 1922 facta
3245 1875 3350 1933 est,
3382 1867 3489 1936 legi

1905 1964 2018 2033 ejus
2039 1963 2240 2017 divina:
2261 1963 2604 2018 consentiens
2626 1971 2895 2032 praecepta
2918 1954 3118 2040 statuta
3141 1958 3484 2028 complenda,

1905 2055 2054 2122 regni
2078 2053 2314 2108 scelestis
2337 2054 2672 2108 consortium
2695 2062 2881 2122 speret
2905 2049 2975 2106 ab
2999 2065 3065 2104 eo
3093 2065 3152 2106 se
3181 2063 3338 2119 posse
3367 2048 3488 2104 adi-

1906 2144 2063 2214 pisci,
2093 2145 2309 2198 dicente
2332 2145 2593 2214 Apostolo
2622 2163 2635 2199 :
2673 2145 2869 2200 Nostra
2894 2153 3066 2197 autem
3095 2143 3406 2197 conversatio
3430 2142 3487 2196 in

1902 2236 2038 2290 caelis
2060 2245 2132 2290 est
2157 2234 2376 2308 (Philip.
2403 2252 2482 2300 nt,
2504 2238 2621 2306 20).
2650 2237 2716 2291 Et
2742 2237 3004 2292 Dominus
3032 2238 3225 2290 iterum
3252 2253 3264 2288 :
3295 2235 3306 2285 i
3338 2233 3484 2290 Gau-

1902 2330 2033 2393 dete,
2071 2320 2190 2396 quia
2232 2329 2438 2382 nomina
2481 2337 2644 2383 vestra
2685 2331 2740 2384 in
2781 2327 2904 2382 caelo
2941 2328 3135 2396 scripta
3178 2337 3295 2380 sunt
3330 2325 3481 2396 (Luc.

1903 2434 1957 2480 χ,
1986 2418 2102 2487 20).
2131 2416 2200 2470 Et
2232 2419 2372 2487 quod
2411 2418 2461 2470 in
2497 2418 2586 2472 die
2609 2418 2798 2488 judicii
2825 2433 2920 2473 eos
2950 2419 3092 2471 sicut
3131 2417 3354 2486 angelos
3389 2417 3487 2473 de-

1902 2507 2235 2562 monstrabat
2261 2507 2469 2562 futuros
2499 2507 2650 2577 (an.
2686 2524 2780 2574 xx,
2811 2508 2925 2578 36),
2957 2507 3220 2561 Dominus
3249 2507 3378 2562 dicit
3407 2506 3482 2562 do

1901 2614 2068 2670 regno
2090 2598 2296 2654 caelesti
2325 2616 2338 2652 :
2366 2598 2390 2636 ιι
2423 2598 2621 2663 Venite,
2654 2599 2895 2669 percipite
2924 2597 3161 2671 Regnum
3184 2597 3319 2668 quod
3344 2596 3487 2651 robis

1903 2700 2139 2760 paratum
2169 2699 2242 2744 est
2275 2689 2339 2742 ab
2365 2689 2561 2760 origine
2593 2689 2781 2742 Mundi
2812 2687 3033 2759 (Matth.
3091 2703 3218 2755 xxv,
3249 2686 3360 2757 54).
3395 2686 3484 2742 Si-

1903 2780 2147 2836 militudo
2190 2781 2367 2850 itaque
2406 2795 2469 2834 ex
2518 2779 2649 2835 Fide
2694 2789 2896 2834 sanctae
2935 2778 3236 2841 Trinitatis,
3282 2787 3333 2834 et
3367 2779 3480 2833 vita

1900 2874 2059 2941 bona,
2091 2880 2145 2927 et
2167 2887 2333 2943 opere
2357 2871 2608 2942 sequenti
2631 2871 2811 2927 inesse
2833 2871 3161 2937 ostenditur,
3193 2878 3250 2925 ut
3274 2885 3478 2926 exeun-

1900 2977 1982 3022 tes
2022 2967 2324 3036 percipiant
2364 2965 2687 3035 promissum
2717 2965 3050 3020 consortium
3090 2963 3352 3033 angelica:
3393 2959 3480 3016 di-

1901 3054 2153 3126 gnitatis,
2205 3064 2263 3109 ut
2310 3055 2386 3109 ait
2429 3054 2663 3110 Joannes
2705 3071 2717 3106 :
2756 3051 2772 3090 ι
2808 3052 2950 3108 Tunc
2995 3053 3188 3108 similes
3215 3053 3258 3106 ei
3285 3053 3477 3105 erimus

1900 3149 1943 3217 (I
1971 3144 2130 3209 Joan',
2166 3164 2242 3213 nt,
2268 3148 2350 3216 ἓ).
2385 3147 2451 3201 Ει
2477 3147 2736 3202 Dominus
2760 3163 2774 3200 :
2802 3156 2841 3183 ηι
2864 3146 3076 3202 Similes
3103 3154 3262 3200 estote
3302 3145 3478 3198 Patris

236 3231 328 3285 Dei
359 3232 620 3286 naturalis
653 3233 847 3302 imago,
875 3249 994 3304 quae
1016 3233 1244 3288 diversls
1271 3234 1504 3304 peccatis
1530 3233 1796 3302 dignosci-
1827 3236 2100 3317 C'oestri.’

234 3330 320 3402 tur
355 3321 654 3402 inservire?
685 3339 806 3377 cum
845 3324 944 3377 alia
989 3325 1129 3378 nulla
1172 3339 1292 3379 esse
1333 3328 1503 3394 possit
1540 3325 1797 3381 naturalis

234 3412 414 3482 imago
439 3410 532 3467 Dei
559 3412 759 3476 divina,
798 3424 850 3467 et
880 3414 1050 3469 l’atris
1083 3416 1317 3484 propria,
1346 3430 1451 3470 non
1478 3417 1678 3485 angeli,
1704 3426 1799 3470 aut

233 3503 488 3574 hominis,
515 3502 615 3558 nisi
646 3502 842 3558 Christi
886 3503 980 3559 Dci
1026 3504 1164 3570 Filii,
1196 3507 1283 3575 qui
1320 3516 1504 3560 natura
1552 3507 1797 3576 promic-

235 3594 361 3649 tatis
385 3593 696 3661 indiscreta,
732 3593 748 3632 ί
775 3604 1007 3665 paternre
1029 3595 1343 3651 substantias
1371 3611 1431 3652 ac
1457 3597 1795 3665 sempiterna:

1894 3331 2221 3386 CXXXVIII.
2275 3331 2592 3388 IUERESIS
2632 3333 2816 3389 DEUM
2865 3331 3250 3390 INCBEPANS
3285 3333 3472 3400 QUOD

1967 3421 2275 3477 DIVERSIS
2350 3423 2618 3480 LINGUIS
2704 3424 2792 3478 ET
2883 3423 3084 3480 MODIS
3168 3422 3470 3478 HOMINES

1966 3509 2367 3566 ALLOCUTUS
2407 3512 2534 3568 SIT.
3123 3533 3125 3535 ί

1964 3602 2102 3654 Sunt
2128 3601 2338 3669 quidam
2357 3587 2600 3658 dicentes
2626 3602 2906 3668 haeretici,
2939 3618 3037 3657 cur
3069 3617 3173 3658 non
3198 3604 3335 3660 Deus
3363 3617 3478 3660 uno

1067 3795 1220 3850 COD.
1261 3796 1369 3852 MS.
1412 3795 1754 3852 SANGEIIM.
1801 3796 2182 3854 LECTIONES
2227 3800 2627 3856 VARIAN'I‘ES.

301 3933 315 3994 Ἶ
343 3932 525 3994 antiqui
545 3932 682 3994 cujus
701 3945 795 3981 non

298 3993 320 4057 ξ
342 3991 516 4057 Christi
539 3991 800 4057 Sslvatoris
818 3995 890 4042 sui
908 3995 1092 4057 posteri

300 4054 321 4085 ³
342 4052 460 4103 Nam
483 4066 592 4105 cum
614 4054 717 4104 haec
743 4051 948 4117 peccatis
965 4057 1122 4104 anima
1145 4058 1196 4103 et
1219 4052 1399 4113 judicio
1419 4051 1627 4102 obnoxia
1662 4051 1791 4103 deti-

1895 3934 2054 3982 nenda

1959 3995 1978 4022 ³
2000 3993 2242 4054 qualitatis
2260 4001 2503 4043 naturai...
2531 3998 2626 4044 vita
2653 4003 2704 4045 et
2729 3998 2853 4046 bono

1325 4220 1619 4279 FABRICII
1661 4221 1746 4277 ET
1783 4221 2131 4278 GALEARDI
2168 4223 2395 4279 ΝΟΤᾹΖ.

305 4368 340 4440 υ.
378 4355 594 4440 Ideogue
624 4355 870 4440 Dominus
905 4343 1000 4440 a‘it.‘
1036 4355 1191 4440 Apud
1225 4355 1414 4440 Isaiam
1443 4371 1533 4415 ιιι.
1562 4354 1804 4440 (Rhodio

1903 4357 1958 4412 s.
2008 4357 2261 4412 Paulinus
2290 4361 2450 4428 epist.
2483 4341 2538 4423 εξ
2571 4362 2634 4414 ad
2682 4365 2956 4428 Severum,
3000 4365 3158 4418 docet
3201 4364 3252 4418 in
3300 4366 3469 4421 Adam

231 4427 433 4502 legitur
457 4443 470 4476 :
495 4424 610 4482 Ὀτι
637 4429 735 4502 ξγὼ
761 4428 1043 4502 εἰμιιῌοιύίινόςΔ
1061 4424 1269 4502 discidia
1304 4428 1526 4502 πάρειμι.
1551 4424 1651 4502 _A_|)
1683 4425 1805 4502 Epi-

1914 4428 2074 4481 solam
2128 4429 2281 4502 nobis
2325 4424 2593 4502 imaginem
2633 4424 2988 4498 remansisse;
3033 4435 3100 4488 ad
3149 4435 3469 4499 originalem
3538 4438 3544 4445 ”

235 4494 438 4564 pbanio
480 4506 609 4555 ttun.
637 4494 681 4556 Ιξ
713 4494 832 4564 pag.
869 4496 993 4557 501,
1035 4498 1102 4548 ita
1148 4494 1393 4548 lamlatnr
1418 4494 1517 4548 :"0
1551 4495 1711 4548 λαλῶν
1755 4497 1804 4550 ἕν

1904 4506 2087 4568 autem
2102 4498 2337 4568 gloriam
2377 4498 2806 4568 nosrelormari,
2833 4503 2876 4557 si
2907 4503 3141 4558 divinam
3173 4498 3474 4560 similitudi-

233 4563 342 4624 βιοῖς
367 4569 643 4640 προφήταις
673 4563 1035 4652 ἰδούἐπάρεέξιι.
1073 4565 1328 4626 Etttntlctn
1365 4565 1538 4618 locum
1584 4565 1804 4618 adduxit

1914 4582 2016 4652 nam
2051 4563 2254 4652 Christi
2289 4563 2913 4652 inuitationerapiamus.
2950 4573 3124 4628 Etiam
3168 4573 3374 4652 [’latoni
3417 4579 3469 4630 in

235 4637 420 4705 noster
444 4650 604 4705 supra
628 4649 748 4704 cap.
781 4637 900 4689 109'.
937 4637 1151 4690 FABRIC.
1392 4667 1415 4705 κο

306 4703 333 4742 δ
372 4703 660 4774 ᾼάυιόηὶιὶο
678 4703 880 4758 rnrsnm
902 4707 1101 4760 litterw.
1128 4705 1366 4759 Mosaicae
1390 4704 1561 4774 Legis.
1584 4703 1798 4774 anutc.

307 4783 330 4847 ς
373 4773 439 4847 In
463 4775 779 4847 abscondito.
796 4775 1016 4847 Typico.
1032 4773 1558 4847 mysticoqtiesensn.
1581 4773 1796 4828 anntc.

305 4843 333 4879 ιι
376 4843 440 4896 Et
487 4846 610 4912 quid
659 4843 923 4913 positionis
969 4847 1033 4897 sit
1082 4843 1265 4915 gratia.
1314 4843 1402 4897 Sic
1441 4844 1598 4912 paulo
1646 4852 1799 4915 post,

233 4914 404 4982 genita
433 4915 656 4979 praprie,
684 4931 783 4967 non
807 4916 1052 4983 positione
1071 4913 1322 4969 servitutis
1344 4925 1513 4968 creata
1534 4929 1596 4967 ea:
1617 4913 1797 4965 nihilo.

235 4983 416 5039 Utitur
441 4985 627 5037 eadem
663 4999 795 5037 voce
836 4985 1165 5039 Gaudentius
1209 4999 1372 5037 scrm.
1409 4984 1458 5041 1.
1492 4993 1674 5036 natura
1702 4998 1800 5035 non

231 5051 670 5124 positione_l)eus.
703 5054 852 5119 Vide,
882 5056 928 5108 si
961 5055 1126 5119 lubet,
1163 5065 1314 5107 notas
1343 5063 1554 5107 nostras
1581 5052 1644 5103 ad
1675 5067 1798 5106 cum

233 5122 436 5176 locum.
468 5122 744 5177 Gsmsnn.

310 5203 333 5227 τε
374 5190 553 5261 Imago
575 5193 686 5255 Dei,
721 5194 774 5245 id
802 5203 873 5246 est
900 5193 1068 5246 animo
1090 5193 1252 5245 omnis
1277 5192 1512 5244 hominis.
1547 5190 1798 5261 Pluribus

235 5265 342 5316 hoc
374 5260 642 5315 veteribus
669 5262 922 5316 Ecclesia!
951 5263 1267 5316 Doctoribus
1295 5275 1625 5326 persuasum.
1667 5260 1797 5314 Vide

236 5331 509 5387 Petaviuni
533 5331 625 5384 lib.
654 5345 689 5384 ll
717 5332 901 5400 Dogm.
928 5331 1117 5386 Theol.
1141 5332 1206 5384 de
1233 5331 1448 5398 opilicio
1476 5344 1565 5382 sex
1589 5330 1794 5400 diorum

233 5416 282 5453 ο.
316 5402 375 5466 2,
403 5410 456 5453 et
483 5399 950 5454 Benedictinornut
992 5403 1367 5469 prolegonn-na
1411 5400 1474 5451 ad
1514 5401 1568 5453 S.
1612 5399 1795 5453 Ililarii

232 5487 399 5538 opera
434 5484 553 5538 pag.
583 5469 651 5523 78
678 5476 731 5522 ct
757 5469 878 5523 112.
914 5469 1128 5523 Fiume.

180 5559 186 5563 ·
313 5540 333 5578 ί
366 5538 613 5614 Paterna:
637 5538 1134 5614 substmttiwimago.
1167 5539 1339 5592 'IIehr.
1362 5553 1399 5602 l,
1423 5538 1456 5590 5
1484 5554 1497 5591 :
1526 5543 1800 5614 χαρακτήρ

233 5621 330 5671 τῆς
353 5610 690 5667 ὑποστάσεως
719 5610 897 5662 αὐτοῦ.
928 5607 1140 5662 FABmc.

315 5689 339 5725 κ
383 5675 548 5732 Unius
587 5679 845 5744 qualitatis
885 5687 1088 5740 natura,
1131 5678 1479 5747 substantiam.
1521 5677 1610 5730 Sic
1644 5693 1805 5747 supra

241 5764 365 5819 cap.
395 5747 484 5819 93.
513 5761 684 5819 sinant
698 5747 959 5815 qualitatis
985 5748 1336 5819 substantiam.
1372 5746 1592 5819 It‘anntc.

1903 4637 2177 4709 'I‘herctcto
2209 4637 2446 4709 ὁμοίωσις
2475 4637 2707 4695 hominis
2737 4642 2801 4694 ad
2833 4641 3001 4696 Deum
3042 4653 3125 4696 est
3170 4643 3359 4699 δίκαιον
3390 4652 3473 4699 καὶ

1903 4707 2037 4780 actos
2057 4707 2280 4780 γενέσοὰι
2306 4712 2433 4780 μετὰ
2455 4716 2757 4780 φρονήσεως.
2788 4711 3003 4765 Fanmc.

1983 4731 2280 4828 ρνΧενεσυαι
2306 4731 2433 4780 μετα
2455 4733 2486 4779 φ
2521 4731 2757 4771 ονησεως.
2789 4731 3003 4765 l‘ABRlC.

1981 4788 1993 4811 ι
2092 4779 2351 4846 ngelornm
2413 4732 2632 4832 cmfestia
2694 4781 2893 4832 merita.
2960 4780 3145 4833 Futuri
3216 4781 3470 4838 nimirum

1903 4845 2171 4919 ἰσάγγςλόι.
2211 4845 2342 4901 Luc.
2386 4863 2476 4919 sit,
2519 4849 2605 4903 56.
2652 4849 2784 4902 llinc
2825 4861 3035 4904 veteres
3064 4851 3277 4918 quidam
3310 4869 3472 4906 venr-

1904 4916 2036 4967 rno't
2061 4916 2113 4968 in
2154 4931 2269 4968 eam
2309 4917 2636 4989 opinionem,
2673 4919 2981 4986 angelorum
3014 4916 3103 4989 qui
3134 4923 3468 4984 ceciderant,

1904 4999 2186 5038 numerum
2245 4987 2630 5040 restituendum
2680 5003 2801 5041 esse
2854 4989 2921 5043 de
2968 4987 3294 5044 hominibus.
3351 4993 3468 5044 Vili.

1901 5053 2141 5126 AnselnLi
2179 5052 2432 5108 Cantuar.
2475 5055 2672 5111 librum
2715 5075 2728 5112 t
2769 5073 2864 5111 cur
2905 5060 3045 5114 Deus
3089 5059 3248 5114 homo
3286 5077 3334 5114 c.
3378 5063 3468 5126 Iti,

1902 5140 1950 5192 ιι.
1982 5123 2070 5175 81.
2104 5123 2318 5176 Fanum.

1972 5192 2196 5270 1.6”!!0.
2225 5204 2377 5270 text._,
2403 5197 2676 5270 Xai‘osrsﬁé
2698 5199 2882 5268 μᾶλλον
2907 5196 2983 5252 ὅτι
3005 5202 3066 5253 τὰ
3091 5201 3304 5270 ὀνόματα
3329 5201 3471 5269 ὑμῶν

1897 5263 2084 5340 ὲγράᾕη
2104 5263 2153 5314 ἐν
2180 5271 2284 5323 τοῖς
2311 5263 2577 5340 οὐρα-(οῖς
2601 5263 2816 5321 Fannia.

1971 5331 2217 5412 “‘Gt‘u‘cq
2242 5331 2385 5412 ᾼεῆτὲ
2418 5337 2462 5389 οἱ
2483 5339 2793 5408 εὐλογημένοι
2822 5345 2910 5412 τοᾷ
2938 5339 3127 5412 Πατρός
3149 5360 3266 5407 μου,
3295 5340 3469 5411 κληρο-

1896 5406 2150 5479 ’ςομὴσαῖε
2193 5408 2280 5461 τήν
2307 5406 2674 5479 ἰὲοιμασμέὺην
2712 5409 2825 5479 ὑμῖν
2868 5406 3273 5478 {itemitem-iam!)
3317 5406 3468 5463 wra-

1899 5471 2284 5542 Co).ﬁ;_xoayou.
2322 5471 2534 5528 Fannio.

1975 5539 2203 5621 ignee;
2229 5542 2437 5614 Οἴδαμεν
2564 5543 2639 5601 δτι
2689 5548 2772 5600 ἐὰν
2807 5551 3078 5621 φανερωθῇ,
3127 5547 3284 5617 ὅμοιοι
3332 5550 3468 5620 αὐτῷ

1903 5607 2378 5680 ἐσόμεθα.ΙῗΛΒ1ιΙό.
2814 5607 2824 5618 ⁸
2927 5607 2936 5621 ”
3035 5607 3075 5620 Γ
3153 5607 3162 5617 ’
3442 5608 3449 5620 ’

1975 5689 2011 5714 ¹¹¹
2045 5681 2363 5735 Similes.....
2403 5684 2637 5751 Respicit
2669 5684 2852 5738 Matth.
2887 5701 2936 5746 ν,
2964 5685 3054 5747 43,
3096 5685 3225 5739 Luc.
3259 5702 3306 5738 Vl
3333 5727 3346 5746 ,
3381 5689 3471 5748 56,

1908 5750 2029 5802 licet
2059 5753 2217 5804 verba
2255 5750 2521 5818 ipsa,quné
2546 5755 2759 5808 adducit
2794 5754 3112 5810 Philastrius
3139 5765 3331 5811 neutro
3354 5759 3471 5810 loco

327 5821 350 5856 ιι
402 5815 799 5890 Similitudines»
829 5832 930 5871 non
968 5818 1210 5884 omnium,
1242 5815 1331 5877 sed
1360 5816 1686 5872 Sanctorum.
1726 5815 1815 5872 Sic
1908 5821 2181 5890 leguntur.
2216 5815 2430 5878 Fsuatc.
