3902 6398
222 354 358 414 i273

1449 359 1654 416 LIBER
1699 359 1784 416 DE
1822 359 2256 418 HERESIBUS.

3334 363 3472 422 1271

218 469 268 526 ἱιι
298 471 558 542 prophetis
586 471 787 537 deinde
830 466 1080 529 scientia:
1107 475 1345 530 caelestis
1376 474 1708 541 fecunditas;
1739 477 1789 531 in
1818 488 1872 549 Α
1895 475 1948 530 in
1977 491 2082 546 quo
2109 476 2376 547 apparuit,
2409 475 2458 530 id
2505 485 2586 530 est
2623 492 2694 531 xu
2719 476 2836 532 dies
2877 486 2994 547 post
3041 478 3092 532 in
3140 495 3248 550 quo
3284 467 3494 551 passus.

214 563 554 618 sacerdotibus
583 563 736 619 labor
757 563 935 632 fortis,
962 575 1016 620 et
1041 567 1290 636 pertinax
1315 569 1653 622 concertatio
1679 583 1796 624 cer-

219 663 472 718 neretnr;
501 654 552 709 in
581 656 832 726 apostolis
859 658 1068 731 volatus
1097 656 1341 713 sublimis
1383 658 1436 712 in
1473 658 1670 714 coelum
1695 699 1710 725 ,
1742 650 1816 715 et-

214 736 734 818 eminens-dignitas
783 759 1202 822 monstraretur.
1267 749 1444 820 thue
1499 751 1795 806 formarum

217 844 341 892 ante
367 837 665 894 diversitas
691 839 1004 920 nuntiabat,
1034 841 1374 896 diversarum
1403 843 1603 913 quippe
1631 843 1798 896 virtu-

217 940 322 984 tum
341 931 579 1004 celestia
611 932 803 988 merita
836 940 862 970 ⁸
891 932 948 988 iu
982 931 1187 988 Christi
1217 935 1504 1002 praesentia
1535 934 1795 989 manifes-

217 1031 453 1077 tarentur
478 1023 533 1077 in
561 1024 766 1080 saeculo
784 1067 799 1091 ,
827 1026 895 1078 ab
934 1038 1005 1080 eo
1027 1025 1231 1094 quippe
1259 1040 1520 1080 concessa
1564 1025 1794 1081 Domino

215 1114 533 1172 Salvatore:
568 1133 695 1172 nam
741 1117 794 1174 in
825 1118 1008 1174 Leone
1060 1133 1283 1186 regnum
1330 1117 1702 1183 fortitudinis,
1739 1121 1793 1174 in

221 1205 387 1261 Vitnlo
424 1208 577 1263 labor
607 1210 944 1274 exuberans,
995 1209 1047 1263 in
1107 1208 1335 1265 llomine
1365 1211 1548 1278 passio
1593 1210 1793 1264 indesi-

214 1311 364 1364 nens,
397 1297 450 1352 in
477 1298 671 1376 Aquila
701 1299 912 1353 volatus
941 1299 1191 1355 sublimis
1216 1301 1550 1371 agnoscitur,
1580 1309 1792 1356 certan-

211 1388 335 1440 tium
363 1388 596 1454 scilicet,
625 1387 654 1426 δ
682 1399 842 1458 atque
863 1390 1176 1446 micantium
1197 1431 1212 1456 ,
1246 1392 1508 1459 ApoStolo
1533 1391 1748 1447 dicente
1774 1409 1786 1443 :

211 1477 399 1533 Nostra
428 1483 748 1535 conversatio
772 1483 786 1512 ¹
817 1483 870 1537 in
891 1483 1031 1538 culis
1053 1482 1275 1554 (Philip.
1321 1499 1399 1547 ιιι,
1429 1484 1522 1554 20)
1545 1501 1559 1548 ;
1587 1495 1639 1537 et
1667 1502 1678 1533 :
1705 1501 1788 1536 ra-

211 1573 403 1640 pientur
416 1575 468 1627 in
481 1576 663 1628 caelum
673 1617 686 1640 ,
705 1587 751 1628 et
773 1576 962 1630 erimus
973 1592 1172 1646 semper
1181 1592 1298 1630 cum
1319 1575 1522 1631 Christo
1543 1576 1584 1645 (Ι
1605 1575 1783 1629 Thess.

209 1680 277 1732 tv,
307 1665 416 1737 17).
453 1667 518 1720 Ει
554 1669 812 1722 Dominus
848 1669 1104 1738 dignatus
1143 1678 1227 1723 est
1255 1669 1437 1724 dicere
1470 1687 1484 1724 :
1515 1669 1670 1722 Pater
1702 1669 1787 1721 ubi

206 1771 295 1828 ego
323 1774 433 1811 sunt
454 1799 470 1826 ,
498 1759 517 1789 '
540 1759 654 1812 volo
681 1769 724 1813 et
749 1760 832 1813 isti
857 1762 956 1812 sint
986 1757 1163 1829 (Joan.
1197 1774 1324 1824 xvn,
1356 1758 1474 1828 21).

906 1849 1062 1905 CXL.
1807 1871 1854 1930 B

272 1942 315 2014 [³
342 1943 478 1999 Sunt
506 1944 724 2015 quidam
742 1944 1048 2000 dubitantes
1077 1943 1317 2000 htcretici
1348 1944 1414 1999 de
1432 1943 1518 1999 die
1536 1943 1772 2014 Epipha-

204 2037 410 2091 niorum
438 2037 649 2092 Domini
676 2036 972 2092 Salvatoris
996 2039 1082 2106 qui
1105 2037 1410 2093 celebratur
1439 2047 1626 2092 octavo
1654 2036 1773 2092 idus

199 2126 504 2193 ianuarias,
532 2129 772 2184 dicentes
801 2128 976 2184 solum
1007 2128 1246 2184 Natalem
1277 2128 1476 2183 debere
1507 2143 1600 2183 eos
1631 2129 1774 2182 cele-

198 2216 356 2275 brare
387 2219 598 2274 Domini
629 2228 816 2274 octavo
841 2219 1097 2274 kalendas
1123 2219 1424 2288 Januarias,
1459 2235 1564 2274 non
1596 2228 1771 2275 tamen

195 2310 340 2366 dicm
385 2309 840 2382 Epiphaniorum,
876 2312 1183 2386 ignorantes
1229 2312 1370 2380 quod
1421 2313 1521 2366 sub
1572 2313 1689 2381 lege
1719 2321 1774 2365 et

195 2403 488 2460 secundum
537 2406 784 2460 Salvator
813 2407 1100 2460 carnaliter
1149 2407 1326 2459 omnia
1361 2408 1411 2459 in
1443 2421 1500 2458 sc
1531 2415 1583 2459 et
1618 2406 1685 2458 de
1711 2419 1769 2456 se

197 2495 618 2560 consuunnabat,
641 2503 772 2550 utet
792 2506 1101 2551 nasceretur
1130 2510 1219 2549 vm
1248 2494 1353 2548 kal.
1377 2494 1498 2549 Jan.
1529 2503 1584 2548 et
1608 2507 1770 2562 appa-

200 2593 343 2639 reret
370 2599 442 2638 vt.
466 2585 729 2655 Apparuit
759 2585 922 2656 Magis
947 2595 1066 2656 post
1096 2586 1379 2641 duodecim
1405 2585 1518 2640 dies
1544 2586 1596 2639 in
1629 2592 1764 2640 tem-

201 2676 303 2744 plo.
334 2676 409 2732 Ne
434 2692 562 2747 ergo
614 2679 799 2732 umbra
830 2679 971 2748 quod
1015 2675 1199 2735 verum
1251 2689 1364 2735 erat
1407 2688 1684 2747 pareretur
1713 2689 1769 2734 et

199 2770 274 2822 sic
301 2784 328 2822 a
362 2769 526 2839 Magis
556 2769 898 2837 adoraretur,
930 2786 1024 2840 per
1053 2771 1300 2825 ordinem
1326 2771 1524 2839 quippe
1552 2783 1647 2838 pro
1677 2783 1771 2821 no-

200 2867 305 2914 stra
335 2859 506 2914 salute
534 2867 588 2914 et
612 2861 774 2914 annui
806 2861 921 2914 dies
949 2860 1254 2915 festivitatis
1284 2861 1515 2939 majores
1548 2861 1634 2915 isti
1662 2870 1772 2914 sta-

202 2950 295 3004 tuti
323 2959 474 3018 sunt,
505 2961 736 3022 quatuor
767 2953 997 3023 primum
1027 2953 1080 3008 in
1110 2968 1216 3022 quo
1248 2963 1402 3007 natus
1429 2962 1541 3017 est;
1577 2950 1770 3006 deinde

1895 577 1978 623 est
2009 567 2060 622 in
2093 569 2313 634 Pascha,
2342 569 2393 622 in
2418 567 2521 625 fine
2543 583 2670 624 vero
2693 568 2744 622 in
2767 583 2873 638 quo
2895 570 3139 625 ascendit
3168 573 3218 625 in
3250 571 3473 637 ctelum,

1895 660 2036 714 circa
2066 657 2419 714 Pentecosten
2442 659 2706 713 vincentis
2726 669 2808 713 est
2833 660 3030 729 quippe
3056 663 3473 716 consummatio:

1895 749 1985 819 qui
2016 759 2142 818 ergo
2169 766 2331 804 unum
2365 751 2573 819 ignorat
2602 750 2982 819 praetermittit.
3000 749 3340 808 Potestetde
3354 753 3478 808 aliis

1895 843 2083 898 diebus
2109 854 2128 881 ε
2160 843 2372 898 dubitas
2402 858 2506 897 non
2538 843 2738 898 habens
2767 843 3150 912 plenitudinem
3193 844 3466 912 veritatis,

1894 933 2034 1004 quod
2066 934 2358 989 secundum
2385 931 2411 971 ά
2440 945 2680 1005 tempore
2709 947 2939 1004 quatuor
2963 933 3223 1007 cujusque
3247 935 3372 993 anui
3400 934 3473 990 ita

1896 1027 2050 1082 nobis
2076 1027 2288 1082 diversa
2319 1027 2508 1098 gaudia
2539 1041 2566 1079 a
2599 1025 2815 1081 Christo
2844 1027 3074 1082 Domino
3102 1027 3466 1096 pullularunt,

1895 1118 1944 1173 id
1975 1129 2056 1174 est
2086 1120 2137 1173 in
2168 1135 2273 1189 quo
2304 1131 2460 1174 natus
2488 1129 2597 1178 est.
2628 1129 2748 1188 post
2779 1121 2830 1174 in
2876 1135 2980 1190 quo
3010 1119 3288 1190 apparuit,
3314 1121 3472 1175 tertio

1895 1213 1946 1266 in
1978 1226 2085 1280 quo
2117 1227 2307 1282 passus
2333 1222 2413 1268 est
2440 1221 2494 1267 et
2524 1211 2820 1267 resurrexit
2862 1220 2917 1268 et
2949 1212 3097 1266 visus
3136 1220 3251 1279 est,
3280 1220 3475 1283 quarto

1894 1305 1944 1359 in
1975 1320 2080 1374 quo
2110 1304 2353 1360 ascendit
2391 1306 2442 1359 in
2493 1305 2726 1371 coelum;
2756 1313 2811 1358 et
2857 1303 2970 1358 bmc
3001 1319 3094 1373 per
3124 1319 3322 1359 annum
3351 1305 3469 1360 sine

1893 1397 2289 1453 intermissione
2329 1397 2662 1453 celebremus
2715 1399 3038 1466 generaliter
3102 1399 3468 1462 exsultantes,

1889 1498 2049 1558 atque
2079 1490 2412 1559 ltzecintegra
2444 1488 2807 1557 inviolataque
2827 1488 3194 1544 custodientes
3226 1489 3465 1544 detinea—

1891 1598 2028 1636 mus.
2060 1583 2283 1650 Quidam
2313 1591 2489 1637 autem
2520 1582 2661 1635 diem
2713 1581 3138 1652 Epiphaniorum
3176 1582 3465 1653 baptismi,

1887 1677 1976 1730 alii
2027 1659 2511 1730 transformatiouis
2558 1674 2609 1728 in
2639 1683 2823 1728 monte
2865 1689 2985 1744 qua:
3035 1675 3173 1728 facta
3227 1683 3308 1727 est
3348 1686 3468 1728 esse

1886 1764 2217 1837 0piuantur.]

2093 1856 2272 1912 CXLI.
2308 1857 2393 1912 DE
2423 1855 2742 1912 LEVITICO
2780 1853 2939 1912 MOSI
2977 1853 3233 1924 EBROR.

1949 1950 2051 2004 Alii
2097 1958 2222 2004 sunt
2267 1949 2535 2014 haeretici,
2565 1949 2654 2018 qui
2700 1939 2858 2018 Legis
2903 1955 3169 2015 prwcepta
3210 1962 3331 2014 qute
3363 1963 3460 2018 per

1880 2041 2058 2096 Mosen
2115 2041 2254 2094 dicta
2302 2051 2425 2093 sunt
2476 2041 2526 2092 in
2580 2038 2822 2094 Levitico
2869 2037 3069 2093 ludatis
3130 2039 3452 2103 carnaliter,

1879 2140 2168 2205 nostroque
2216 2132 2266 2185 in
2321 2140 2558 2199 tempore
2605 2140 2627 2166 θ
2678 2128 2994 2199 spiritaliter
3039 2129 3276 2183 revelata
3331 2138 3457 2184 sunt

1878 2224 2184 2294 ignorantes
2207 2263 2222 2287 .
2253 2221 2270 2259 ί
2304 2236 2568 2277 summam
2614 2236 2791 2276 rerum
2839 2220 3184 2276 festivitatem
3209 2231 3232 2267 ις
3263 2235 3456 2276 nume-

1877 2329 2102 2383 rumque
2152 2329 2339 2369 earum
2384 2313 2620 2368 cmlestis
2670 2312 2916 2366 utilitatis
2967 2320 3312 2380 prtetereunt,
3365 2327 3461 2366 ne-

1876 2406 2111 2459 scientes
2155 2404 2284 2473 quld
2333 2403 2638 2465 celebrent;
2671 2410 2921 2469 putantes
2947 2400 3089 2467 quod
3117 2399 3186 2454 de
3213 2400 3462 2454 Sabbatis

1875 2497 2046 2550 solum
2072 2536 2085 2558 ,
2118 2505 2171 2548 et
2217 2494 2419 2549 Pascha
2450 2503 2505 2547 et
2533 2493 2750 2564 Azymis
2795 2491 2971 2546 Moses
3021 2495 3374 2560 praeceperit,
3405 2501 3460 2546 et

1875 2603 1981 2641 non
2037 2583 2060 2620 ιι
2093 2585 2157 2638 de
2201 2593 2322 2638 octo
2368 2583 2743 2637 festivitatibus
2784 2597 2918 2651 quas
2964 2581 3206 2636 Ecclesia
3266 2581 3456 2636 catho-

1873 2680 1976 2732 lica
1999 2675 2344 2746 cognoscitct
2369 2674 2592 2729 detinet.
2619 2673 2760 2726 Dicit
2781 2673 2922 2726 enim
2962 2672 3032 2726 ita
3065 2673 3240 2726 Moses
3270 2671 3452 2740 (Leuit.

1875 2787 2024 2836 χχιιι,
2058 2769 2220 2823 Num.
2252 2783 2438 2834 xxvttt,
2472 2783 2619 2832 xxxx,
2649 2765 2803 2820 Deut.
2833 2765 2942 2834 xvi)
2989 2760 3298 2820 Judieorum
3347 2779 3448 2832 po-

1875 2863 2003 2928 pulo
2040 2861 2269 2931 primum
2296 2860 2363 2913 de
2385 2857 2675 2914 Neomeuia
2705 2866 2758 2912 et
2781 2855 3053 2920 Sabbatis,
3081 2855 3317 2910 secundo
3345 2853 3356 2890 ί
3391 2854 3460 2908 de

1875 2951 2082 3006 Pascha
2105 2995 2119 3019 ,
2155 2944 2316 3007 tertio
2343 2949 2410 3005 de
2453 2949 2702 3020 Azymis,
2743 2957 2938 3017 quarto
2969 2949 2982 2997 i
3025 2947 3091 3002 de
3139 2945 3460 3017 Manipulis;

1034 3107 1184 3164 con.
1230 3110 1339 3164 ns.
1379 3109 1729 3166 SANGERM.
1770 3109 2151 3168 LECTIONES
2188 3081 2605 3168 VABIANTES.

260 3242 274 3310 ξ
302 3241 346 3288 in
361 3240 504 3310 caelis
527 3249 622 3310 est.
643 3242 714 3310 Et
1795 3248 1838 3310 C

257 3303 276 3332 ³
304 3302 403 3352 volo
426 3309 480 3354 ut
504 3312 554 3354 et
577 3305 654 3356 isti
675 3306 773 3355 sint
795 3317 987 3356 mecum

1932 3249 2052 3317 {lix
2075 3246 2270 3317 laudato
2303 3248 2412 3317 cod.
2451 3215 2703 3311 Sangenn.
2739 3245 2938 3298 additur
2964 3244 3066 3296 htec
3089 3243 3314 3306 liceresis,
3344 3257 3454 3310 qua

1871 3309 2176 3361 desideratur
2200 3311 2250 3360 in
2273 3309 2430 3360 editis.
2554 3309 2562 3311 “
3083 3331 3090 3338 -
3360 3309 3383 3330 λ

1272 3451 1574 3510 FABRICII
1610 3452 1699 3508 ET
1739 3453 2093 3510 GALEARDI
2131 3453 2357 3508 ΝΟΤᾹΞ.

268 3576 292 3604 α
321 3567 386 3639 In
413 3565 608 3639 Caristi
651 3569 943 3639 praedatio.
977 3567 1128 3639 Apud
1177 3567 1432 3639 Aretbam
1475 3568 1536 3639 _iu_
1565 3567 1774 3639 Apoca-

198 3636 408 3723 lypsin,
457 3635 705 3723 Christus
743 3637 896 3723 Leo,
924 3635 1054 3723 quia
1093 3637 1205 3720 ilex
1242 3655 1253 3689 :
1290 3635 1773 3723 idem-blitulusut

199 3706 465 3771 Sacerdos
491 3750 506 3773 ,
538 3709 620 3762 vel
671 3709 844 3777 potius
881 3706 1226 3768 sacrificium,
1261 3719 1314 3762 et
1347 3707 1520 3760 hostia
1557 3725 1568 3757 :
1599 3706 1773 3760 Homo

196 3792 412 3845 promer
462 3793 560 3834 nos
601 3778 774 3832 factus
827 3791 924 3834 :ct
950 3780 1142 3847 Aquila
1188 3778 1376 3846 spiritu
1422 3778 1626 3832 caelesti
1669 3793 1769 3835 nos

196 3847 506 3917 impertiens
540 3867 553 3902 :
580 3852 668 3904 Διά
688 3859 776 3905 τοῦ
816 3852 1009 3910 λέοντος
1031 3853 1098 3912 ὡς
1127 3849 1390 3920 βασιλεὺς,
1420 3847 1503 3904 διὰ
1522 3855 1612 3903 τοῦ
1637 3849 1770 3918 μόσ-

194 3940 300 3994 χοιι
414 3921 603 3994 ιῖιρεῷς·2
629 3923 814 3994 μᾷλλον
836 3920 890 3974 δὲ
910 3925 993 3994 καὶ
1021 3923 1223 3994 ἱερεῖον.
1254 3923 1342 3994 Διᾷ
1369 3926 1460 3972 τοῦ
1502 3922 1767 3994 ἀνθρώπου

192 3987 258 4065 ὦς
277 3988 340 4044 δι’
360 3987 491 4062 ἡμᾶς
519 3987 815 4065 ἀνδρωθείς.
849 3993 936 4065 Διᾴ
984 3987 1075 4065 τοῆ⁷
1101 3991 1250 4065 ἀετοῦ
1270 4027 1283 4049 ,
1314 3992 1380 4046 ὡς·
1427 3987 1654 4065 lepra-jac
1673 3993 1763 4039 τοῦ

192 4059 428 4123 ζωοποιόῦ
458 4059 765 4131 livent-satira;
791 4101 805 4124 ,
857 4063 940 4114 καὶ
991 4061 1072 4113 ἐπὶ
1126 4059 1320 4116 πάντας
1385 4059 1758 4176 κοὶςάπτὰντος.

1447 4136 1644 4176 ‘ABRIC.

1447 4136 1644 4178 .‘ABRIC.

257 4200 458 4271 bAtque
484 4202 801 4255 micantiunt.
824 4197 1087 4271 Emineuti
1121 4197 1759 4271 dign_itatc,_quamsupra

187 4264 383 4326 Christi
413 4273 693 4340 discipulis
723 4273 1002 4325 tribuerat.
1041 4268 1111 4320 lla
1144 4267 1346 4334 Optime
1385 4267 1535 4340 _h_n_uc
1583 4264 1758 4340 locum

190 4345 422 4397 restituit
452 4333 752 4397 Cotelerius
781 4341 843 4394 Ill
872 4333 1196 4392 Monument.
1231 4351 1348 4404 pag.
1382 4333 1505 4396 545,
1539 4349 1662 4387 cum
1708 4337 1757 4387 in

192 4411 346 4464 editis
377 4423 522 4466 esset
552 4413 866 4463 mirantium.
900 4408 1115 4463 FABntc.

261 4493 280 4518 ο
314 4479 551 4548 Dubitas.
586 4480 741 4533 Forte
769 4481 1022 4532 dubitare.
1053 4477 1268 4548 Eanum.

255 4551 280 4589 ά
313 4546 580 4617 Tempore.
612 4549 751 4618 Lege
781 4560 1028 4618 tempora.
1065 4546 1280 4618 FABRIC.

258 4635 281 4660 ε
311 4615 627 4688 Spiritaliter
652 4615 893 4673 revelata.
926 4617 1204 4688 Mauifestc
1237 4616 1487 4688 impleta.
1509 4615 1723 4671 FABRIC.

261 4696 280 4735 ί
315 4686 584 4746 Summam
611 4708 781 4745 rerum
805 4690 1142 4759 festivitatem.
1163 4686 1257 4759 Est
1278 4689 1364 4754 qui
1389 4687 1748 4759 legitgdiernm.

189 4761 287 4816 Sed
319 4764 476 4832 longe
508 4770 726 4830 praestat
757 4755 941 4832 rerum.
977 4759 1068 4810 Est
1111 4757 1254 4832 enim
1300 4772 1469 4832 rerum
1509 4757 1754 4832 festivitas

187 4827 456 4922 ἁντὶῖυτεὸν
487 4827 701 4914 verum,
733 4845 795 4922 ac
828 4831 970 4922 reale
993 4828 1177 4922 gratim
1218 4827 1356 4922 nevil
1380 4827 1712 4922 Testamenti
1737 4868 1749 4890 ,
1781 4863 1834 4922 D

188 4905 324 4969 quod
379 4902 653 4958 festivitati
689 4900 959 4952 umbratili
991 4901 1220 4969 dierum_
1251 4897 1303 4948 in
1339 4897 1480 4964 Lege
1505 4898 1751 4969 ‘Mosaica

188 4964 515 5042 respondere
535 4969 852 5042 Philastrius
873 4969 1148 5042 obseurat.
1170 4964 1472 5042 _F_Asntc_.‘-—
1491 4966 1758 5042 Summam

189 5036 355 5094 rerum
398 5042 742 5111 festivitatem.
793 5038 985 5092 Subdit
1025 5037 1335 5111 Fabricius,
1363 5036 1457 5091 Est
1503 5039 1594 5106 qui
1639 5040 1758 5109 legit

188 5110 414 5172 DIERUII,
447 5112 534 5162 sed
554 5110 703 5179 longe
728 5117 933 5178 praestat
966 5122 1165 5179 usuum.
1195 5110 1449 5179 Quzeuatn
1475 5113 1756 5178 exemplu-

190 5183 264 5232 ria
297 5181 530 5233 habeant
564 5177 762 5230 diei-um
806 5179 932 5232 silet
974 5177 1282 5241 Fabricius;
1313 5189 1365 5229 at
1396 5178 1559 5231 Basil.
1586 5179 1755 5234 editio

188 5248 430 5321 Sichardi
461 5247 587 5321 legit
608 5264 810 5321 rerum.
839 5246 973 5301 Cod.
994 5248 1158 5321 Cnrb.
1195 5264 1407 5319 quoque
1438 5260 1491 5303 ιιι
1524 5259 1577 5302 et
1616 5248 1757 5321 Lug-

188 5321 308 5373 dun.
344 5319 508 5372 editio
535 5319 733 5372 habent
764 5334 949 5371 rerum.
983 5316 1256 5372 GALl-ZARD.

255 5400 278 5434 8
310 5388 694 5456 Numerumque
720 5405 891 5441 earum
923 5391 1133 5442 scelestis
1161 5390 1414 5443 utilitatis.
1445 5387 1547 5442 Per
1578 5405 1755 5444 nume-

187 5474 298 5512 rum
331 5459 665 5511 octonarium
687 5500 702 5521 ,
737 5460 942 5514 beatam
974 5461 1442 5523 resurrectionem,
1474 5469 1528 5512 et
1554 5469 1752 5513 :eterna

188 5529 416 5584 cmlestis
449 5529 570 5580 vitae
599 5529 791 5596 gaudia
815 5529 1060 5584 denotari
1084 5530 1373 5584 credebant
1404 5530 1473 5596 pii
1508 5529 1744 5593 Veteres,

189 5615 413 5668 quorum
445 5598 574 5668 loca
593 5599 873 5652 laudarunt
922 5600 1072 5668 Hugo
1115 5600 1401 5654 Meuardus
1447 5599 1511 5651 ad
1557 5599 1785 5653 Sacra--

192 5665 504 5723 mentarinm
547 5665 790 5737 Gregorii
821 5670 886 5722 Μ.
920 5687 970 5739 p.
1002 5665 1073 5725 33
1118 5686 1232 5737 seq.
1258 5680 1311 5723 et
1340 5669 1640 5722 Cotelerius
1686 5673 1748 5724 ad

194 5734 484 5792 Eoistolam
517 5737 772 5791 Barnabas
801 5755 919 5792 can.
951 5742 1037 5792 15.
1071 5758 1119 5792 ιι.
1152 5741 1240 5792 17.
1276 5738 1488 5792 ΡΑῐιιιιο.

595 5753 772 5791 Γηὲυω
801 5755 919 5794 €80.
951 5753 1037 5794 15.
1071 5758 1119 5794 D.
1152 5753 1240 5793 ‘7.
1277 5753 1488 5792 IVABRIC.

238 5739 484 5808 pistolam
517 5738 772 5791 Barnabas
801 5738 1037 5808 cap.15,
1071 5758 1119 5809 p.
1152 5741 1240 5793 17.
1276 5738 1488 5792 FABRIC.

253 5808 276 5846 ἰ
323 5808 396 5865 De
439 5817 554 5862 octo
594 5805 943 5876 festivitatibus
999 5827 1125 5874 quas
1183 5807 1414 5863 Ecclesia
1481 5807 1749 5864 catholica.

1876 3567 2144 3637 Tempore
2189 3567 2459 3620 Philastrii
2506 3575 2627 3637 octo
2670 3565 2774 3637 ill_:e
2805 3565 3126 3637 festivitates
3155 3577 3310 3622 erant
3342 3585 3354 3621 :
3390 3569 3449 3622 i“

1872 3635 2188 3701 Sztbbitttlm,
2216 3637 2279 3690 2°
2309 3635 2516 3690 Domini
2565 3635 2784 3696 Natalis,
2821 3637 2883 3689 5°
2929 3636 3046 3689 dies
3090 3636 3442 3702 Epiphaniae,

1871 3708 1932 3760 4ο
1962 3707 2231 3774 Jejnninm
2277 3706 2709 3774 Quadragesimm
2731 3745 2746 3770 ,
2774 3705 2836 3759 5ο
2877 3715 3064 3774 quarta
3100 3707 3350 3765 Sabbati.
3382 3708 3444 3760 ϐυ

1869 3776 2186 3840 Parasceve,
2213 3778 2272 3830 7°
2297 3776 2514 3830 Paschae
2532 3776 2806 3840 lcstitivas,
2825 3786 2876 3829 et
2897 3776 2957 3828 8°
2979 3775 3322 3830 Pentecostcs
3347 3776 3443 3830 Iae-

1873 3849 2004 3900 titia.
2036 3847 2160 3902 Haec
2189 3847 2362 3901 omnia
2391 3857 2755 3899 memorantur
2779 3847 2829 3898 in
2853 3845 3165 3906 Constituit.
3197 3848 3440 3910 Apustul.

1872 3934 1924 3978 ν,
1962 3918 2027 3970 15
2056 3933 2198 3985 seq.,
2230 3928 2283 3970 et
2311 3920 2446 3983 apud
2480 3917 2697 3970 Hieron.
2729 3917 2955 3984 epistola
2985 3915 3123 3980 2δ9,
3146 3916 3437 3970 ειάὨεειειιτ.

1867 3987 2428 4054 dcquatuorjt-juniis.
2460 3987 2614 4054 infra.
2637 4001 2685 4037 c.
2715 3987 2836 4037 149.
2859 3989 2876 4049 (
2896 3986 2972 4038 De
2994 3997 3118 4038 octo
3150 3988 3300 4038 festis
3327 4004 3446 4052 quae

1867 4054 1967 4107 hoc
1996 4056 2114 4108 loco
2135 4053 2424 4108 .enutncrat
2458 4053 2761 4114 Fabricius,
2794 4063 2989 4105 cmtcra
3018 4054 3227 4119 vulgata
3258 4063 3311 4106 et
3340 4057 3435 4108 ub-

1866 4126 1946 4194 via
1984 4142 1996 4176 :
2027 4125 2093 4176 de
2119 4134 2306 4194 quarta
2341 4124 2543 4176 sabbati
2589 4122 2751 4194 adisis
2776 4121 3092 4194 Constitut.,
3114 4122 3298 4190 Apost.
3320 4140 3404 4194 (vlt
3427 4167 3439 4186 ,

1864 4193 1953 4258 25,
1988 4191 2168 4262 ibique
2204 4193 2526 4248 Cotelerium
2574 4211 2623 4259 p.
2655 4193 2782 4254 309,
2826 4191 3020 4259 quibus
3069 4193 3267 4246 addere
3317 4193 3440 4248 licet

1864 4267 2194 4317 Amalarium
2244 4265 2524 4320 diaconum
2577 4278 2628 4314 ιιι
2680 4263 2822 4315 Eccl.
2866 4262 3018 4315 Ollie.
3069 4262 3169 4325 27,
3204 4264 3439 4332 itemque

1864 4335 2246 4405 Hieronymum
2295 4337 2596 4405 Comment.
2651 4334 2715 4384 ad
2763 4332 2935 4386 Galat.
2970 4332 3061 4384 lib.
3100 4347 3156 4396 ιι,
3203 4347 3251 4386 c.
3287 4335 3353 4405 _4,
3387 4337 3438 4388 in

1863 4405 1989 4457 illud
2044 4402 2230 4457 {Dies
2280 4404 2590 4463 observatis,
2640 4412 2769 4465 etc.,
2821 4418 2954 4464 quos
3016 4405 3218 4472 profert
3277 4402 3436 4458 JOan.

1864 4474 2062 4528 Fronto
2093 4475 2142 4528 iu
2192 4476 2500 4544 praenotatis
2544 4473 2609 4544 ad
2635 4472 2799 4544 Vetus
2829 4472 3055 4527 Kalend.
3085 4471 3112 4542 §
3144 4474 3196 4536 5,
3223 4489 3274 4541 p.
3307 4475 3430 4531 154.

1860 4541 2441 4613 Αυςιιδῑίιιιιείιιιοῳιε,
2475 4560 2560 4612 ep.
2591 4543 2658 4597 86
2689 4562 2701 4596 :
2735 4541 2838 4596 Cur
2857 4553 3038 4611 quarta
3064 4541 3110 4597 et
3137 4555 3278 4597 sexta
3319 4563 3430 4600 ma-

1858 4618 1993 4668 xime
2021 4619 2210 4686 jejunet
2259 4615 2486 4668 Ecclesia
2530 4614 2622 4667 illa
2669 4616 2800 4665 ratio
2842 4615 2992 4686 reddi
3037 4616 3254 4679 videtur,
3299 4621 3435 4681 quod

1859 4683 2176 4740 considerato
2205 4686 2478 4753 Evangelia
2507 4688 2618 4752 ipsa
2648 4693 2826 4752 quarta
2857 4683 3085 4744 sabbati,
3116 4699 3262 4751 quam
3286 4689 3434 4753 vulgo

1857 4769 2091 4823 quartam
2121 4759 2299 4823 feriam
2329 4765 2505 4806 vacant
2523 4796 2536 4818 ,
2571 4755 2838 4823 concilium
2866 4754 3182 4822 reperiuntur
3207 4755 3275 4820 ad
3302 4759 3434 4806 occi-

1859 4822 2077 4878 dendum
2106 4822 2380 4880 Dominum
2410 4825 2586 4892 fecisse
2611 4822 2800 4876 Indici.
2828 4825 3023 4878 Confer
3051 4824 3332 4876 Baronium
3365 4826 3430 4877 ad

1861 4911 1948 4948 an.
1983 4898 2073 4958 57,
2106 4915 2157 4951 ιι.
2187 4897 2286 4951 199
2334 4910 2511 4962 seqq.,
2542 4895 2889 4956 Beveregium
2924 4910 2977 4946 ιιι
3015 4893 3228 4947 (Indicis
3275 4908 3437 4948 cano-

1864 4983 1988 5019 num
2023 4968 2304 5033 primitivaz
2352 4965 2603 5018 Eccmsim
2644 4981 2692 5016 ο.
2731 4964 2814 5018 ιο.
2857 4962 3176 5032 ϐΑιεΑιιιι.)
3215 4963 3432 5030 Septem

1862 5036 1993 5089 festa
2030 5037 2328 5088 iu-bomilia
2359 5035 2746 5104 Clttysostomo
2772 5034 3066 5102 supposita,
3101 5048 3220 5099 ιιιιαξ
3249 5036 3435 5100 incipit

1860 5107 2045 5181 Ῡνιᾷρὰ
2071 5110 2159 5181 μὲν
2178 5112 2345 5181 Δἰτσῖῡόι
2369 5103 2528 5181 falari:
2556 5123 2565 5156 :
2600 5103 2946 5181 i°_Na_tiviI_as
2967 5145 2993 5181 ,Δ
3012 5105 3072 5155 2"
3109 5104 3396 5181 Epiphania
3417 5147 3428 5160 ,

1856 5178 1920 5230 5ο
1951 5173 2250 5236 Passionis,
2281 5182 2341 5228 40
2369 5173 2800 5229 Resurrectinnis
2828 5215 2838 5228 .
2875 5175 2935 5227 5°
2967 5173 3311 5226 Ακςυιιθὶίιιιίε
3330 5216 3341 5230 .
3369 5175 3431 5225 6°

1858 5245 2091 5311 Spiritus
2147 5255 2395 5306 sanctus,
2455 5245 2758 5314 Ἱυ,⁴Εϐδὸμη
2805 5243 3436 5318 έορτῄἡῌπροσςδοκςιιμένη

1858 5319 2020 5391 ᾑμέρᾳ
2037 5323 2126 5377 τὴς
2157 5320 2490 5376 ἀναστάσεως
2516 5312 3141 5391 τῶν-νειερῶν.’ὃίιιιιΙξιξιιζ
3169 5314 3219 5364 in
3266 5314 3434 5391 Procli

1859 5381 2075 5510 [sorbilia
2117 5391 2188 5446 εἰς
2221 5390 2286 5442 τά
2321 5389 2572 5458 γενέθλια,
2621 5381 2757 5438 Bibl.
2809 5384 2980 5438 Cum.
3039 5381 3166 5445 VIII,
3219 5399 3269 5450 p.
3302 5384 3426 5436 60:2.

1879 5472 2072 5510 'ABRIC.

1879 5472 2072 5511 lABRIC.

1938 5527 1949 5562 ί
2001 5526 2076 5579 De
2126 5526 2378 5596 Pasclta._
2410 5528 2504 5583 Die
2546 5543 2631 5580 xw
2691 5526 2888 5578 mensis
2940 5523 3108 5644 Νεδαὲ
3156 5523 3429 5592 (Martii).

3114 5607 3283 5644 ABRIC.

3114 5607 3283 5646 ABRIC.

1932 5668 1950 5719 ἱ
1993 5667 2066 5722 De
2096 5667 2405 5732 Manipulis.
2437 5669 2618 5722 Mense
2651 5667 2805 5719 Siran
2838 5662 3010 5732 (Maii)
3042 5662 3127 5714 die
3167 5667 3426 5732 quinqua-

1857 5744 2068 5810 gesimo
2100 5751 2220 5798 post
2248 5737 2472 5794 Pascha.
2508 5737 2719 5791 FABBIO.
