3902 6396
233 402 301 454 15
1445 403 1802 464 EPISTOLE
1841 403 1928 462 ET
1967 403 2309 464 DECRETA.
3461 422 3527 477 Η

230 517 532 587 perducere
552 522 725 578 valeat
742 533 1014 591 nostrum,
1033 539 1239 596 nosque
1267 527 1652 600 (apostolorum
1678 531 1822 598 prin-
1852 530 1900 587 Α
1929 529 2376 597 oppressionibus
2397 537 2452 584 et
2477 529 2759 600 angustiis,
2788 531 2861 585 ita
2882 543 2980 588 nos
3005 532 3236 589 liberare
3258 535 3516 607 digneris.

227 613 351 681 cipe
397 615 723 683 snil‘ragante
769 617 948 687 Petro)
1008 620 1074 673 ab
1116 621 1523 676 imminentibus
1568 625 1825 691 periculis

231 703 463 759 liberare
521 707 775 762 Novimns
809 725 1039 780 namque
1089 713 1140 765 in
1187 713 1293 781 jam
1345 715 1562 783 prtelata
1610 714 1822 769 Nicena

230 799 437 868 synodo
460 799 549 870 (Et
576 805 792 857 habetur
817 808 866 857 in
887 808 1103 875 epistola
1126 808 1266 861 decr.
1291 807 1421 863 Julii
1439 820 1618 864 contra
1646 810 1825 864 Orien-

231 893 359 944 tales
388 910 481 961 pro
510 893 818 960 Athanasio,
847 917 891 950 ε.
927 899 979 968 7)
1010 902 1337 969 generaliter
1365 919 1484 957 esse
1520 903 1821 970 decretum,

231 995 288 1034 nt
319 987 496 1037 nuilus
537 989 734 1054 passim
783 1007 1024 1062 Vageqne
1073 995 1380 1060 episcopos,
1428 1004 1519 1048 aut
1569 1010 1828 1064 praesum-

232 1080 378 1145 plive
408 1077 667 1147 lacerare,
699 1093 788 1137 aut
819 1099 1096 1144 accusare.
1131 1099 1182 1139 et
1217 1089 1302 1156 qui
1337 1104 1441 1142 non
1492 1100 1614 1143 sunt
1668 1099 1826 1143 rectm

231 1168 377 1230 iidei,
414 1175 490 1224 vel
537 1173 687 1227 bon-.13
739 1177 880 1241 vitze,
917 1177 1000 1230 vel
1042 1181 1202 1231 clarze
1247 1182 1703 1246 converSationis,
1737 1197 1829 1237 aut

229 1260 492 1316 infamare
519 1276 838 1332 pr.csumat:
871 1269 964 1321 Sed
1000 1271 1168 1339 prius,
1198 1271 1242 1323 si
1267 1286 1392 1341 erga
1427 1275 1711 1342 episeopos
1743 1275 1826 1329 vel

229 1363 482 1410 auctores
529 1357 789 1414 Ecclesia.
829 1361 1112 1432 quisquam
1155 1379 1372 1418 causam
1423 1366 1694 1428 habuerit;
1735 1384 1828 1422 cos

228 1461 350 1500 cum
380 1449 642 1505 charitate
673 1466 956 1508 mansuete
979 1461 1291 1522 conveniat,
1323 1469 1376 1511 nt
1406 1462 1474 1512 ah
1500 1462 1578 1513 eis
1613 1461 1827 1527 vulnus,

229 1542 373 1596 unde
403 1544 600 1612 agitur.
637 1555 783 1599 recte
823 1558 1042 1601 sanetur
1077 1567 1089 1604 :
1141 1559 1228 1603 aut
1262 1551 1395 1622 ipse,
1429 1552 1473 1604 si
1520 1567 1676 1607 secus
1707 1571 1828 1621 ege-

228 1634 320 1700 rit,
355 1648 637 1693 accusator
660 1642 1183 1696 exeommunicetur.
1217 1645 1369 1711 Quod
1408 1649 1450 1699 si
1492 1646 1558 1699 ab
1587 1650 1664 1701 eis
1695 1648 1827 1702 nihil

231 1731 460 1786 valuerit
494 1746 642 1790 recte
688 1739 988 1805 percipere,
1028 1749 1153 1792 tunc
1187 1743 1358 1808 primo
1388 1756 1625 1794 summos
1673 1743 1830 1795 adeat

227 1828 508 1894 primates,
561 1838 612 1883 et
663 1831 783 1898 ip~i,
835 1842 1381 1903 lt'ntporc't‘ongrtto,
1433 1837 1690 1889 canonice
1736 1852 1831 1890 eos

1931 622 2060 676 Nam
2090 622 2188 675 fuit
2214 637 2427 692 semper
2449 631 2640 678 vestrae
2664 633 2865 678 sancta:
2886 633 2940 679 et
2969 627 3282 694 apostolicae
3314 630 3426 684 sedi
3463 631 3525 685 li-

1931 714 2128 779 centia,
2156 714 2353 781 injuste
2388 715 2670 768 damnatos
2698 717 2781 771 vel
2809 719 3321 787 excommunicatos,
3345 733 3526 790 potes-

1933 805 2096 859 tative
2142 821 2234 859 sna
2280 808 2598 862 auctoritate
2629 809 2951 874 restituere;
2994 821 3049 864 et
3091 825 3182 865 sua
3215 813 3296 867 eis
3342 815 3525 869 omnia

1933 897 2179 961 reddere,
2214 909 2267 953 et
2309 900 2453 966 illos,
2484 901 2573 970 qui
2606 916 2700 957 eos
2732 904 3254 970 condemnaverunt,
3309 917 3401 962 aut
3433 923 3528 962 ex-

1932 981 2490 1057 communicaverunt,
2513 997 2814 1064 apostolico
2839 999 3024 1068 punire
3049 999 3330 1071 privilegio
3351 1046 3364 1069 ,
3387 1004 3529 1057 sicut

1933 1085 2094 1137 etiam
2122 1087 2319 1139 nostris
2341 1095 2394 1140 et
2419 1088 2784 1143 anterioribns
2813 1091 3164 1158 cognovimus
3189 1103 3368 1147 aetum
3394 1105 3529 1150 tem-

1938 1177 2175 1244 poribus.
2211 1178 2383 1232 Porro
2413 1190 2466 1233 et
2492 1181 2590 1247 ipsi
2623 1182 2898 1248 primates,
2931 1184 3017 1250 qui
3053 1186 3432 1254 episcoporum
3474 1199 3530 1243 et

1933 1283 2265 1323 summorum
2294 1271 2784 1328 ecclesiasticorum
2821 1276 3156 1344 negotiorum
3180 1293 3370 1334 causas
3399 1296 3522 1334 sus-

1933 1363 2115 1431 cipere
2146 1362 2365 1425 debent,
2395 1365 2444 1417 in
2477 1367 2696 1433 pra~lixa
2747 1365 2962 1421 Niccena
2993 1369 3202 1439 synodo
3223 1380 3347 1425 sunt
3369 1372 3528 1426 dinu-

1934 1457 2147 1519 merati,
2175 1473 2240 1509 ne
2273 1457 2322 1510 in
2354 1467 2628 1526 posterum
2662 1459 2941 1513 contentio
2967 1475 3032 1515 ex
3062 1460 3164 1516 hoc
3204 1465 3456 1518 oriretur.
3484 1466 3528 1518 0

1935 1548 2275 1604 sanctissime
2310 1562 2464 1619 pater
2491 1561 2702 1620 patrum
2736 1550 2908 1622 (Idem
2950 1552 3162 1623 Sergius
3211 1556 3368 1624 episc.
3411 1572 3530 1609 mea:
3619 1619 3622 1621 Α

1934 1640 2072 1706 cit.),
2099 1642 2355 1695 abscinde
2380 1643 2764 1712 blasphemias,
2793 1653 2849 1698 et
2871 1644 3183 1711 iactantiam
3211 1647 3535 1716 vaniloquo—

1936 1748 2076 1794 rtim,
2104 1742 2158 1786 et
2187 1733 2556 1787 insidiantium
2591 1736 2982 1801 inlestationes,
3009 1751 3110 1791 nos
3130 1748 3181 1791 et
3205 1736 3404 1792 fratres
3434 1755 3533 1794 no—

1936 1837 2077 1879 stros
2115 1829 2555 1896 opprimentiutn,
2589 1837 2749 1896 atque
2796 1829 3026 1896 perdere
3075 1829 3395 1895 volentium,
3441 1832 3531 1900 qui

228 1933 529 1974 conv-reare
557 1924 827 1979 debebunt
869 1925 1056 1998 (lbid.,
1095 1945 1139 1980 ε.
1177 1929 1289 1985 17).
1327 1929 1425 1992 Qui
1475 1929 1518 1982 si
1576 1939 1668 1982 aut
1714 1931 1827 1983 suis
1860 1913 1907 1974 B
1937 1920 2001 1973 ad
2032 1935 2146 1984 vos,
2177 1921 2329 1987 quasi
2361 1920 2427 1973 ad
2455 1929 2617 1989 caput
2638 1921 3000 1990 confugimus,
3038 1929 3095 1974 ut
3124 1929 3305 1975 vestro
3329 1922 3534 1976 suil’ulti

229 2012 391 2067 rebus
423 2018 726 2084 cx5puliati,
779 2028 869 2072 aut
900 2035 926 2071 a
981 2021 1215 2089 propriis
1247 2022 1468 2076 sedibus
1510 2022 1691 2091 ejecli,
1739 2036 1830 2078 aut

228 2109 572 2176 cxsulantes,
610 2113 695 2164 vel
743 2116 984 2182 oppressi
1012 2125 1100 2167 aut
1135 2117 1315 2184 inique
1348 2118 1555 2170 tractati
1591 2118 1786 2172 iuerint
1811 2163 1825 2184 ,

227 2203 403 2270 primo
427 2215 703 2268 eruantur,
724 2217 774 2257 et
798 2207 1056 2259 canonice
1083 2211 1438 2262 restituantur
1465 2207 1650 2279 (lbid.,
1674 2229 1719 2262 c.
1748 2211 1826 2278 8),

226 2302 388 2364 atque
449 2297 628 2348 omnia
685 2298 784 2350 sibi
849 2299 1056 2351 sublata
1127 2301 1474 2370 integerrime
1508 2301 1586 2354 eis
1622 2302 1830 2371 legibus

225 2387 734 2458 reddanlurUlatIr.
773 2389 892 2443 coll.
923 2392 1013 2460 55)
1045 2408 1057 2444 :
1085 2394 1342 2460 quoniam
1377 2394 1687 2462 priusquam
1716 2393 1830 2447 hinc

228 2478 450 2550 il.int(ut
482 2482 532 2532 in
569 2482 1194 2547 prrcdictnconstitutum
1220 2494 1299 2535 est
1326 2483 1720 2554 concilio),nec
1741 2500 1829 2539 ca-

227 2571 420 2625 nonice
450 2575 758 2635 runvocari,
787 2587 882 2626 ncc
909 2575 921 2604 ‘
952 2574 1206 2642 distingui
1233 2596 1256 2624 .i
1286 2591 1554 2644 quoquam
1581 2588 1826 2646 pOSsunt,

225 2678 476 2732 quoniam
506 2680 603 2718 nec
631 2667 808 2718 ςινοιιΙι
837 2667 977 2734 leges
1001 2665 1114 2718 ha~c
1133 2667 1248 2719 ﬁeri
1269 2670 1605 2734 permittunt,
1630 2682 1829 2737 quanto

227 2758 394 2825 magis
427 2757 838 2810 ecclesiasticae!
870 2759 1131 2811 Similiter
1161 2771 1213 2812 et
1255 2773 1280 2810 a
1315 2761 1639 2826 supradictis
1666 2763 1828 2828 patri-

224 2851 326 2904 lnrs
350 2863 424 2905 est
447 2851 724 2905 deﬁnitum
753 2865 1136 2914 coosmranter,
1171 2863 1225 2905 tit
1252 2855 1293 2905 si
1313 2855 1589 2923 quisquam
1616 2857 1824 2922 episco-

225 2957 440 3012 porum,
475 2954 566 2997 aut
595 2945 1157 3014 inetropolitanoruni,
1193 2955 1279 2998 aut
1311 2946 1821 3014 cmnprovinciales,

223 3035 308 3089 vel
340 3037 549 3104 judices
578 3048 861 3105 suspectos
889 3037 1154 3103 habuerit,
1189 3041 1421 3090 vestram
1446 3049 1687 3092 sanctam
1719 3039 1825 3092 Ro-

223 3145 437 3182 manam
455 3130 1085 3197 interpelletscdem,cui
1107 3131 1172 3184 ab
1198 3133 1312 3198 ipso
1336 3132 1562 3185 Domino
1588 3140 1824 3200 potestas

223 3223 420 3290 ligandi
447 3237 506 3275 at?
532 3222 774 3275 Solvissndi
801 3221 1014 3292 (Matth.
1035 3222 1172 3291 XVI)
1200 3223 1423 3291 speciali
1446 3235 1525 3277 est
1549 3225 1828 3293 privilegio

1939 2014 2142 2067 auxilio
2194 2013 2506 2076 liberemur,
2556 2023 2613 2067 et
2681 2013 2832 2067 vobis
2899 2013 3159 2080 nobisque
3215 2013 3532 2068 commissas

1935 2107 2136 2162 Christi
2169 2123 2297 2161 oves
2323 2123 2348 2160 a
2384 2107 2634 2176 luporum
2665 2122 2780 2170 ore,
2814 2108 3043 2160 Domino
3082 2107 3529 2172 adminiculante,

1935 2212 2224 2268 antequam
2254 2199 2641 2268 deglulianlttr,
2671 2200 2984 2268 eripiantur.
3014 2197 3126 2252 Nec
3154 2199 3297 2252 enim
3341 2197 3422 2252 fas
3450 2205 3535 2252 est

1937 2291 2024 2362 (S.
2056 2291 2316 2344 Martinus
2355 2308 2492 2362 papa
2513 2291 2746 2360 ibidem),
2777 2290 3076 2359 supplicum
3113 2291 3420 2359 apostolica:
3449 2307 3535 2346 se-

1936 2383 2020 2438 dis
2039 2385 2263 2454 scripto,
2291 2395 2382 2438 aut
2408 2386 2523 2438 sine
2555 2386 2757 2454 scripto
2782 2398 2971 2452 preces
2993 2385 3204 2438 oblatas
3229 2384 3532 2454 despicere,

1938 2476 2031 2531 sed
2063 2478 2143 2547 (ut
2168 2476 2452 2539 eundecet,
2487 2487 2542 2530 ut
2577 2476 2914 2545 privilegium
2945 2485 3137 2530 vestra:
3160 2476 3304 2530 sedis
3337 2475 3445 2547 est)
3479 2483 3534 2530 et

1938 2584 2035 2623 nos
2063 2579 2116 2624 et
2139 2570 2213 2623 illi
2243 2568 2628 2624 canonicaliter
2657 2582 3021 2623 convocemur
3043 2609 3058 2635 ,
3091 2574 3146 2622 et
3184 2577 3306 2621 ante
3338 2583 3435 2622 vos
3463 2567 3533 2623 de

1939 2662 2139 2715 nostris
2167 2661 2563 2731 objectionibus
2609 2661 2867 2714 canonice
2907 2677 3026 2714 cum
3067 2661 3216 2714 otnni
3265 2660 3533 2730 probitate

1933 2765 2333 2821 concertemus,
2369 2755 2508 2808 sicut
2539 2753 2968 2823 predecessores
3009 2754 3178 2808 nostri
3212 2769 3376 2823 penes
3405 2769 3528 2809 ves-

1939 2855 2050 2897 tros
2079 2845 2324 2899 fecerunt
2352 2856 2747 2910 antecessores,
2772 2857 2825 2900 et
2853 2850 2991 2900 sicut
3021 2849 3281 2902 canonica
3312 2850 3363 2902 in
3391 2863 3530 2919 prte-

1935 2937 2076 2992 dicta
2093 2948 2274 2993 sancta
2291 2939 2500 3010 synodo
2524 2939 2720 2994 docent
2737 2940 3000 3005 instituta,
3028 2950 3083 2994 et
3103 2942 3269 2995 veluti
3293 2943 3494 3012 palliati
3511 2944 3532 2976 ³

1932 3033 2082 3085 verbi
2118 3048 2210 3098 per
2242 3033 2602 3087 ventilabrum
2630 3035 2905 3088 canoniCe
2937 3034 3385 3100 cxaminationis;
3417 3037 3529 3105 ple-

1937 3139 2060 3178 nam
2088 3125 2458 3193 purgationcm
2487 3127 2537 3178 in
2561 3127 2830 3180 communi
2855 3127 3216 3182 consistentes
3238 3127 3530 3197 auditorio,

1935 3218 2003 3272 de
2035 3218 2258 3271 maturis
2285 3227 2338 3272 et
2360 3220 2758 3273 enutrientibus
2804 3219 3084 3274 catholicae
3115 3220 3375 3276 Ecclesiae
3399 3221 3534 3293 dog-

222 3329 388 3383 snpcr
417 3316 550 3368 alios
591 3329 869 3368 concessa,
910 3316 1022 3381 Ipsa
1071 3318 1215 3368 enim
1248 3315 1488 3384 (Sergius
1530 3315 1688 3386 Cypri
1731 3334 1817 3385 ep,
1853 3299 1896 3360 C
1933 3312 2184 3376 metilius,
2218 3327 2336 3381 qua:
2364 3313 2685 3366 confirmant
2715 3328 2810 3366 cur
2840 3313 3095 3380 hominis,
3129 3331 3222 3384 per
3242 3315 3530 3386 participa-

222 3411 292 3462 ad
323 3410 649 3464 Theodorum
683 3426 892 3480 papam,
929 3427 1072 3464 cons.
1123 3409 1157 3462 2
1197 3412 1380 3462 concil.
1434 3409 1818 3482 Lateranensis)

222 3505 618 3560 ﬁrmamentum
643 3521 668 3558 a
703 3506 812 3559 Deo
838 3507 997 3558 lixum
1025 3515 1077 3558 ct
1101 3507 1373 3575 immobile
1400 3505 1660 3574 percepit,
1685 3520 1821 3573 quo-

222 3601 365 3653 niam
399 3602 565 3668 ipsam
599 3600 826 3654 formam
869 3602 1248 3654 universorum
1284 3600 1561 3652 titulorum
1600 3601 1819 3654 lucidis-

221 3693 436 3756 simam,
466 3693 892 3747 Dominnslesns
921 3693 1170 3747 Christus
1204 3706 1434 3747 resrram
1467 3695 1818 3762 apostolicam

217 3785 500 3839 cott~tituit
543 3786 747 3840 Sedetn.
784 3784 899 3854 ipsa
950 3795 1030 3838 cst
1077 3786 1216 3837 cnim
1269 3801 1422 3836 sai-cr
1451 3786 1469 3814 “
1503 3795 1708 3850 vertex,
1764 3787 1816 3840 in

217 3893 328 3946 quo
355 3893 542 3932 omnes
587 3877 841 3932 Ecclesia:
879 3887 1180 3938 vertuntur,
1226 3885 1618 3938 sustentantur,
1670 3876 1812 3931 rele-

218 3980 433 4022 vantttr.
454 3977 477 4004 ³
503 3969 563 4022 Et
597 3970 732 4022 sicut
764 3969 814 4021 in
835 3968 1048 4022 (Thr-isto
1072 3967 1388 4028 Christiani,
1411 3979 1461 4020 et
1492 3970 1540 4018 in
1569 3976 1736 4036 petra,
1763 3969 1814 4022 id

215 4071 302 4114 est
329 4060 565 4127 Christo,
614 4060 822 4121 Petrus,
859 4060 1002 4114 Petri
1052 4072 1382 4113 renovantur
1405 4058 1683 4112 Ecclesiu'.
1735 4060 1812 4113 Tn

214 4168 278 4206 es
302 4153 442 4206 enim
475 4152 636 4224 (sicut
676 4153 916 4205 divinum
947 4153 1212 4205 veraciter
1254 4160 1481 4204 testatur
1513 4151 1810 4219 eloquium)

215 4244 434 4302 l'ctrns,
466 4253 518 4298 et
541 4243 1124 4312 superfundamentum
1153 4255 1298 4294 tuum
1325 4243 1580 4294 Ecclesim
1608 4243 1815 4296 colurn-

214 4351 324 4398 nzc,
355 4335 405 4389 id
435 4345 534 4401 est,
561 4337 820 4407 episeopi,
854 4338 944 4406 qui
976 4337 1267 4388 licclesiam
1294 4335 1586 4394 sustinere,
1617 4345 1666 4387 el
1695 4351 1815 4403 pro-

214 4428 354 4498 priis
384 4428 618 4483 humeris
655 4438 864 4498 portare
898 4427 1119 4489 debent,
1159 4427 1250 4480 tibi
1301 4438 1424 4480 sunt
1457 4425 1814 4491 conﬁrmata),

214 4524 421 4592 tibique
448 4524 623 4578 claves
652 4524 798 4591 regni
827 4525 1089 4576 cmlorum
1122 4523 1414 4587 commisit,
1458 4531 1620 4590 atque
1653 4522 1815 4591 ligare

213 4631 269 4674 ct
337 4619 546 4673 solvere
604 4618 926 4688 potestative
968 4632 1084 4688 quae
1145 4618 1195 4669 in
1253 4626 1394 4670 terra
1463 4627 1516 4669 et
1568 4617 1617 4668 in
1663 4616 1816 4670 caelis

213 4720 343 4765 sunt
399 4710 611 4782 (Matth.
672 4709 837 4777 XVI),
890 4709 1265 4778 promulgavit.
1335 4709 1416 4761 Tu
1472 4708 1814 4777 profanarum

216 4805 508 4860 Ineresium
532 4847 545 4869 ,
575 4815 627 4860 et
659 4804 1023 4873 impetitorum
1049 4845 1062 4868 ,
1098 4810 1257 4870 atque
1287 4802 1524 4855 omnium
1554 4802 1816 4854 infestan-

215 4901 348 4953 tiunt
418 4897 730 4966 depositor,
792 4906 846 4951 ut
894 4897 1148 4967 princeps
1197 4904 1249 4948 et
1293 4894 1512 4956 doctor,
1547 4905 1813 4964 caputque

213 4994 457 5045 omnium
499 4989 813 5044 orthodoxa:
861 4988 1140 5051 doetrinte,
1193 4998 1247 5042 et
1293 4987 1648 5042 innnacnlatzn
1694 4988 1816 5042 lidci

213 5083 428 5140 existis.
483 5082 648 5152 Igitur
686 5098 755 5137 ne
798 5083 1091 5152 deSpicias,
1139 5091 1312 5149 pater,
1341 5089 1554 5132 tuorum
1607 5089 1832 5148 patrum

213 5178 498 5248 pietatem,
529 5177 834 5246 bonamque
867 5177 1244 5230 intentionem.
1297 5173 1364 5227 Et
1407 5173 1544 5227 sicut
1592 5173 1688 5238 illi,
1724 5188 1816 5243 pa-

213 5279 332 5328 tres
361 5281 414 5327 et
441 5270 867 5341 przedecessores
903 5277 1120 5324 nostros
1149 5282 1177 5321 a
1221 5267 1405 5322 multis
1446 5266 1817 5321 liberaverunt

291 5476 314 5515 ά
350 5479 416 5534 Et
446 5480 596 5534 sicut.
632 5477 938 5548 Legendum
971 5476 1221 5530 videtur:
1254 5475 1319 5548 Et
1347 5474 1484 5527 sicut
1512 5474 1564 5526 in
1590 5473 1811 5528 Chrile

212 5551 532 5614 Christiani,
567 5554 636 5604 ita
669 5561 722 5603 et
756 5567 804 5602 ιιι
839 5561 1010 5617 petra.
1047 5549 1096 5601 id
1129 5555 1230 5608 est,
1263 5547 1446 5606 Petro,
1479 5556 1813 5599 renovantur

219 5624 476 5679 Ecclesia:
506 5641 518 5675 :
557 5633 614 5677 ut
643 5623 712 5677 sit
739 5636 950 5686 sensus,
999 5619 1258 5675 [lentati-re
1289 5617 1552 5673 Ecclesia:
1595 5617 1814 5686 pontili-

287 5765 302 5795 ¹
336 5760 498 5816 Forte
528 5761 798 5830 Distringi.

281 5837 396 5892 ’Sic
418 5834 592 5890 Grmci
621 5825 770 5888 πόλᾶν
802 5834 902 5888 ἀπο
930 5837 1024 5886 τοῦ
1049 5830 1242 5892 πολεῖν,
1274 5840 1448 5895 neque
1473 5839 1537 5880 ex
1576 5825 1679 5880 hoc
1707 5833 1828 5892 ety-

211 5927 302 5968 mo
330 5921 528 5977 arguas
557 5903 749 5959 Latine
774 5905 1028 5974 scriptam
1063 5903 1240 5972 potius
1271 5914 1395 5954 csse
1421 5913 1583 5965 quam
1613 5895 1829 5953 Graece.

1935 3404 2134 3457 tionem
2170 3413 2515 3472 paternarum
2544 3419 2942 3473 consequamur
2965 3405 3386 3462 institutionum.
3408 3410 3524 3464 An-

1933 3495 2092 3564 tiquis
2121 3495 2263 3548 enim
2297 3494 2492 3563 regulis
2524 3493 2669 3564 (PP.
2708 3497 2818 3564 Afr.
2857 3497 2910 3549 iu
2954 3512 3037 3561 ep.
3089 3497 3156 3550 ad
3199 3496 3529 3553 Theodorum

1936 3607 2143 3658 papam,
2171 3606 2311 3643 cons.
2347 3589 2382 3642 2
2409 3605 2553 3642 conc.
2585 3588 2783 3653 Later.,
2812 3607 2898 3643 an.
2932 3591 3036 3645 649
3063 3592 3320 3659 celebrati)
3344 3596 3524 3649 sanci-

1933 3693 2044 3737 tum
2069 3691 2174 3748 est,
2206 3689 2267 3736 ut
2297 3681 2553 3750 quidquid
2583 3683 2822 3751 quamvis
2852 3683 2904 3735 in
2932 3685 3174 3748 remotis,
3199 3694 3292 3739 aut
3322 3685 3526 3756 longin-

1930 3780 2046 3847 quis
2079 3778 2265 3847 positis
2296 3777 2589 3845 provinciis
2616 3791 2779 3843 super
2807 3777 3183 3845 episcoporum
3253 3780 3525 3848 querelis,

1928 3881 2018 3924 ant
2045 3869 2478 3924 accusationibus
2496 3877 2768 3937 ageretur,
2786 3883 2892 3923 non
2913 3871 3058 3938 prius
3079 3870 3417 3926 tractandum
3437 3875 3524 3928 vel

1928 3962 2300 4033 accipiendum
2327 3971 2492 4022 esset,
2517 3977 2677 4031 quam
2703 3961 2768 4015 ad
2790 3962 3034 4016 notitiam
3060 3963 3213 4016 alma:
3237 3964 3382 4018 sedis
3405 3981 3524 4021 ves-

1928 4067 2023 4111 trm
2056 4057 2243 4112 fuisset
2273 4057 2594 4121 deductum,
2632 4063 2688 4108 ut
2720 4055 2877 4124 hujus
2930 4057 3271 4121 auctoritate,
3308 4058 3326 4089 ⁸
3370 4061 3522 4128 juxta

1926 4169 2043 4222 qua!
2066 4151 2278 4205 inisset.
2297 4151 2658 4218 pronuntiatio
2675 4148 3054 4212 inﬁrmaretur,
3075 4158 3165 4203 aut
3185 4151 3522 4207 ﬁrmaretur:

1926 4245 2158 4312 indeque
2191 4251 2469 4298 sumerent
2501 4257 2769 4305 normam,
2793 4240 2936 4296 unde
2960 4241 3219 4296 Ecclesim
3242 4258 3525 4312 sumpsere

1928 4336 2332 4406 praedicationis
2363 4333 2641 4388 exordium
2663 4374 2676 4399 ,
2709 4348 2810 4386 nec
2841 4335 3040 4402 passim
3071 4335 3140 4389 ab
3186 4335 3518 4391 insidiatori-

1930 4433 2030 4485 Ims
2077 4431 2344 4484 columnte
2407 4436 2784 4483 everterentur
2833 4428 3112 4483 Ecclesiae.
3167 4429 3385 4483 Certum
3437 4440 3521 4485 est

1927 4527 2106 4588 enim,
2154 4523 2330 4577 eidem
2365 4530 2568 4577 sanctte
2597 4520 2710 4575 sedi
2743 4529 2966 4583 vestrae,
3008 4520 3059 4573 in
3093 4521 3352 4575 honorem
3397 4521 3524 4576 bea-

1930 4616 2122 4671 tissimi
2159 4615 2326 4680 Petri,
2352 4624 2564 4683 patrum
2594 4614 2810 4670 decreta
2847 4615 3170 4682 peculiarem
3217 4615 3524 4672 decrevisse

1852 4695 1898 4753 υ
1926 4710 2284 4765 reverentiam
2328 4708 2455 4772 Dei,
2511 4721 2606 4775 pro
2638 4706 2802 4761 rebus
2841 4706 3175 4776 inquirendis
3230 4717 3389 4778 atque
3419 4709 3520 4763 de-

1928 4802 2286 4858 terminaudis
2309 4843 2322 4867 ,
2353 4815 2472 4870 quae
2504 4800 2735 4854 Sollicito
2763 4800 2921 4857 decet
2947 4842 2960 4865 ,
3009 4801 3261 4871 justeque
3289 4803 3357 4857 ab
3406 4803 3524 4872 ipso

1925 4896 2214 4968 priesnlnm
2249 4893 2551 4948 examinari
2583 4893 2783 4948 vertice
2814 4895 3114 4962 apostolico
3136 4937 3150 4961 ,
3180 4897 3332 4964 cujus
3373 4897 3525 4951 solli-

1923 4987 2105 5044 citudo
2139 5001 2352 5056 semper
2384 4984 2478 5039 fuit
2506 4995 2560 5040 et
2591 4996 2692 5051 est,
2731 4995 2836 5038 tam
2873 4985 3009 5039 mala
3039 4986 3320 5055 damnare,
3365 5004 3525 5058 quam

1924 5083 2156 5152 probare
2208 5078 2494 5132 laudanda.
2572 5076 2835 5143 Quocirca
2901 5077 3264 5133 humillimum
3339 5089 3523 5137 vestro

1922 5174 2225 5244 apostolico
2253 5170 2472 5225 culmini
2506 5169 2883 5239 persolventes
2912 5171 3264 5240 obsequium,
3299 5181 3356 5226 ut
3408 5174 3524 5242 ipse

1923 5269 2181 5324 Dominus
2211 5265 2502 5335 praecepit,
2561 5272 2615 5319 et
2660 5273 2972 5318 sanctorum
3021 5263 3234 5320 decreta
3312 5276 3523 5335 patrum

1923 5488 2064 5539 cem,
2094 5473 2138 5525 si
2169 5469 2292 5542 quid
2327 5470 2378 5524 in
2410 5469 2628 5524 creteri's
2659 5465 2910 5523 ecclesiis
2936 5467 3182 5525 vitiatum
3212 5480 3304 5525 aut
3330 5469 3525 5540 depra-

1925 5555 2104 5599 vatum
2140 5544 2207 5596 sit
2229 5586 2243 5608 ,
2289 5557 2384 5597 sua
2418 5543 2743 5596 auctoritate
2777 5547 2830 5595 et
2861 5553 3022 5608 posse
3047 5549 3095 5596 el
3131 5542 3330 5599 debere
3358 5544 3529 5599 (ιονιδί-

1924 5633 2074 5688 gere.
2121 5617 2319 5670 Seven.
2366 5613 2569 5668 BINIUS.

2007 5750 2028 5782 3
2057 5750 2194 5782 ..ηυιιε

2007 5750 2028 5782 ³
2182 5751 2194 5762 .

2007 5822 2026 5851 "
2057 5749 2358 5891 digitium
2383 5819 2564 5892 {uisset
2590 5819 2946 5892 pronuntiatio
2970 5817 3129 5890 facta,
3158 5818 3531 5890 inﬁrmaretur.
