3902 6394
412 399 478 454 15
1600 385 1912 449 SANCTUS
1949 384 1991 440 F

2101 381 2153 437 Χ
2192 377 2374 437 ΡΑΡΑ
2414 378 2478 437 ll.
3635 379 3699 438 l6

406 520 754 576 statuerunt,
810 523 931 564 cum
978 507 1236 578 lacrymis
1266 507 1606 578 suggerimus
1635 547 1649 571 ,
1702 503 1846 575 quod
1887 500 2004 554 sine
2037 501 2082 561 Α
2109 495 2196 550 die
2229 496 2294 550 17
2326 492 2680 549 kalendarum
2710 490 3077 560 Augustarum
3101 491 3120 520 ³
3145 531 3159 555 ,
3205 487 3513 545 indictionis
3540 505 3698 561 quar-

406 608 607 677 gcmitu
647 603 826 658 cordis
867 603 1097 656 reticere
1139 617 1242 654 non
1278 602 1568 655 valeamus.
1623 599 1756 654 Nam
1793 599 1842 648 in
1885 605 2003 646 tan-

411 712 522 755 tum
553 715 581 753 a
613 696 1053 770 persecutoribus
1086 705 1286 748 sancta:
1321 695 1411 750 Dei
1453 695 1697 747 ecclesia:
1726 734 1740 757 ,
1774 700 2004 743 nostris-

405 809 512 862 que
559 791 792 846 inimicis
847 787 1258 855 persequimur,
1309 797 1370 841 ιιι
1415 788 1582 856 magis
1641 800 1742 838 nos
1805 781 2005 835 taxleat

410 886 615 948 vivere,
652 897 810 951 quam
839 881 996 934 mori.
1046 879 1202 935 Unde
1232 896 1344 950 pra:
1378 879 1629 933 omnibus
1677 878 1909 930 fatemur
1953 873 2006 925 in

409 985 616 1028 tantum
649 988 744 1024 cor
775 988 894 1024 esse
926 979 1170 1024 nostrum
1204 971 1543 1023 vulneratum
1586 965 1793 1036 (Victor
1825 963 2001 1019 Carih.

407 1072 460 1122 in
494 1087 574 1137 ep.
610 1068 678 1119 ad
711 1066 1042 1119 Theodorum
1069 1066 1305 1136 papam).
1349 1073 1406 1116 ut
1442 1063 1821 1132 propheticum
1856 1058 2005 1112 illum

408 1167 682 1234 planctum
731 1170 1052 1230 exoptemus
1083 1203 1095 1224 ,
1146 1160 1427 1213 dicentes:
1487 1158 1613 1221 Quis
1660 1155 1800 1207 dabit
1851 1149 2007 1222 capiti

409 1270 582 1313 nostro
615 1275 798 1326 aquam
824 1298 837 1321 ,
871 1266 960 1309 ant
988 1255 1151 1308 oculis
1183 1254 1371 1306 nostris
1404 1257 1596 1321 fontem
1638 1251 1998 1318 lacrymarum,

406 1363 462 1406 ut
493 1359 747 1411 sedentes.
780 1353 1038 1419 ploremus
1068 1349 1150 1400 die
1178 1365 1238 1400 ac
1271 1359 1416 1400 nocte
1447 1346 1666 1412 (Jerem.
1698 1341 1823 1413 1v)?
1865 1341 2005 1394 Ecce

410 1447 555 1502 enim
582 1445 817 1499 Ecclesia
847 1443 937 1495 Dei
964 1458 1068 1496 non
1100 1443 1292 1497 leviter
1321 1446 1684 1510 perturbatur,
1709 1437 2005 1490 columnae-

411 1555 515 1609 que
543 1539 658 1606 ejus
691 1537 850 1590 uiiuis
883 1537 1240 1598 infestantur,
1286 1543 1442 1602 atque
1486 1548 1512 1584 a
1547 1531 1725 1600 pravis
1763 1527 2003 1582 amoveri

410 1630 720 1684 hominibus
750 1630 1015 1681 nituntur.
1081 1626 1512 1680 Christianorum
1558 1639 1688 1677 vero
1735 1635 1897 1675 voces
1942 1632 2005 1671 ac

406 1724 640 1793 gemitus
669 1722 1048 1790 episcoporum
1082 1721 1239 1789 longe
1268 1720 1479 1787 lateque
1509 1723 1803 1772 resonant.
1846 1711 2002 1765 novi-

407 1826 546 1870 tates
569 1817 877 1883 insurgunt.
902 1813 1190 1868 calumuize
1217 1820 1491 1876 crescunt,
1518 1809 1825 1879 persecutio
1851 1821 2002 1876 gras-

2107 598 2197 650 tze,
2226 599 2466 642 nostram
2496 584 2872 644 humilitatem,
2905 579 3084 634 divina
3110 583 3305 652 gratia,
3331 596 3430 635 suo
3457 581 3538 653 (ut
3565 592 3698 652 prte-

2108 680 2277 751 cepit)
2310 695 2531 734 munere
2567 677 2931 745 praeveniente
2956 717 2968 738 ,
3020 676 3218 729 vestris
3264 675 3464 730 Sanctis
3496 690 3559 730 ac
3591 677 3696 731 Deo

2109 773 2290 843 dignis
2333 773 2582 843 precibus
2613 771 2665 824 in
2707 781 2894 823 sancta
2928 769 3167 822 Romana
3193 767 3212 797 ³
3245 768 3484 822 Ecclesia
3527 769 3696 838 ponti-

2109 868 2277 921 ficulis
2315 868 2535 920 honoris
2565 863 2842 933 accepisse
2871 862 3340 918 consecrationem
3380 873 3435 918 et
3465 863 3691 918 stolam:

2110 961 2162 1015 in
2191 977 2295 1031 quo
2328 960 2602 1030 dignitatis
2632 958 2845 1028 fastigio
2868 999 2882 1024 ,
2929 968 2986 1011 ut
3014 973 3040 1010 a
3078 959 3184 1010 Deo
3213 956 3585 1024 omnipotente
3615 971 3696 1012 re-

2108 1070 2299 1125 gamur
2328 1056 2596 1108 altissimo
2622 1093 2636 1116 ,
2681 1065 2734 1106 et
2766 1067 2794 1104 a
2827 1051 2982 1104 malis
3014 1049 3263 1104 omnibus
3292 1047 3611 1115 liberemur,
3641 1057 3694 1105 ut

2110 1164 2217 1202 non
2252 1147 2593 1203 sacerdotale
2622 1162 2818 1199 nomen
2855 1155 3078 1210 tantum,
3134 1141 3228 1198 sed
3261 1141 3457 1196 Christi
3491 1143 3694 1198 Domini

2112 1247 2205 1301 Dei
2237 1246 2406 1300 nostri
2441 1251 2757 1313 protegente
2782 1241 3007 1305 auxilio,
3032 1250 3085 1294 et
3108 1240 3358 1294 meritum
3384 1237 3692 1308 habeamus,

2107 1340 2304 1391 vestris
2336 1337 2539 1390 sanctis
2570 1350 2632 1388 ac
2664 1333 2773 1388 Deo
2804 1332 3234 1403 acceptabilibus
3282 1345 3381 1385 nos
3421 1345 3694 1388 commen-

2109 1430 2299 1486 dantes
2328 1429 2667 1484 orationibus
2695 1469 2708 1492 ,
2763 1427 3036 1497 poscimus
3063 1468 3076 1490 ,
3125 1433 3388 1496 quatenus
3413 1433 3468 1480 et
3504 1428 3695 1483 vestris

2110 1523 2584 1592 deprecationibus
2634 1538 2732 1592 pro
2780 1523 2933 1576 nobis
2966 1521 3031 1575 ad
3064 1522 3229 1575 Deum
3262 1518 3452 1574 effusis
3484 1521 3692 1589 muniti,

2108 1627 2159 1672 et
2192 1616 2590 1670 eruditionibus
2641 1615 2798 1669 bonis
2847 1615 3138 1679 instructi,
3190 1612 3336 1680 digni
3376 1611 3690 1682 efﬁciamur,

2108 1724 2228 1764 cum
2260 1711 2404 1762 omni
2440 1709 2594 1761 nobis
2619 1707 2820 1778 populo
2839 1705 3150 1760 Christiano
3177 1706 3490 1768 commisso,
3521 1704 3695 1770 illtcsi,

2109 1803 2318 1870 protegi
2373 1801 2682 1854 velamento
2731 1799 2939 1853 divino.
3016 1797 3095 1852 Ad
3151 1797 3526 1853 salutationem
3572 1812 3697 1867 ergo

407 1917 558 1963 satur
586 1951 598 1973 ,
645 1907 882 1978 perditio
925 1907 984 1960 fit
1028 1906 1371 1976 populorum.
1431 1906 1680 1958 Vestrum
1715 1911 1800 1956 est
1830 1901 1992 1965 enim,
2035 1892 2082 1952 B
2111 1906 2302 1948 vestrae
2347 1904 2550 1947 sancta:
2593 1903 2647 1947 et
2699 1891 3035 1946 honoranda:
3084 1891 3418 1956 paternitatis
3460 1891 3575 1946 vice
3604 1905 3697 1946 no-

405 2002 562 2054 nohis
585 2016 801 2053 manum
833 1998 1135 2068 porrigere,
1162 1999 1284 2066 quia
1312 1997 1468 2050 vobis
1491 1995 1767 2050 commissi
1791 2007 1996 2046 sumus.

405 2095 656 2148 Vestrum
689 2104 769 2147 est
803 2109 899 2146 nos
923 2093 1215 2146 defendere
1235 2099 1396 2159 atque
1428 2089 1690 2149 liberare;
1723 2095 1999 2139 nostrum-

400 2201 506 2255 que
544 2197 623 2238 est
653 2201 680 2239 a
719 2184 872 2238 vobis
903 2183 1168 2237 auxilium
1200 2191 1494 2248 expetere,
1549 2179 1751 2232 vestris
1807 2191 2001 2246 parere

397 2279 750 2348 jussionibus.
788 2277 904 2331 Prte
934 2277 1100 2329 nimio
1125 2291 1252 2345 ergo
1275 2274 1466 2328 dolore
1498 2282 1550 2327 et
1570 2272 1792 2341 gemitu,
1820 2269 2002 2323 omnia

403 2388 524 2440 quae
557 2369 712 2424 nobis
745 2371 971 2433 instant,
997 2379 1046 2423 et
1083 2384 1182 2423 nos
1217 2369 1496 2428 inlestant,
1531 2367 1545 2396 ¹
1575 2364 1886 2420 necessario
1919 2376 2002 2417 re—

401 2462 651 2525 cordari,
705 2463 968 2529 Vobisque
1021 2461 1329 2529 signiIiCare
1376 2459 1679 2526 nequimus.
1742 2456 1866 2509 Ideo
1917 2454 1998 2508 al-

401 2569 546 2606 mum
582 2562 821 2606 vestrum
853 2567 1144 2606 exoramus
1174 2551 1538 2619 apostolatum
1560 2591 1572 2610 ,
1624 2559 1682 2602 ut
1710 2564 1873 2618 super
1916 2547 2001 2600 his

397 2645 568 2714 legem
597 2685 611 2707 ,
661 2660 779 2712 qu:c
828 2644 880 2695 in
929 2652 1224 2696 memorata
1260 2642 1474 2695 Nicarna
1507 2639 1718 2711 synodo
1760 2649 1843 2693 est
1877 2653 2002 2707 pro-

397 2737 656 2805 mulgata,
693 2738 822 2790 licet
854 2735 1235 2803 priedictorum
1271 2734 1651 2787 insidiatorum
1683 2743 1736 2786 et
1769 2731 1998 2784 aliorum

399 2830 665 2882 malorum
712 2827 989 2880 hominum
1031 2829 1112 2895 (ut
1161 2824 1368 2877 facilius
1407 2824 1730 2892 episcopos,
1790 2821 1998 2890 Deique

396 2921 677 2974 ministros
712 2919 933 2971 valeant
980 2914 1299 2986 illaqueare)
1333 2915 1724 2983 depravatione
1771 2918 1843 2967 sit
1881 2912 1996 2967 suf-

395 3013 568 3067 locata
589 3055 602 3076 ,
637 3010 902 3078 reparetis
930 3028 941 3060 :
985 3019 1040 3062 et
1069 3025 1186 3078 qua:
1220 3010 1533 3062 necessaria
1564 3005 1679 3061 fore
1707 3007 1997 3076 cognosci-

398 3108 497 3161 tis.
534 3114 734 3157 vestra:
763 3110 962 3156 sauctze
993 3101 1137 3155 sedis
1164 3100 1487 3154 auctoritate
1532 3115 1630 3152 nos
1660 3108 1998 3169 cunctosque

394 3195 597 3249 fratres
636 3193 940 3246 informetis
967 3233 979 3254 ,
1030 3200 1087 3245 ut
1127 3193 1394 3245 malorum
1431 3190 1657 3243 insidias
1687 3189 1990 3254 hominum,

2108 1997 2253 2048 stra,
2289 1987 2308 2014 ὀ
2357 1985 2707 2039 Benedictum
2737 1984 2995 2038 humilem
3024 1991 3269 2037 vestrum
3305 1983 3559 2050 fratrem,
3603 1999 3696 2038 no-

2106 2086 2276 2128 strum
2334 2079 2691 2144 episcopum,
2755 2085 2808 2130 et
2859 2075 3227 2129 Alexandrum
3290 2075 3692 2146 presbyterum,

2105 2168 2416 2237 Crispinum
2449 2182 2665 2237 quoque
2695 2167 2982 2221 diaconum
3015 2209 3029 2232 ,
3090 2178 3300 2222 vestros
3341 2166 3572 2224 famulos
3601 2169 3697 2224 de-

2106 2263 2449 2328 stinavimus,
2480 2278 2614 2332 quos
2648 2262 2986 2329 postulamus
3015 2263 3250 2317 celerius
3282 2264 3435 2319 nobis
3463 2281 3488 2317 a
3524 2274 3696 2321 vestra

2107 2353 2439 2408 beatitudine
2485 2354 2752 2422 persolvi,
2796 2363 2852 2405 ut
2884 2354 3080 2407 vestris
3108 2355 3570 2410 cohortationibus
3615 2372 3700 2410 ro-

2107 2447 2303 2511 horati,
2329 2459 2381 2501 et
2406 2448 2600 2502 vestris
2629 2449 2828 2517 regulis
2860 2449 3156 2511 informati.
3190 2448 3424 2506 inimicis
3453 2451 3700 2506 videlicet

2106 2546 2437 2613 Compressis
2460 2586 2472 2607 ,
2520 2544 2584 2596 ad
2615 2545 2864 2614 proprias
2900 2544 3195 2611 prudenter
3226 2545 3490 2600 consolati
3523 2545 3699 2601 valea-

2107 2653 2225 2690 mus
2257 2637 2526 2691 licclesias
2555 2646 2680 2690 ante
2712 2639 2970 2702 hiemem,
3006 2637 3116 2691 Deo
3147 2637 3398 2707 prOpitio,
3433 2654 3692 2694 remeare.

2108 2730 2358 2782 Vestrum
2390 2739 2475 2783 est
2505 2733 2724 2798 quippe,
2760 2740 2910 2798 pater
2942 2731 3308 2794 sanctissime,
3337 2732 3596 2786 canonica
3618 2731 3699 2787 di-

2103 2822 2390 2875 strictione
2421 2820 2583 2891 (Vide
2616 2823 2768 2889 [invni
2808 2821 3031 2876 Victoris
3059 2823 3287 2895 ejusdem
3316 2825 3568 2897 epistolw)
3594 2826 3698 2880 sol-

2104 2911 2272 2976 licite,
2297 2915 2679 2966 ecclesiastica:
2705 2915 2904 2984 regulae
2932 2915 3436 2981 adversantibus,et
3462 2916 3689 2974 fratrum

2104 3005 2508 3061 insidiatoribus
2540 3008 2762 3062 obviare
2789 3051 2802 3072 ,
2856 3024 2953 3063 nec
2983 3011 3298 3080 permittere
3330 3013 3538 3068 noviter
3567 3013 3693 3081 dici,

2102 3097 2245 3168 quod
2298 3112 2505 3167 patrum
2562 3101 2952 3155 venerabiliqu
2998 3104 3300 3158 auctoritas
3338 3107 3561 3160 omnino
3589 3122 3696 3161 non

2104 3191 2333 3244 censuit.
2381 3191 2488 3244 Nos
2519 3194 2661 3246 enim
2691 3192 2922 3248 humiles
2951 3197 3114 3249 corde
3139 3237 3153 3259 ,
3201 3211 3321 3265 qua)
3362 3209 3506 3252 recta
3548 3206 3695 3264 sunt,

395 3296 573 3342 vestra
609 3285 725 3339 fulti
759 3285 1090 3337 auctoritate
1112 3324 1126 3347 ,
1175 3283 1328 3336 illaesi
1355 3323 1367 3346 ,
1411 3282 1641 3335 Domino
1671 3279 1990 3349 Opitulante,
2022 3274 2067 3338 C
2102 3285 2390 3356 adjuvaute
2426 3287 2676 3354 Domino,
2710 3290 3007 3358 sapientes,
3039 3305 3146 3344 uno
3173 3290 3390 3346 vinculo
3416 3290 3697 3346 charitatis

394 3379 628 3434 evadere
679 3378 995 3432 valeamus:
1047 3377 1167 3445 quia
1222 3393 1326 3429 non
1377 3386 1459 3430 est
1503 3377 1724 3437 ovidm,
1775 3375 1998 3430 insidias

394 3474 645 3541 luporum
682 3470 983 3540 praevidere
1009 3467 1197 3541 (Conc.
1226 3485 1278 3523 ιιι
1318 3469 1466 3524 Itoni.
1502 3469 1595 3522 sub
1627 3467 1992 3538 Symmacho),

395 3567 489 3620 sed
536 3576 809 3634 pastorum
838 3573 942 3617 est.
989 3563 1202 3618 Scimus
1237 3563 1380 3615 enim
1414 3561 1498 3630 (ut
1541 3575 1756 3628 semper
1799 3571 1997 3615 vestrae

393 3661 541 3715 sedis
573 3659 832 3728 pra-sules
856 3699 868 3721 ,
905 3658 1081 3725 primo
1109 3655 1381 3724 apostoli,
1419 3655 1617 3709 deinde
1651 3669 1997 3708 successores

393 3767 580 3806 eorum
608 3749 872 3820 fecerunt)
903 3764 1000 3801 vos
1031 3748 1354 3802 universalis
1370 3747 1648 3809 Ecclesia),
1678 3757 1731 3801 et
1761 3749 1997 3802 maxime

393 3843 774 3912 episcoporum
798 3883 810 3904 ,
854 3842 946 3910 qui
976 3843 1108 3893 oculi
1145 3850 1364 3908 propter
1393 3841 1910 3909 contemplationem
1941 3849 1996 3896 et

392 3938 820 4006 speculationem
841 3978 854 3999 ,
885 3943 1149 3988 vocantur
1177 3933 1420 3998 Domini,
1464 3950 1652 3987 curam
1684 3951 1896 4004 gerere,
1932 3950 1995 3991 ac

392 4030 461 4083 de
485 4029 820 4084 revelatione
844 4036 897 4081 et
924 4027 1040 4096 lege
1064 4035 1245 4079 nostra
1275 4026 1490 4080 assidue
1512 4027 1747 4096 Cogitare
1767 4027 1988 4094 debere,

390 4125 533 4176 sicut
558 4121 818 4192 scriptum
848 4137 860 4173 :
897 4119 1084 4172 Beatus
1117 4121 1191 4172 uir
1219 4120 1308 4181 qui
1348 4119 1625 4173 meditatur
1654 4121 1706 4173 in
1735 4121 1844 4192 lege
1871 4120 1986 4175 Do-

391 4215 516 4267 mini
559 4213 643 4266 die
683 4229 743 4266 ac
785 4224 930 4266 nocte
971 4212 1144 4283 (Psal.
1178 4213 1263 4280 t):
1304 4230 1422 4281 qua:
1466 4214 1745 4268 meditatio
1781 4214 1991 4285 (Victor

389 4309 632 4376 (.‘artltag.
669 4308 820 4376 epist.
857 4305 970 4374 rit.)
997 4321 1100 4359 non
1133 4307 1362 4359 lectione
1395 4323 1487 4374 per
1519 4306 1743 4375 figuram
1776 4308 1988 4363 littera-

390 4416 507 4452 rum
561 4409 767 4452 tantum
813 4407 1143 4466 conspecta,
1193 4397 1285 4452 sed
1336 4397 1668 4453 exuberante
1720 4401 1772 4453 in
1831 4400 1991 4455 vobis

387 4491 590 4544 Christi
642 4492 856 4561 gratia,
920 4493 971 4542 in
1023 4501 1198 4544 vestra
1252 4493 1602 4560 cognoscitur
1651 4494 1989 4548 cooscientia

386 4587 740 4640 itumohiliter
792 4584 952 4638 insita
983 4625 996 4650 ,
1049 4593 1103 4638 et
1147 4585 1454 4639 nullatenus
1502 4585 1568 4639 de
1601 4596 1784 4640 vestro
1821 4587 1991 4643 corde

2104 3378 2379 3432 vobiscum
2411 3393 2593 3433 sumus
2625 3381 2938 3445 constricti,
2985 3397 3166 3436 veram
3199 3381 3357 3437 fidem
3391 3399 3453 3438 ac
3484 3382 3696 3454 religio-

2104 3486 2223 3524 nem
2277 3471 2599 3526 catholicam
2659 3473 2710 3526 in
2759 3472 3008 3527 omnibus
3067 3475 3277 3528 fortiter
3327 3474 3694 3530 defensantes.

2103 3563 2406 3618 Studiosius
2441 3566 2619 3634 itaque
2671 3581 2698 3616 a
2727 3564 3043 3630 catholicis,
3097 3567 3360 3635 improbis
3399 3567 3565 3637 probe
3610 3583 3698 3622 re-

2104 3656 2298 3709 sistere
2327 3656 2663 3710 inuitendum
2683 3667 2785 3722 est,
2815 3672 2882 3711 ne
2906 3667 3179 3725 torpentes
3203 3658 3406 3713 desidia
3430 3659 3694 3729 oppressi,

2099 3746 2271 3814 eulpm
2303 3746 2680 3801 taciturnitatis
2709 3759 2993 3802 teneamur
3019 3750 3238 3804 obnoxii
3269 3790 3284 3815 ,
3331 3763 3386 3806 et
3428 3752 3579 3822 quasi
3618 3753 3696 3806 fa-

2101 3853 2286 3891 vorem
2317 3837 2696 3907 impendentes
2737 3839 3073 3908 judiceotur,
3103 3841 3230 3894 dum
3257 3840 3484 3897 adversa
3509 3842 3696 3898 catho-

2100 3930 2217 3984 lic-.c
2245 3929 2368 3984 fidei
2403 3932 2716 4000 pr0pulsare
2743 3933 3085 4003 negligimus.
3137 3931 3292 3988 Unde
3320 3934 3520 3989 dictum
3559 3942 3682 3990 est:

2098 4022 2377 4094 Negligere
2405 4025 2621 4094 qttippe,
2658 4023 2784 4078 dum
2832 4026 3006 4094 possis
3044 4025 3340 4080 deturbare
3379 4041 3685 4096 perversos,

2098 4116 2231 4170 nihil
2279 4117 2419 4171 aliud
2461 4131 2541 4172 est
2571 4134 2729 4188 quam
2762 4122 2964 4173 fovere.
3012 4118 3121 4174 Nec
3150 4128 3298 4174 caret
3325 4121 3576 4190 scrupulo
3603 4137 3691 4175 so-

2093 4212 2303 4265 cietatis
2331 4213 2589 4276 occultae,
2637 4212 2729 4280 qui
2762 4211 3050 4266 manifesto
3083 4213 3311 4267 facinori
3353 4211 3552 4268 desiuit
3591 4212 3687 4267 oh-

2100 4308 2266 4360 viarc.
2301 4307 2513 4376 Liquet,
2549 4308 2742 4363 doctor
2767 4310 3135 4374 sanctissime,
3165 4325 3436 4366 venenosa
3468 4326 3688 4381 serpen-

2098 4399 2226 4454 tium
2278 4401 2398 4455 sinc
2446 4402 2791 4471 simplicitate
2845 4402 3040 4458 astutia
3093 4403 3220 4458 dum
3277 4404 3556 4459 manifesta
3603 4413 3687 4459 cst

2095 4489 2282 4545 dolosa
2316 4491 2659 4546 inimicorum
2690 4493 2923 4548 fallacia.
2972 4494 3283 4551 Succurrite
3305 4539 3321 4563 ,
3356 4511 3682 4566 qua-sumus,

2094 4586 2408 4654 Oppressis,
2461 4585 2685 4640 liberate
2733 4603 2832 4648 nos
2881 4586 2950 4642 de
2993 4603 3154 4643 manu
3211 4589 3682 4659 persequentium,

393 4678 686 4732 recedente
716 4676 835 4745 lege
859 4675 1060 4729 Christi
1091 4676 1180 4730 Dei
1205 4676 1414 4730 Domini
1448 4689 1816 4744 sacrosancta,
1847 4684 1986 4733 sicut
2013 4669 2065 4728 D
2093 4687 2149 4730 ut
2178 4693 2300 4732 cum
2332 4679 2490 4733 beato
2517 4677 2618 4733 Job
2649 4680 2880 4734 cautetis
2907 4697 2919 4732 :
2958 4679 3255 4736 Benedictio
3289 4683 3505 4751 perituri
3531 4697 3684 4753 super

389 4771 442 4825 in
478 4771 688 4841 psalmo
718 4770 851 4823 dicit
902 4769 1203 4837 propheta:
1251 4770 1320 4823 Os
1358 4772 1492 4839 justi
1536 4774 1865 4825 meditabitur
1902 4791 1986 4827 sa-

387 4866 633 4934 pientiam
657 4902 672 4928 ,
725 4871 774 4915 ct
816 4863 993 4931 lingua
1021 4866 1133 4934 ejus
1171 4863 1402 4932 loquetur
1433 4866 1735 4936 judicium:
1776 4867 1858 4919 lca:
1888 4865 1986 4921 Dci

386 4957 497 5026 ejus
538 4957 590 5006 in
642 4955 796 5006 corde
843 4955 1011 5021 ipsius
1043 4953 1213 5024 (Psal.
1250 4959 1483 5025 xxxvi):
1525 4974 1625 5010 non
1670 4968 1978 5029 atramento,

381 5048 471 5101 scd
499 5047 684 5114 spiritu
731 5045 820 5098 Dei
856 5047 952 5098 uiui
1000 5057 1163 5098 ucstra
1195 5049 1244 5100 in
1273 5066 1466 5102 arcana
1497 5051 1790 5119 conscripta
1822 5070 1840 5117 ;
1892 5071 1980 5107 ne-

381 5158 478 5209 que
508 5142 560 5192 in
587 5139 784 5192 tabulis
819 5139 1034 5208 lapideis
1054 5181 1067 5202 ,
1119 5143 1205 5192 scd
1237 5142 1289 5194 in
1332 5143 1520 5196 tabulis
1552 5145 1721 5196 cordis
1750 5146 1978 5199 carnali-

380 5238 472 5288 bus
508 5234 572 5300 (ll
602 5233 720 5286 Cor.
751 5231 830 5302 ιιι)
861 5274 874 5296 ,
929 5234 1067 5287 sicut
1115 5235 1406 5290 beatissimi
1461 5239 1689 5306 apnsmli
1729 5240 1876 5294 l’auli
1906 5241 1974 5296 ad

381 5326 696 5380 Corinthios
745 5327 906 5378 missa
958 5340 1056 5378 nos
1097 5325 1263 5379 duch
1296 5329 1545 5396 epistula.
1590 5331 1797 5395 Quibus
1837 5347 1974 5402 prm-

379 5421 588 5485 missis,
622 5418 986 5488 signiﬁcamus
1021 5421 1128 5474 Deo
1159 5421 1368 5489 placita:
1399 5423 1708 5491 paternitati
1752 5436 1968 5496 vestrze,

448 5610 461 5638 ¹
501 5606 830 5660 Necessaria.

446 5702 463 5775 ἦ
495 5701 651 5775 Auno
679 5699 808 5775 linit}.
835 5713 944 5775 quo
973 5699 1144 5775 magis
1172 5709 1431 5770 appareat
1459 5702 1612 5757 fucus
1658 5701 1972 5775 impostoris

371 5772 459 5842 qui
505 5771 622 5825 orbi
671 5771 838 5825 voluit
881 5771 1129 5826 illutlere.

446 5884 463 5912 ³
511 5881 808 5939 Romanam
839 5882 957 5940 loco
984 5882 1423 5955 Carthaginensis
1469 5886 1764 5944 substituit.
1815 5887 1968 5946 Adde

2093 4787 2171 4823 me
2203 4772 2450 4835 ueniebat,
2483 4780 2529 4824 et
2559 4787 2646 4825 cor
2676 4771 2844 4824 vidua:
2869 4775 3162 4828 consolatus
3191 4792 3323 4828 sum.
3352 4775 3566 4830 Iustitia
3603 4777 3685 4829 in-

2090 4864 2244 4914 dutus
2275 4879 2388 4916 sum
2417 4903 2432 4927 ,
2479 4873 2525 4918 et
2571 4866 2745 4918 uestiui
2788 4881 2895 4928 me,
2944 4867 3076 4920 sicut
3107 4869 3402 4923 uestimento
3432 4879 3478 4922 ct
3505 4867 3683 4922 diade-

2088 4965 2223 5007 mate
2243 4995 2255 5017 ,
2290 4955 2493 5024 judicio
2522 4971 2652 5009 meo.
2711 4956 2909 5010 Oculus
2937 4957 3016 5024 fui
3047 4975 3181 5013 ca'co
3207 5001 3222 5026 ,
3276 4971 3322 5014 et
3353 4977 3440 5030 pes
3469 4958 3677 5014 claudo.

2088 5044 2247 5099 Pater
2279 5062 2417 5098 erum
2465 5064 2791 5116 pauperum,
2841 5058 2887 5102 ct
2939 5066 3149 5104 causam
3179 5069 3332 5120 quam
3374 5054 3681 5118 nesciebant,

2084 5138 2478 5208 diligentissime
2525 5140 2912 5209 inuestigabam.
2972 5141 3306 5198 Conterebam
3358 5147 3522 5201 molas
3572 5147 3680 5199 ini-

2081 5230 2201 5296 qui,
2243 5241 2286 5282 et
2320 5230 2382 5282 de
2413 5232 2648 5285 dentibus
2682 5233 2700 5262 ⁵
2734 5248 2912 5286 eorum
2939 5235 3240 5304 auferebam
3291 5239 3522 5306 prardam
3553 5235 3681 5308 (Job

2079 5321 2256 5392 xxvii)
2283 5364 2296 5389 ,
2345 5335 2397 5378 et
2429 5326 2656 5395 reliqua.
2725 5326 2835 5380 Nos
2862 5327 3008 5381 enim
3037 5345 3174 5398 quos
3203 5340 3292 5386 tua
3327 5330 3554 5386 tnaxima
3584 5347 3680 5387 ex-

2078 5430 2288 5494 spectat
2331 5437 2458 5476 cura
2495 5421 2700 5494 (lnnoc.
2746 5439 2834 5493 cp;
2865 5423 2932 5478 18
2961 5425 3031 5478 ad
3069 5426 3220 5481 Alex.
3256 5424 3674 5497 Antiochenam),

2081 5607 2224 5676 quod
2256 5609 2580 5663 Athanasius
2606 5610 2948 5667 Alexandriae
2978 5610 3465 5678 ordinatus,credo
3491 5629 3678 5671 mense

2078 5679 2339 5735 Januario
2366 5696 2453 5734 an.
2485 5681 2610 5747 516,
2646 5682 2943 5742 indictione
2975 5684 3061 5738 14.

2149 5750 2168 5778 ⁵
2201 5751 2426 5829 Nomina
2457 5759 2674 5822 propria
2707 5755 2930 5810 mutavit
2961 5755 3254 5826 plagiarios
3283 5771 3351 5814 ne
3372 5757 3672 5829 deprehen-

2073 5823 2299 5878 deretur
2327 5824 2382 5876 in
2407 5823 2568 5879 furto.

2144 5895 2164 5925 ³
2197 5892 2369 5946 Illius.

2144 5895 2164 5925 ³
2197 5894 2369 5949 Illius.
