3902 6388
200 405 264 462 17
1398 403 1755 461 ΕΡΙΞΤΟΕΕ
1795 405 1883 461 ET
1923 403 2266 462 DECRETA.
3418 410 3485 463 18

202 521 250 578 id
277 531 384 587 est,
436 533 628 574 omnes
665 517 942 588 episconi,
977 519 1248 589 prmciptte
1277 529 1422 575 luunt
1463 523 1662 575 mereri
1693 520 1786 575 de-
1814 522 2269 591 Aepiscoporum.
2298 551 2380 562 -ν
2419 519 2603 576 XVIII.
2661 521 2738 576 De
2783 539 2883 575 non
2928 523 3266 576 terminandis
3311 526 3482 578 causis

201 615 380 670 bemus
417 610 704 679 judicium,
746 621 802 666 et
843 626 948 666 non
987 611 1056 666 ab
1103 613 1223 667 aliis
1265 611 1531 668 devorari.
1591 612 1782 668 Merito

202 719 326 776 ergo
375 716 475 757 nos
507 703 714 758 Don‘iini
767 719 927 759 causa
971 705 1185 770 respicit
1228 704 1534 759 sacerdotes
1561 745 1575 767 ,
1625 707 1670 758 si
1714 705 1786 758 si-

201 797 360 854 lentio
405 795 682 851 faveamus
719 797 897 852 errori
941 794 1089 867 (Cwl.
1124 812 1206 863 ep.
1263 798 1287 850 l
1325 798 1394 850 ad
1422 796 1648 866 Gallos).
1700 797 1785 852 Si-

199 890 405 965 quidem
457 892 824 960 corripiantur
886 890 1224 959 hujusmodi,
1293 907 1392 945 nec
1436 891 1506 944 sit
1552 889 1779 944 liberum

199 986 298 1048 eis,
340 998 436 1053 pro
465 984 740 1039 voluntate
767 983 945 1038 facere
984 983 1272 1052 judicium.
1319 983 1541 1036 Desinat
1574 981 1781 1037 novitas

199 1077 460 1133 incessere
492 1088 814 1134 vetustatem
845 1079 886 1142 ¹,
911 1077 1124 1131 desinat
1150 1077 1514 1131 Rcclesiarnm
1542 1077 1780 1146 quietem

196 1170 500 1238 inquietttdo
528 1172 764 1225 turbare.
797 1169 931 1224 Nam
957 1179 1015 1224 ut
1041 1185 1230 1224 omnes
1259 1169 1666 1238 metrOpoIitani
1699 1169 1778 1223 vel

193 1262 374 1330 reliqui
419 1263 662 1334 episcopi
693 1277 791 1318 sua
817 1262 938 1317 odia
983 1272 1074 1318 aut
1118 1265 1390 1319 vindictas
1441 1264 1492 1318 iu
1539 1264 1780 1332 reliquos

199 1356 477 1426 episcopos
557 1371 816 1412 exercere
897 1370 1002 1411 non
1071 1357 1322 1422 valeant,
1402 1357 1522 1412 ideo
1602 1357 1778 1410 nomi-

194 1448 350 1502 natim
398 1448 452 1502 in
496 1446 712 1502 Nicmna
761 1448 969 1519 synodo
1017 1449 1262 1518 expressi
1313 1459 1436 1502 sunt
1489 1450 1772 1518 primates,

190 1541 275 1610 qui
321 1540 563 1610 reliquos
597 1541 889 1610 episcopos
927 1540 1116 1594 audire
1143 1553 1196 1595 et
1240 1541 1488 1610 judicare
1517 1542 1776 1607 debeant,

192 1647 257 1687 ne
285 1631 389 1686 ulla
419 1631 570 1686 fraus
603 1632 656 1686 in
695 1631 900 1700 judicio
929 1633 1308 1703 episcOporum
1339 1634 1512 1702 possit
1545 1634 1774 1687 irruere.

194 1722 297 1777 Vos
324 1737 475 1792 ergo,
498 1723 588 1793 qui
621 1724 675 1778 in
703 1737 911 1777 summa
939 1724 1156 1793 specula
1187 1724 1359 1793 gratia
1388 1723 1483 1778 Dei
1516 1725 1646 1778 estis
1679 1737 1772 1792 po-

191 1820 296 1881 siti,
325 1820 606 1875 attendere
637 1833 732 1874 eos
761 1828 816 1875 et
844 1822 1157 1889 Opprimere
1183 1828 1436 1887 Oportet,
1467 1821 1558 1889 qui
1587 1820 1636 1872 in
1670 1818 1776 1872 fra-

1892 616 2250 682 episcoporum
2278 617 2464 683 absque
2496 615 2799 668 auctoritate
2833 615 3056 668 Romani
3105 619 3382 685 pontificis.
3411 649 3480 657 —

1887 703 2028 758 XIX.
2089 705 2149 760 Si
2185 708 2457 774 episcopus
2497 726 2525 758 a
2559 710 3099 775 coniprovincialibus,
3134 711 3266 762 vela
3293 720 3481 762 metro-

1888 796 2117 865 politano
2162 800 2376 851 senserit
2427 815 2479 851 se
2529 801 2954 866 prwqrarari.—
2989 799 3100 853 XX.
3153 800 3228 853 De
3261 801 3483 872 judiciis

1886 890 2267 956 episcoporum,
2292 901 2336 942 et
2363 891 2424 941 de
2451 901 2676 958 tempore
2703 907 2940 943 concesso
2965 895 3030 944 ad
3059 894 3481 962 prtcparandnm,

1887 990 1934 1033 et
1965 975 2493 1047 εοιηρω·ιιηι1ηηι.’--
2522 981 2666 1036 XXI.
2701 982 2775 1034 De
2807 983 3075 1052 judicibus
3122 994 3167 1034 ct
3217 994 3484 1037 accusato-

1885 1074 2044 1136 ribus,
2086 1074 2262 1142 quales
2290 1074 2503 1126 debeant
2533 1092 2656 1128 esse.

1893 1209 2391 1265 Revercndissimis
2422 1223 2579 1280 atque
2611 1212 2980 1266 dilectissimis
3012 1211 3292 1276 fratribus,
3320 1213 3488 1267 Atha-

1967 1304 2122 1357 nasio
2169 1313 2222 1357 et
2269 1305 2541 1358 universis
2590 1304 3006 1374 Egyptiornm,
3055 1305 3482 1372 'l‘ltebaitlornm,

1956 1396 2254 1467 Libyorutn
2283 1400 2576 1468 episcopis,
2608 1399 2658 1452 in
2685 1408 2866 1452 sancta
2887 1399 3248 1454 Alexandrina
3275 1402 3485 1472 synodo

1957 1491 2318 1560 eongregatis,
2347 1490 2492 1546 Felix
2523 1492 2677 1545 almae
2704 1491 2962 1544 Romamn
2993 1493 3137 1544 urbis
3161 1503 3220 1546 et
3266 1496 3482 1547 univer-

1953 1583 2082 1637 salis
2116 1585 2370 1638 Ecclesiae
2419 1587 2726 1653 eplSCOpIIS,
2775 1597 2827 1638 ct
2857 1597 3041 1639 sancta
3074 1588 3333 1656 synodus,
3363 1604 3482 1656 qua:

1957 1674 2008 1726 in
2044 1674 2230 1728 urbem
2284 1675 2504 1728 Ruinam
2554 1679 2840 1740 convenit,
2876 1677 2925 1730 in
2962 1678 3189 1730 Domino
3222 1679 3475 1731 salutem.

1954 1813 2172 1869 Sacram
2207 1823 2440 1867 vestram
2471 1814 2784 1884 synodicant
2817 1816 3102 1881 epistolam
3136 1857 3148 1880 ,
3202 1832 3297 1885 per
3337 1832 3462 1885 gra-

192 1921 296 1966 tres
325 1913 620 1968 seditiones
647 1921 703 1968 οι
732 1913 987 1968 scandala
1020 1916 1267 1968 excitam
1290 1914 1499 1985 (διρριι,
1529 1912 1774 1966 pop-ensis
1808 1916 1854 1975 Β
1884 1907 2011 1960 tiam
2040 1908 2211 1961 sancti
2243 1909 2475 1976 Spiritus
2497 1951 2509 1971 ,
2556 1920 2609 1962 et
2640 1911 2747 1962 Deo
2781 1910 3038 1976 piat-itum
3074 1911 3310 1965 studium
3343 1927 3475 1965 con-

195 2006 260 2059 ad
285 2023 397 2076 syn.
431 2005 609 2060 Later.
643 2023 766 2059 ann.
800 2005 950 2076 649).
982 2006 1216 2075 Ideoque
1244 2019 1554 2069 exoramus,
1589 2015 1647 2058 ut
1677 2007 1777 2058 mi-

190 2099 333 2154 nime
381 2099 700 2169 despiciatis
765 2099 1089 2153 humilitatis
1153 2107 1355 2152 nostra:
1421 2107 1478 2152 et
1538 2099 1779 2152 onmium

191 2193 532 2248 orientalium
581 2193 1012 2248 orthodoxorum
1066 2193 1410 2248 sacerdotum
1458 2202 1513 2248 et
1551 2194 1784 2263 populo-

188 2301 300 2342 rum
328 2285 658 2342 afflictiones
687 2289 745 2354 ',
797 2297 846 2341 et
890 2287 1310 2358 deprecationes
1355 2303 1476 2341 cum
1527 2287 1780 2357 lacrymis

187 2380 392 2433 oblatas
417 2421 432 2446 ,
479 2378 572 2434 sed
603 2380 744 2432 sicut
775 2377 1062 2432 luminaria
1096 2379 1354 2433 universo
1384 2377 1588 2430 tuundo
1613 2418 1628 2443 ,
1662 2392 1782 2431 ver-

187 2471 306 2526 bum
339 2470 464 2526 vitae
498 2472 801 2527 retinentes
825 2516 838 2538 ,
887 2472 1228 2526 introtluctas
1257 2473 1581 2539 exstinguite
1626 2480 1778 2524 tene~

187 2561 307 2618 bras
371 2562 890 2618 nefandissimorum
951 2563 1372 2626 insidiatorum,
1445 2563 1778 2631 temporibus

185 2655 342 2710 etiam
372 2655 576 2709 nostris
610 2655 915 2724 procaciter
941 2655 1279 2724 germinatas
1305 2696 1318 2718 ,
1357 2667 1629 2722 quatenus
1662 2655 1780 2707 fun-

187 2749 326 2803 ditus
355 2751 622 2804 exstincta
657 2748 970 2819 hujusmodi
997 2749 1254 2817 caligine,
1286 2747 1480 2802 lucifer
1507 2747 1665 2801 nobis
1693 2762 1784 2800 re-

187 2843 465 2912 splendeat
499 2857 593 2912 per
627 2857 758 2907 vos,
794 2842 1138 2895 sanctissime
1170 2851 1353 2907 pater,
1384 2850 1438 2892 et
1468 2839 1776 2907 dogmatica

188 2933 428 2989 definitio
458 2934 657 3003 ubique
689 2948 881 2987 omnes
909 2932 1390 3000 lmtilicans,quam
1421 2931 1644 2998 gloriosi
1677 2931 1780 2984 Ec-

186 3027 363 3081 clesiae
391 3035 595 3080 sanctze
627 3035 810 3095 patres
853 3039 950 3095 per
978 3024 1195 3094 propria
1232 3025 1470 3092 piissima
1522 3024 1777 3093 dogmata

188 3117 236 3171 in
286 3127 507 3172 :cterna:
556 3117 679 3172 vitte
738 3116 948 3172 firmam
1001 3116 1382 3172 bmreditatem
1448 3119 1778 3187 prtcdicasse

187 3220 507 3267 ηοεουιιιιιτ.

1885 2004 2170 2069 scriptam,
2194 2012 2392 2054 vestrte
2423 2017 2451 2054 a
2478 2002 2588 2056 Deo
2622 2003 2953 2056 honor-anthr
2982 2006 3283 2058 sanctitatis
3311 2007 3480 2075 gratia

1885 2090 2122 2145 libenter
2172 2095 2554 2160 suscepimus,
2615 2104 2777 2162 atque
2839 2098 3104 2148 instanter
3158 2097 3209 2148 in
3267 2098 3480 2165 synodo

1884 2184 2102 2238 recitari
2134 2201 2226 2253 per
2258 2187 2464 2254 singula
2493 2187 2788 2252 jussimtts,
2819 2197 2870 2239 et
2901 2203 3092 2240 omnes
3123 2188 3324 2240 intente
3356 2189 3478 2253 ejus

1883 2279 2142 2347 colligere
2176 2281 2335 2332 verba
2371 2281 2724 2347 princepitnus
2753 2298 2762 2330 :
2812 2296 2974 2348 super
2999 2298 3119 2349 quin
3151 2282 3276 2333 dum
3312 2280 3479 2332 laturi

1885 2369 2244 2437 sperabamus
2293 2381 2349 2422 et
2392 2371 2782 2437 cupiebantus,
2831 2387 2982 2424 versa
3032 2382 3115 2424 cst
3168 2374 3220 2424 in
3277 2374 3480 2424 luctum

1885 2463 2091 2516 cithara
2137 2475 2356 2530 nostra,
2401 2465 2644 2516 conlatio
2688 2464 2740 2516 in
2783 2465 3180 2532 plorationeni,
3227 2475 3279 2517 ct
3321 2481 3484 2518 omne

1884 2559 2052 2610 totius
2081 2558 2275 2628 synodi
2323 2558 2576 2627 gaudium
2612 2557 2662 2610 in
2699 2572 2986 2611 maerorem
3031 2558 3353 2610 translatum
3395 2568 3478 2611 est

1885 2647 2024 2716 (Job.
2057 2648 2223 2716 xxx):
2267 2649 2389 2716 quia
2441 2663 2545 2700 non
2597 2648 2854 2701 decuerat
2882 2691 2894 2708 ,
2959 2659 3014 2702 ιιι
3058 2650 3107 2701 111
3149 2650 3240 2718 qui
3277 2666 3478 2716 corpus

1883 2739 2086 2792 Christi
2136 2738 2376 2807 quotidie
2416 2739 2630 2807 prOprio
2665 2741 2966 2792 conticinnt
2997 2755 3089 2790 ore
3117 2740 3201 2809 (S.
3241 2741 3389 2795 Hier.
3423 2742 3476 2794 in

1882 2846 1964 2899 ep.
1998 2835 2066 2882 ad
2097 2830 2506 2901 Nepotianum),
2559 2841 2760 2884 tantam
2795 2841 3113 2899 paterentur
3145 2833 3481 2899 persecutio-

1883 2937 2030 2985 nem,
2061 2925 2314 2991 quoniam
2352 2923 2611 2976 Dominus
2643 2923 2784 2976 Deus
2818 2936 3008 2976 noster
3039 2925 3266 2976 salutem
3299 2925 3478 2992 provi-

1883 3016 2020 3070 dens
2059 3017 2274 3083 generis
2317 3016 2567 3082 humani,
2614 3017 2887 3070 mandavit
2921 3018 3340 3086 persecutiones
3369 3034 3475 3070 non

1885 3109 2022 3169 fieri,
2058 3124 2232 3177 neque
2258 3108 2643 3162 llttctuationes
2676 3111 2899 3174 inferri,
2931 3126 3029 3162 nec
3065 3110 3294 3164 invideri
3330 3110 3478 3163 labo-

1883 3201 2130 3255 rantibus
2187 3203 2238 3254 in
2293 3217 2425 3271 agro
2479 3203 2786 3266 dominico,
2847 3219 3021 3272 neque
3066 3204 3476 3270 dispensatores

255 3304 582 3359 Incolumem
616 3312 669 3358 te
698 3311 753 3359 et
793 3303 1190 3373 beneplacitum
1226 3303 1336 3358 Deo
1364 3304 1607 3376 (Sergius
1634 3303 1764 3374 Cyp.
1800 3291 1846 3354 C
1879 3297 2055 3364 magni
2097 3296 2236 3364 regis
2279 3297 2460 3349 vexari
2504 3306 2597 3349 aut
2646 3297 2864 3365 expue-lli.
2930 3297 3204 3363 Quiescite
3231 3339 3244 3360 ,
3304 3299 3479 3366 inquit

189 3411 266 3464 ep.
298 3397 366 3449 ad
395 3395 598 3450 Theod.
629 3412 818 3468 papam
847 3412 1002 3466 supra
1027 3395 1141 3466 cit.)
1163 3437 1176 3461 ,
1227 3397 1568 3450 sanctissime
1610 3409 1771 3464 pater

189 3498 431 3556 patrum,
477 3498 722 3543 orantem
764 3502 859 3558 pro
888 3487 1074 3552 nobis,
1115 3487 1378 3543 Dominus
1407 3487 1683 3543 custodiat
1720 3488 1773 3542 in

188 3596 375 3638 terum.
420 3583 616 3638 Amen.

409 3715 430 3747 ³
459 3715 796 3771 EPISTULA
842 3715 861 3770 I
908 3713 1173 3770 FELICIS
1222 3713 1428 3769 PAP/E
1471 3713 1536 3769 II.

221 3845 549 3885 RESCBIPTUI
591 3846 659 3884 AD
699 3844 980 3884 EPISCOI‘OS
1022 3845 1072 3882 IN
1117 3844 1495 3883 ALEXANDIIINA
1539 3842 1740 3883 SYNODO

773 3939 1170 3978 CONGREGATOS.

252 4037 290 4092 Ι.
337 4037 408 4093 Ut
452 4055 598 4092 nemo
627 4039 929 4107 episcopum
965 4053 1117 4104 penes
1147 4036 1364 4089 arbitros
1393 4037 1662 4088 stvcularcs
1689 4053 1777 4088 ac-

187 4140 342 4184 cuset.
369 4160 440 4170 —
484 4129 546 4184 II.
596 4129 659 4186 Si
688 4131 800 4198 quis
830 4130 1076 4183 adversus
1108 4130 1408 4198 episcopum
1439 4145 1648 4181 causam
1678 4129 1772 4180 Ita-

187 4223 366 4276 buerit.
401 4253 476 4264 ——
518 4221 602 4276 III.
647 4221 724 4275 De
756 4223 950 4276 eadem.
986 4251 1055 4259 ——
1100 4219 1187 4272 IV.
1244 4216 1317 4271 De
1347 4221 1600 4288 ρρὶεσονὶδ
1630 4219 1776 4272 rebus

187 4318 288 4369 suis
317 4317 618 4386 exspoliatis
642 4358 654 4379 ,
705 4327 790 4368 aut
819 4332 849 4366 a
875 4315 992 4367 sede
1021 4315 1206 4382 pulsis.
1237 4344 1306 4352 —
1338 4313 1398 4366 V.
1455 4314 1684 4380 Infantes
1729 4323 1774 4365 et

186 4409 457 4480 sacrilegos
487 4408 554 4460 ad
581 4407 927 4460 testimonium
959 4422 1059 4457 non
1084 4405 1452 4458 admittendos.
1495 4433 1563 4443 ---
1592 4403 1680 4457 VI.
1715 4403 1774 4456 Si

187 4502 450 4566 episcOpus
503 4509 710 4552 vocatus
755 4498 820 4551 ad
850 4498 1154 4560 concilium,
1191 4497 1266 4550 ire
1297 4514 1396 4549 non
1428 4497 1672 4564 potuerit.
1705 4523 1774 4533 ——

187 4591 293 4646 VII.
343 4591 419 4646 De
447 4593 618 4645 causis
646 4606 760 4657 qua:
790 4590 985 4657 legibus
1013 4606 1114 4642 non
1145 4591 1506 4649 continentur,
1549 4589 1626 4641 ecl
1655 4604 1776 4654 pro-

1881 3400 2066 3442 sancta
2097 3405 2288 3459 magna
2315 3389 2529 3444 Nicazna
2575 3392 2817 3460 synodus
2864 3392 2940 3459 (6,
2975 3402 3154 3461 quwst.
3193 3392 3266 3458 l),
3297 3401 3352 3444 et
3384 3409 3480 3444 no—

1882 3482 1975 3534 lite
2009 3484 2257 3550 persequi
2285 3497 2377 3534 eos
2393 3484 2480 3552 qui
2515 3483 2623 3536 Deo
2649 3482 2884 3550 perfecte
2913 3486 3242 3547 ministrant,
3275 3492 3330 3536 et
3359 3484 3476 3536 sin-

1879 3586 2004 3627 cera
2045 3573 2323 3627 voluntate
2357 3575 2446 3627 Dei
2488 3575 2707 3641 superni
2751 3575 3001 3626 mandata
3033 3575 3368 3638 custodiunt,
3415 3585 3470 3628 ct

1881 3671 2085 3724 nostris
2133 3670 2340 3739 legibus
2372 3669 2768 3737 subjugantur;
2813 3670 2936 3736 quia
2987 3685 3085 3721 nec
3126 3669 3321 3732 decet,
3372 3684 3474 3722 nec

1879 3762 2015 3815 ordo
2043 3763 2244 3830 patitur
2266 3803 2279 3824 ,
2319 3770 2376 3814 ut
2407 3759 2575 3829 iniqui
2601 3769 2655 3814 et
2682 3760 2960 3822 carnales,
2996 3761 3308 3827 Spiritnales
3341 3775 3472 3827 pcr-

1879 3863 2196 3923 sequantur.
2267 3852 2457 3905 Omnis
2508 3853 2650 3906 enim
2701 3853 2788 3920 qui
2839 3853 3044 3905 resistit
3088 3853 3277 3915 alicui,
3330 3867 3474 3906 nunc

1880 3947 2164 4009 vertendo,
2199 3960 2338 3998 nunc
2367 3945 2593 3998 celando
2624 3945 2930 4008 veritatem,
2981 3946 3244 3997 mentitur
3276 3944 3472 3997 adver-

1881 4053 1976 4092 sus
2025 4054 2178 4099 eum,
2231 4047 2418 4091 contra
2447 4052 2604 4102 quem
2639 4037 2832 4106 litigat.
2881 4036 2948 4088 lit
2989 4037 3076 4103 qui
3121 4036 3345 4089 infestus
3390 4048 3473 4091 cst

1880 4131 2065 4192 alicui,
2094 4129 2274 4182 omnia
2309 4131 2449 4182 sicut
2479 4130 2649 4180 hostis
2676 4131 2802 4195 agit,
2837 4136 2892 4180 et
2919 4128 3141 4196 Illallpt‘l‘
3174 4128 3314 4196 loqui
3347 4144 3475 4180 ton—

1883 4224 2074 4277 tendit.
2105 4223 2213 4277 Vos
2245 4223 2388 4276 enim
2420 4237 2723 4285 monemus,
2759 4222 2976 4282 fratres,
3011 4222 3062 4274 iu
3095 4221 3331 4287 speculis
3357 4235 3478 4274 esse

1880 4315 2078 4370 debere
2103 4359 2116 4381 ,
2166 4325 2225 4369 ut
2265 4317 2316 4368 in
2344 4325 2601 4385 quantum
2635 4315 2888 4382 poteStis,
2937 4322 2990 4366 ct
3021 4313 3281 4365 Dominus
3319 4314 3473 4365 auxi-

1882 4410 2010 4463 lium
2043 4409 2252 4463 dedcrit
2281 4451 2294 4473 ,
2353 4409 2550 4462 talibus
2584 4418 2764 4461 nostra
2793 4407 3089 4474 apostolica
3119 4447 3132 4466 ,
3186 4417 3476 4472 vestraque

1882 4503 2207 4556 auctoritate
2247 4502 2547 4566 resistatis,
2590 4515 2689 4552 nec
2719 4500 3004 4568 quisquam
3035 4508 3272 4552 vestrum
3305 4514 3334 4550 a
3369 4496 3476 4551 fra-

1883 4597 1981 4648 tris
2027 4595 2227 4648 auxilio
2271 4609 2328 4647 se
2375 4593 2697 4656 subtrahat,
2745 4592 2838 4645 sed
2893 4607 2986 4659 pro
3016 4593 3223 4644 viribus
3254 4601 3477 4658 praestet

189 4686 353 4740 hibita:
379 4696 679 4739 noscuntur.
727 4714 795 4724 —
842 4683 976 4738 VIII.
1027 4683 1102 4737 De
1132 4683 1548 4736 accusationibus
1582 4684 1779 4750 episco-
1806 4688 1860 4747 D
1886 4687 2292 4740 adminiculum.
2347 4687 2643 4752 Quoniam,
2681 4687 2804 4738 licet
2833 4686 2987 4752 pauci
3024 4685 3165 4746 sitis,
3203 4688 3244 4736 si
3281 4687 3475 4736 unani-

189 4797 384 4847 porum,
409 4789 456 4833 ct
488 4795 659 4832 rerum
688 4794 898 4830 suarum
931 4777 1220 4830 oblatarum
1248 4777 1777 4845 redintegratione.——

187 4871 272 4926 IX.
330 4872 527 4940 Quibus
579 4888 680 4925 non
729 4872 877 4925 liceat
932 4887 1215 4934 accusare,
1274 4871 1353 4923 vel
1393 4871 1779 4936 testi/icori.-—

191 4965 253 5019 X.
286 4966 358 5020 De
389 4966 568 5020 eadem
596 4981 670 5018 re.
701 4995 770 5004 --
817 4962 910 5018 XI.
944 4963 1018 5016 De
1046 4963 1278 5032 personis
1306 4972 1683 5016 accusatorum.
1709 4991 1776 5000 —

193 5057 297 5114 XII.
343 5060 418 5114 De
466 5059 772 5130 primatibus
814 5067 859 5111 et
909 5057 1342 5122 metrOpolitanis.
1388 5083 1458 5096 ——
1506 5054 1644 5109 XIII.
1701 5054 1774 5108 De

191 5157 594 5211 accusationibus
625 5154 1015 5224 cpiscOporum,
1064 5163 1110 5204 et
1149 5152 1492 5222 ineptitudine
1527 5167 1776 5202 accusun-
1816 5141 1822 5146 ’

193 5247 328 5301 tium.
357 5278 427 5288 —-
458 5247 598 5302 XIV.
637 5246 738 5313 Qui
775 5261 876 5297 non
906 5243 1124 5298 debeant
1151 5244 1353 5295 admitti
1384 5244 1451 5295 ad
1493 5243 1780 5294 accusatio-

191 5352 318 5391 nem.
337 5369 406 5379 —-
430 5338 549 5394 XV.
581 5335 659 5390 De
689 5335 864 5389 cadent
891 5350 967 5386 re.
986 5364 1058 5374 —
1085 5333 1224 5388 XVI.
1259 5332 1435 5387 Licere
1461 5335 1516 5386 in
1543 5334 1780 5385 ecclesia-

192 5430 324 5483 sticis
348 5431 591 5502 negotiis,
622 5430 758 5484 dicta
784 5443 938 5481 causa
967 5436 1014 5479 et
1057 5428 1238 5496 ﬁnita,
1273 5426 1530 5483 recedere,
1565 5426 1704 5493 quod
1730 5427 1782 5479 in

193 5525 518 5579 secutoribus
572 5539 674 5577 non
727 5523 862 5576 licet.
902 5550 972 5561 ——
1020 5518 1184 5575 XVII.
1241 5518 1318 5573 De
1364 5519 1781 5572 accusationibus

259 5712 272 5742 ¹
303 5708 449 5765 Citat
488 5707 629 5761 hunc
669 5705 843 5761 locum
875 5705 1030 5760 Viue.
1062 5705 1392 5771 Lirinensis,
1422 5720 1488 5759 ex
1514 5717 1675 5774 supra
1706 5704 1782 5758 ci-

195 5788 301 5835 tata
337 5779 614 5849 (laalestini
651 5775 672 5830 I
712 5793 867 5849 papa:
917 5778 1166 5849 epistola.

265 5853 283 5883 ’
320 5851 551 5906 Nomina
594 5845 914 5916 Sophronii,
954 5845 1285 5918 Apollinaris
1327 5855 1382 5902 et
1413 5845 1595 5902 Severi
1633 5861 1777 5901 rese-

1884 4796 1998 4834 tnes
2031 4781 2236 4833 fueritis
2267 4821 2279 4844 ,
2328 4780 2636 4832 nullatenus
2663 4819 2674 4839 ,
2717 4779 2926 4846 iustitia
2956 4777 3308 4846 suffragante,
3361 4778 3462 4830 Do-

1884 4875 2034 4926 mino
2084 4887 2296 4941 quoque
2342 4888 2496 4940 opem
2554 4872 2798 4933 ferente,
2869 4871 3254 4937 superabimini
3284 4911 3297 4934 ,
3348 4871 3472 4936 quia

1884 4964 2149 5032 funiculus
2190 4964 2385 5029 triplex
2411 4963 2616 5032 diﬁicile
2647 4965 2906 5028 rumpitur
2935 4961 3158 5032 (Ecclcs.
3195 4963 3292 5025 tv).
3341 4962 3475 5016 Nam

1881 5056 1924 5108 si
1983 5057 2181 5109 officiis
2239 5058 2591 5110 saecularibus
2640 5056 2870 5110 humana
2934 5057 3020 5108 lex
3075 5057 3325 5109 subvenit
3379 5056 3476 5127 (5.

1887 5149 2040 5222 (ἐνρς.
2075 5167 2157 5216 ep.
2192 5149 2296 5202 1'20
2330 5150 2418 5202 lib.
2455 5149 2548 5216 vn)
2571 5191 2584 5213 ,
2627 5159 2832 5216 quanto
2864 5149 3034 5217 magis
3086 5149 3477 5202 ecclesiasticis

1879 5253 1935 5296 et
1971 5244 2182 5296 Domini
2225 5243 2600 5296 sacerdotibus
2630 5282 2643 5303 ,
2699 5242 3044 5309 maximeque
3098 5240 3478 5308 pontificibus,

1882 5338 1976 5405 qui
2011 5337 2225 5406 pupillae
2258 5337 2537 5390 oculorum
2577 5337 2801 5387 Domini-
2824 5345 3207 5401 nuncnpantur
3234 5375 3246 5396 ,
3297 5335 3477 5387 divina

1885 5437 2049 5497 atque
2091 5428 2356 5483 Catholica
2394 5429 2482 5482 lex
2522 5427 2806 5493 sull'tagari
2847 5425 3050 5478 debet!
3112 5425 3194 5477 Ait
3226 5427 3366 5479 enim
3399 5427 3482 5479 (11--

1887 5519 2074 5575 νίιιυηι
2103 5521 2169 5576 de
2199 5521 2468 5591 episcopis
2495 5520 2768 5588 eloqumnt
2799 5535 2812 5568 :
2858 5515 2958 5582 Qui
2992 5534 3075 5571 vos
3107 5519 3289 5587 tangit,
3327 5518 3486 5588 tangit

1888 5708 1998 5761 Cttit
2041 5709 2304 5763 falstirius.

1971 5779 1990 5809 ³
2018 5779 2224 5834 Falsum
2249 5791 2303 5834 et
2329 5781 2464 5835 hanc
2491 5794 2707 5848 qumitte
2735 5779 3084 5834 meritissimo
3109 5775 3227 5845 iure
3258 5776 3480 5832 dixeris.
