  <div class='ocr_page' id='page_1' title='image "/cluster/home/n/w/nwhite01/storage/ocr_20150623/12-13/uc1.31175013632818/673.png"; bbox 0 0 3902 6414; ppageno 0'>
   <div class='ocr_carea' id='block_1_1' title="bbox 376 389 3674 450">
    <p class='ocr_par' dir='ltr' id='par_1_1' title="bbox 376 389 3674 450">
     <span class='ocr_line' id='line_1_1' title="bbox 376 389 3674 450; baseline -0.001 -1"><span class='ocrx_word' id='word_1_1' title='bbox 376 395 440 450; x_wconf 79' lang='lat' dir='ltr'><strong>l9</strong></span> <span class='ocrx_word' id='word_1_2' title='bbox 1593 389 1902 446; x_wconf 74' lang='lat' dir='ltr'><strong>SANLTUS</strong></span> <span class='ocrx_word' id='word_1_3' title='bbox 1943 389 2141 444; x_wconf 78' lang='lat' dir='ltr'>FF.le</span> <span class='ocrx_word' id='word_1_4' title='bbox 2188 389 2363 444; x_wconf 71' lang='lat' dir='ltr'><strong>PAPA</strong></span> <span class='ocrx_word' id='word_1_5' title='bbox 2407 390 2469 444; x_wconf 86' lang='lat' dir='ltr'><strong>ll.</strong></span> <span class='ocrx_word' id='word_1_6' title='bbox 3605 395 3674 447; x_wconf 69' lang='lat'><strong>‘20</strong></span> 
     </span>
    </p>
   </div>
   <div class='ocr_carea' id='block_1_2' title="bbox 373 509 2050 582">
    <p class='ocr_par' dir='ltr' id='par_1_2' title="bbox 373 509 2050 582">
     <span class='ocr_line' id='line_1_2' title="bbox 373 509 2050 582; baseline -0.001 -19"><span class='ocrx_word' id='word_1_7' title='bbox 373 510 628 582; x_wconf 84' lang='lat' dir='ltr'><strong>pupillam</strong></span> <span class='ocrx_word' id='word_1_8' title='bbox 659 511 797 563; x_wconf 86' lang='lat' dir='ltr'><strong>oculi</strong></span> <span class='ocrx_word' id='word_1_9' title='bbox 827 512 924 564; x_wconf 86' lang='lat' dir='ltr'><strong>mei</strong></span> <span class='ocrx_word' id='word_1_10' title='bbox 958 510 1204 581; x_wconf 74' lang='lat' dir='ltr'><strong>(Zacliar.</strong></span> <span class='ocrx_word' id='word_1_11' title='bbox 1248 510 1330 578; x_wconf 93' lang='lat' dir='ltr'><strong>II).</strong></span> <span class='ocrx_word' id='word_1_12' title='bbox 1382 509 1445 562; x_wconf 78' lang='lat' dir='ltr'><strong>Et</strong></span> <span class='ocrx_word' id='word_1_13' title='bbox 1474 509 1519 563; x_wconf 89' lang='lat' dir='ltr'><strong>si</strong></span> <span class='ocrx_word' id='word_1_14' title='bbox 1549 512 1838 564; x_wconf 69' lang='lat' dir='ltr'><strong>smculares</strong></span> <span class='ocrx_word' id='word_1_15' title='bbox 1871 510 1970 563; x_wconf 83' lang='lat' dir='ltr'><strong>hu-</strong></span> <span class='ocrx_word' id='word_1_16' title='bbox 1997 513 2050 572; x_wconf 75' lang='grc' dir='ltr'><strong>Α</strong></span> 
     </span>
    </p>
   </div>
   <div class='ocr_carea' id='block_1_3' title="bbox 374 602 1969 672">
    <p class='ocr_par' dir='ltr' id='par_1_3' title="bbox 374 602 1969 672">
     <span class='ocr_line' id='line_1_3' title="bbox 374 602 1969 672; baseline 0.001 -16"><span class='ocrx_word' id='word_1_17' title='bbox 374 619 530 657; x_wconf 89' lang='lat' dir='ltr'><strong>mana</strong></span> <span class='ocrx_word' id='word_1_18' title='bbox 577 603 947 672; x_wconf 75' lang='lat' dir='ltr'><strong>multipliciter</strong></span> <span class='ocrx_word' id='word_1_19' title='bbox 989 603 1346 672; x_wconf 80' lang='lat' dir='ltr'><strong>explorantur</strong></span> <span class='ocrx_word' id='word_1_20' title='bbox 1392 602 1644 658; x_wconf 77' lang='lat' dir='ltr'><strong>homines</strong></span> <span class='ocrx_word' id='word_1_21' title='bbox 1687 603 1806 669; x_wconf 68' lang='lat' dir='ltr'><strong>lege</strong></span> <span class='ocrx_word' id='word_1_22' title='bbox 1833 646 1846 669; x_wconf 94' lang='lat'><strong>,</strong></span> <span class='ocrx_word' id='word_1_23' title='bbox 1913 615 1969 657; x_wconf 91' lang='lat' dir='ltr'><strong>et</strong></span> 
     </span>
    </p>
   </div>
   <div class='ocr_carea' id='block_1_4' title="bbox 375 696 1966 766">
    <p class='ocr_par' dir='ltr' id='par_1_4' title="bbox 375 696 1966 766">
     <span class='ocr_line' id='line_1_4' title="bbox 375 696 1966 766; baseline 0 -15"><span class='ocrx_word' id='word_1_24' title='bbox 375 696 767 764; x_wconf 74' lang='lat' dir='ltr'><strong>reqdisitiones</strong></span> <span class='ocrx_word' id='word_1_25' title='bbox 811 707 971 765; x_wconf 92' lang='lat' dir='ltr'><strong>atque</strong></span> <span class='ocrx_word' id='word_1_26' title='bbox 1016 697 1248 751; x_wconf 63' lang='lat' dir='ltr'><strong>induciae</strong></span> <span class='ocrx_word' id='word_1_27' title='bbox 1279 699 1293 728; x_wconf 79' lang='grc'>¹</span> <span class='ocrx_word' id='word_1_28' title='bbox 1333 697 1449 766; x_wconf 89' lang='lat' dir='ltr'><strong>ejus</strong></span> <span class='ocrx_word' id='word_1_29' title='bbox 1485 700 1776 751; x_wconf 76' lang='lat' dir='ltr'><strong>multorum</strong></span> <span class='ocrx_word' id='word_1_30' title='bbox 1814 713 1966 751; x_wconf 88' lang='lat' dir='ltr'><strong>men-</strong></span> 
     </span>
    </p>
   </div>
   <div class='ocr_carea' id='block_1_5' title="bbox 372 787 1968 860">
    <p class='ocr_par' dir='ltr' id='par_1_5' title="bbox 372 787 1968 860">
     <span class='ocr_line' id='line_1_5' title="bbox 372 787 1968 860; baseline 0 -17"><span class='ocrx_word' id='word_1_31' title='bbox 372 787 512 843; x_wconf 91' lang='lat' dir='ltr'><strong>sium</strong></span> <span class='ocrx_word' id='word_1_32' title='bbox 544 787 952 855; x_wconf 89' lang='lat' dir='ltr'><strong>conceduntur,</strong></span> <span class='ocrx_word' id='word_1_33' title='bbox 1001 805 1068 842; x_wconf 90' lang='lat' dir='ltr'><strong>ne</strong></span> <span class='ocrx_word' id='word_1_34' title='bbox 1120 790 1317 858; x_wconf 88' lang='lat' dir='ltr'><strong>injuste</strong></span> <span class='ocrx_word' id='word_1_35' title='bbox 1346 789 1710 844; x_wconf 71' lang='lat' dir='ltr'><strong>damnentur:</strong></span> <span class='ocrx_word' id='word_1_36' title='bbox 1763 798 1968 860; x_wconf 84' lang='lat' dir='ltr'><strong>quanto</strong></span> 
     </span>
    </p>
   </div>
   <div class='ocr_carea' id='block_1_6' title="bbox 372 880 1970 952">
    <p class='ocr_par' dir='ltr' id='par_1_6' title="bbox 372 880 1970 952">
     <span class='ocr_line' id='line_1_6' title="bbox 372 880 1970 952; baseline 0 -17"><span class='ocrx_word' id='word_1_37' title='bbox 372 880 546 951; x_wconf 74' lang='lat' dir='ltr'><strong>magis</strong></span> <span class='ocrx_word' id='word_1_38' title='bbox 575 881 868 950; x_wconf 85' lang='lat' dir='ltr'><strong>episcOpis,</strong></span> <span class='ocrx_word' id='word_1_39' title='bbox 900 880 991 951; x_wconf 87' lang='lat' dir='ltr'><strong>qui</strong></span> <span class='ocrx_word' id='word_1_40' title='bbox 1020 882 1385 951; x_wconf 86' lang='lat' dir='ltr'><strong>proximiores</strong></span> <span class='ocrx_word' id='word_1_41' title='bbox 1414 892 1541 937; x_wconf 92' lang='lat' dir='ltr'><strong>sunt</strong></span> <span class='ocrx_word' id='word_1_42' title='bbox 1565 882 1695 948; x_wconf 88' lang='lat' dir='ltr'><strong>Deo,</strong></span> <span class='ocrx_word' id='word_1_43' title='bbox 1722 891 1776 938; x_wconf 90' lang='lat' dir='ltr'><strong>et</strong></span> <span class='ocrx_word' id='word_1_44' title='bbox 1805 897 1970 952; x_wconf 90' lang='lat' dir='ltr'><strong>super</strong></span> 
     </span>
    </p>
   </div>
   <div class='ocr_carea' id='block_1_7' title="bbox 373 973 1971 1046">
    <p class='ocr_par' dir='ltr' id='par_1_7' title="bbox 373 973 1971 1046">
     <span class='ocr_line' id='line_1_7' title="bbox 373 973 1971 1046; baseline -0.001 -17"><span class='ocrx_word' id='word_1_45' title='bbox 373 973 474 1030; x_wconf 88' lang='lat' dir='ltr'><strong>hos</strong></span> <span class='ocrx_word' id='word_1_46' title='bbox 517 975 837 1040; x_wconf 85' lang='lat' dir='ltr'><strong>constituti,</strong></span> <span class='ocrx_word' id='word_1_47' title='bbox 899 975 1170 1046; x_wconf 82' lang='lat' dir='ltr'><strong>positique</strong></span> <span class='ocrx_word' id='word_1_48' title='bbox 1212 975 1264 1029; x_wconf 90' lang='lat' dir='ltr'><strong>in</strong></span> <span class='ocrx_word' id='word_1_49' title='bbox 1303 975 1513 1031; x_wconf 72' lang='lat' dir='ltr'><strong>caelesti</strong></span> <span class='ocrx_word' id='word_1_50' title='bbox 1559 976 1750 1030; x_wconf 88' lang='lat' dir='ltr'><strong>militia</strong></span> <span class='ocrx_word' id='word_1_51' title='bbox 1776 1018 1788 1040; x_wconf 98' lang='lat'><strong>,</strong></span> <span class='ocrx_word' id='word_1_52' title='bbox 1849 990 1971 1045; x_wconf 68' lang='lat' dir='ltr'><strong>quae</strong></span> 
     </span>
    </p>
   </div>
   <div class='ocr_carea' id='block_1_8' title="bbox 371 1069 1967 1140">
    <p class='ocr_par' dir='ltr' id='par_1_8' title="bbox 371 1069 1967 1140">
     <span class='ocr_line' id='line_1_8' title="bbox 371 1069 1967 1140; baseline -0.001 -16"><span class='ocrx_word' id='word_1_53' title='bbox 371 1069 670 1138; x_wconf 84' lang='lat' dir='ltr'><strong>impensius</strong></span> <span class='ocrx_word' id='word_1_54' title='bbox 725 1069 1075 1138; x_wconf 86' lang='lat' dir='ltr'><strong>ponderanda</strong></span> <span class='ocrx_word' id='word_1_55' title='bbox 1125 1080 1238 1136; x_wconf 90' lang='lat' dir='ltr'><strong>est,</strong></span> <span class='ocrx_word' id='word_1_56' title='bbox 1296 1079 1538 1140; x_wconf 88' lang='lat' dir='ltr'><strong>tempora</strong></span> <span class='ocrx_word' id='word_1_57' title='bbox 1591 1079 1718 1125; x_wconf 91' lang='lat' dir='ltr'><strong>sunt</strong></span> <span class='ocrx_word' id='word_1_58' title='bbox 1763 1084 1967 1124; x_wconf 90' lang='lat' dir='ltr'><strong>conce-</strong></span> 
     </span>
    </p>
   </div>
   <div class='ocr_carea' id='block_1_9' title="bbox 372 1164 1967 1236">
    <p class='ocr_par' dir='ltr' id='par_1_9' title="bbox 372 1164 1967 1236">
     <span class='ocr_line' id='line_1_9' title="bbox 372 1164 1967 1236; baseline 0 -18"><span class='ocrx_word' id='word_1_59' title='bbox 372 1164 547 1220; x_wconf 89' lang='lat' dir='ltr'><strong>denda</strong></span> <span class='ocrx_word' id='word_1_60' title='bbox 581 1166 752 1220; x_wconf 90' lang='lat' dir='ltr'><strong>multo</strong></span> <span class='ocrx_word' id='word_1_61' title='bbox 777 1165 1040 1236; x_wconf 89' lang='lat' dir='ltr'><strong>ampliora</strong></span> <span class='ocrx_word' id='word_1_62' title='bbox 1063 1207 1076 1231; x_wconf 93' lang='lat'><strong>,</strong></span> <span class='ocrx_word' id='word_1_63' title='bbox 1127 1181 1195 1220; x_wconf 89' lang='lat' dir='ltr'><strong>ne</strong></span> <span class='ocrx_word' id='word_1_64' title='bbox 1237 1181 1266 1219; x_wconf 91' lang='lat' dir='ltr'><strong>a</strong></span> <span class='ocrx_word' id='word_1_65' title='bbox 1295 1165 1616 1236; x_wconf 87' lang='lat' dir='ltr'><strong>quibusdam</strong></span> <span class='ocrx_word' id='word_1_66' title='bbox 1653 1174 1967 1236; x_wconf 80' lang='lat' dir='ltr'><strong>graventur,</strong></span> 
     </span>
    </p>
   </div>
   <div class='ocr_carea' id='block_1_10' title="bbox 371 1258 1970 1328">
    <p class='ocr_par' dir='ltr' id='par_1_10' title="bbox 371 1258 1970 1328">
     <span class='ocr_line' id='line_1_10' title="bbox 371 1258 1970 1328; baseline 0.001 -17"><span class='ocrx_word' id='word_1_67' title='bbox 371 1258 788 1328; x_wconf 85' lang='lat' dir='ltr'><strong>opprimantur,</strong></span> <span class='ocrx_word' id='word_1_68' title='bbox 837 1259 918 1312; x_wconf 90' lang='lat' dir='ltr'><strong>vel</strong></span> <span class='ocrx_word' id='word_1_69' title='bbox 976 1259 1156 1314; x_wconf 91' lang='lat' dir='ltr'><strong>subito</strong></span> <span class='ocrx_word' id='word_1_70' title='bbox 1205 1259 1578 1314; x_wconf 88' lang='lat' dir='ltr'><strong>damnentur!</strong></span> <span class='ocrx_word' id='word_1_71' title='bbox 1645 1258 1970 1328; x_wconf 81' lang='lat' dir='ltr'><strong>Incipiamus</strong></span> 
     </span>
    </p>
   </div>
   <div class='ocr_carea' id='block_1_11' title="bbox 371 1349 1971 1421">
    <p class='ocr_par' dir='ltr' id='par_1_11' title="bbox 371 1349 1971 1421">
     <span class='ocr_line' id='line_1_11' title="bbox 371 1349 1971 1421; baseline 0.001 -17"><span class='ocrx_word' id='word_1_72' title='bbox 371 1364 502 1420; x_wconf 79' lang='lat' dir='ltr'><strong>ergo</strong></span> <span class='ocrx_word' id='word_1_73' title='bbox 527 1349 740 1421; x_wconf 85' lang='lat' dir='ltr'><strong>(Innoc.</strong></span> <span class='ocrx_word' id='word_1_74' title='bbox 775 1367 854 1418; x_wconf 84' lang='lat' dir='ltr'><strong>cp.</strong></span> <span class='ocrx_word' id='word_1_75' title='bbox 886 1350 971 1419; x_wconf 71' lang='grc' dir='ltr'><strong>Ξ),</strong></span> <span class='ocrx_word' id='word_1_76' title='bbox 1011 1351 1306 1420; x_wconf 82' lang='lat' dir='ltr'><strong>adjuvante</strong></span> <span class='ocrx_word' id='word_1_77' title='bbox 1332 1351 1478 1419; x_wconf 90' lang='lat' dir='ltr'><strong>Deo,</strong></span> <span class='ocrx_word' id='word_1_78' title='bbox 1510 1358 1564 1407; x_wconf 91' lang='lat' dir='ltr'><strong>et</strong></span> <span class='ocrx_word' id='word_1_79' title='bbox 1593 1360 1783 1406; x_wconf 80' lang='lat' dir='ltr'><strong>sancto</strong></span> <span class='ocrx_word' id='word_1_80' title='bbox 1807 1352 1971 1406; x_wconf 83' lang='lat' dir='ltr'><strong>Petro</strong></span> 
     </span>
    </p>
   </div>
   <div class='ocr_carea' id='block_1_12' title="bbox 369 1445 1969 1518">
    <p class='ocr_par' dir='ltr' id='par_1_12' title="bbox 369 1445 1969 1518">
     <span class='ocr_line' id='line_1_12' title="bbox 369 1445 1969 1518; baseline 0.001 -21"><span class='ocrx_word' id='word_1_81' title='bbox 369 1445 656 1514; x_wconf 81' lang='lat' dir='ltr'><strong>apostolo,</strong></span> <span class='ocrx_word' id='word_1_82' title='bbox 711 1460 806 1514; x_wconf 89' lang='lat' dir='ltr'><strong>per</strong></span> <span class='ocrx_word' id='word_1_83' title='bbox 846 1459 1006 1515; x_wconf 90' lang='lat' dir='ltr'><strong>quem</strong></span> <span class='ocrx_word' id='word_1_84' title='bbox 1055 1446 1396 1518; x_wconf 79' lang='lat' dir='ltr'><strong>apostolatus</strong></span> <span class='ocrx_word' id='word_1_85' title='bbox 1441 1456 1494 1499; x_wconf 92' lang='lat' dir='ltr'><strong>et</strong></span> <span class='ocrx_word' id='word_1_86' title='bbox 1531 1445 1877 1518; x_wconf 86' lang='lat' dir='ltr'><strong>episcopatus</strong></span> <span class='ocrx_word' id='word_1_87' title='bbox 1917 1446 1969 1499; x_wconf 93' lang='lat' dir='ltr'><strong>in</strong></span> 
     </span>
    </p>
   </div>
   <div class='ocr_carea' id='block_1_13' title="bbox 367 1537 1970 1611">
    <p class='ocr_par' dir='ltr' id='par_1_13' title="bbox 367 1537 1970 1611">
     <span class='ocr_line' id='line_1_13' title="bbox 367 1537 1970 1611; baseline 0.002 -20"><span class='ocrx_word' id='word_1_88' title='bbox 367 1537 586 1593; x_wconf 79' lang='lat' dir='ltr'><strong>Clu-isto</strong></span> <span class='ocrx_word' id='word_1_89' title='bbox 637 1539 803 1611; x_wconf 65' lang='lat' dir='ltr'><strong>coepit</strong></span> <span class='ocrx_word' id='word_1_90' title='bbox 857 1538 1179 1606; x_wconf 79' lang='lat' dir='ltr'><strong>exordium,</strong></span> <span class='ocrx_word' id='word_1_91' title='bbox 1255 1539 1511 1608; x_wconf 88' lang='lat' dir='ltr'><strong>quoniam</strong></span> <span class='ocrx_word' id='word_1_92' title='bbox 1585 1539 1770 1608; x_wconf 85' lang='lat' dir='ltr'><strong>plures</strong></span> <span class='ocrx_word' id='word_1_93' title='bbox 1823 1554 1970 1608; x_wconf 59' lang='lat' dir='ltr'><strong>saepe</strong></span> 
     </span>
    </p>
   </div>
   <div class='ocr_carea' id='block_1_14' title="bbox 367 1630 1971 1700">
    <p class='ocr_par' dir='ltr' id='par_1_14' title="bbox 367 1630 1971 1700">
     <span class='ocr_line' id='line_1_14' title="bbox 367 1630 1971 1700; baseline -0.001 -14"><span class='ocrx_word' id='word_1_94' title='bbox 367 1641 710 1686; x_wconf 84' lang='lat' dir='ltr'><strong>emerserunt</strong></span> <span class='ocrx_word' id='word_1_95' title='bbox 749 1646 967 1700; x_wconf 64' lang='lat' dir='ltr'><strong>causae,</strong></span> <span class='ocrx_word' id='word_1_96' title='bbox 1024 1646 1144 1700; x_wconf 67' lang='lat' dir='ltr'><strong>qua:</strong></span> <span class='ocrx_word' id='word_1_97' title='bbox 1190 1631 1244 1685; x_wconf 92' lang='lat' dir='ltr'><strong>in</strong></span> <span class='ocrx_word' id='word_1_98' title='bbox 1286 1630 1614 1700; x_wconf 86' lang='lat' dir='ltr'><strong>quibusdam</strong></span> <span class='ocrx_word' id='word_1_99' title='bbox 1659 1646 1764 1685; x_wconf 92' lang='lat' dir='ltr'><strong>non</strong></span> <span class='ocrx_word' id='word_1_100' title='bbox 1813 1639 1971 1685; x_wconf 91' lang='lat' dir='ltr'><strong>erant</strong></span> 
     </span>
    </p>
   </div>
   <div class='ocr_carea' id='block_1_15' title="bbox 367 1723 1968 1794">
    <p class='ocr_par' dir='ltr' id='par_1_15' title="bbox 367 1723 1968 1794">
     <span class='ocr_line' id='line_1_15' title="bbox 367 1723 1968 1794; baseline -0.001 -16"><span class='ocrx_word' id='word_1_101' title='bbox 367 1739 545 1778; x_wconf 67' lang='lat' dir='ltr'><strong>causa:</strong></span> <span class='ocrx_word' id='word_1_102' title='bbox 572 1767 586 1789; x_wconf 96' lang='lat'><strong>,</strong></span> <span class='ocrx_word' id='word_1_103' title='bbox 626 1723 722 1778; x_wconf 90' lang='lat' dir='ltr'><strong>sed</strong></span> <span class='ocrx_word' id='word_1_104' title='bbox 761 1723 1030 1780; x_wconf 88' lang='lat' dir='ltr'><strong>crimina:</strong></span> <span class='ocrx_word' id='word_1_105' title='bbox 1071 1725 1196 1794; x_wconf 86' lang='lat' dir='ltr'><strong>quia</strong></span> <span class='ocrx_word' id='word_1_106' title='bbox 1250 1724 1423 1794; x_wconf 84' lang='lat' dir='ltr'><strong>magis</strong></span> <span class='ocrx_word' id='word_1_107' title='bbox 1469 1733 1526 1776; x_wconf 92' lang='lat' dir='ltr'><strong>nt</strong></span> <span class='ocrx_word' id='word_1_108' title='bbox 1564 1724 1927 1794; x_wconf 81' lang='lat' dir='ltr'><strong>comperimus</strong></span> <span class='ocrx_word' id='word_1_109' title='bbox 1953 1767 1968 1790; x_wconf 93' lang='lat'><strong>,</strong></span> 
     </span>
    </p>
   </div>
   <div class='ocr_carea' id='block_1_16' title="bbox 370 1815 1966 1886">
    <p class='ocr_par' dir='ltr' id='par_1_16' title="bbox 370 1815 1966 1886">
     <span class='ocr_line' id='line_1_16' title="bbox 370 1815 1966 1886; baseline 0.001 -17"><span class='ocrx_word' id='word_1_110' title='bbox 370 1816 674 1886; x_wconf 77' lang='lat' dir='ltr'><strong>iniquitate,</strong></span> <span class='ocrx_word' id='word_1_111' title='bbox 720 1831 879 1886; x_wconf 91' lang='lat' dir='ltr'><strong>quam</strong></span> <span class='ocrx_word' id='word_1_112' title='bbox 903 1816 1167 1870; x_wconf 87' lang='lat' dir='ltr'><strong>charitate</strong></span> <span class='ocrx_word' id='word_1_113' title='bbox 1193 1815 1452 1871; x_wconf 80' lang='lat' dir='ltr'><strong>fratribus</strong></span> <span class='ocrx_word' id='word_1_114' title='bbox 1497 1826 1622 1870; x_wconf 90' lang='lat' dir='ltr'><strong>sunt</strong></span> <span class='ocrx_word' id='word_1_115' title='bbox 1667 1816 1966 1884; x_wconf 81' lang='lat' dir='ltr'><strong>impositae;</strong></span> 
     </span>
    </p>
   </div>
   <div class='ocr_carea' id='block_1_17' title="bbox 2154 509 3670 580">
    <p class='ocr_par' dir='ltr' id='par_1_17' title="bbox 2154 509 3670 580">
     <span class='ocr_line' id='line_1_17' title="bbox 2154 509 3670 580; baseline 0.002 -18"><span class='ocrx_word' id='word_1_116' title='bbox 2154 509 2242 564; x_wconf 81' lang='lat' dir='ltr'><strong>IV.</strong></span> <span class='ocrx_word' id='word_1_117' title='bbox 2285 513 2340 565; x_wconf 82' lang='lat' dir='ltr'><strong>Si</strong></span> <span class='ocrx_word' id='word_1_118' title='bbox 2372 512 2490 577; x_wconf 78' lang='lat' dir='ltr'><strong>quis</strong></span> <span class='ocrx_word' id='word_1_119' title='bbox 2521 512 2906 580; x_wconf 86' lang='lat' dir='ltr'><strong>episc0pornm</strong></span> <span class='ocrx_word' id='word_1_120' title='bbox 2937 512 3100 566; x_wconf 86' lang='lat' dir='ltr'><strong>fuerit</strong></span> <span class='ocrx_word' id='word_1_121' title='bbox 3147 513 3260 566; x_wconf 89' lang='lat' dir='ltr'><strong>suis</strong></span> <span class='ocrx_word' id='word_1_122' title='bbox 3290 511 3448 564; x_wconf 81' lang='lat' dir='ltr'><strong>rebus</strong></span> <span class='ocrx_word' id='word_1_123' title='bbox 3478 526 3670 580; x_wconf 72' lang='lat' dir='ltr'><strong>exSpo-</strong></span> 
     </span>
    </p>
   </div>
   <div class='ocr_carea' id='block_1_18' title="bbox 2076 605 3668 676">
    <p class='ocr_par' dir='ltr' id='par_1_18' title="bbox 2076 605 3668 676">
     <span class='ocr_line' id='line_1_18' title="bbox 2076 605 3668 676; baseline 0.001 -19"><span class='ocrx_word' id='word_1_124' title='bbox 2076 605 2262 668; x_wconf 89' lang='lat' dir='ltr'><strong>liatus,</strong></span> <span class='ocrx_word' id='word_1_125' title='bbox 2301 614 2391 659; x_wconf 87' lang='lat' dir='ltr'><strong>aut</strong></span> <span class='ocrx_word' id='word_1_126' title='bbox 2439 621 2466 658; x_wconf 77' lang='grc' dir='ltr'>τι</span> <span class='ocrx_word' id='word_1_127' title='bbox 2511 621 2603 659; x_wconf 86' lang='lat' dir='ltr'><strong>sna</strong></span> <span class='ocrx_word' id='word_1_128' title='bbox 2644 608 2870 662; x_wconf 78' lang='lat' dir='ltr'><strong>ecclesia</strong></span> <span class='ocrx_word' id='word_1_129' title='bbox 2912 607 2956 658; x_wconf 91' lang='lat' dir='ltr'><strong>vi</strong></span> <span class='ocrx_word' id='word_1_130' title='bbox 3005 617 3096 660; x_wconf 86' lang='lat' dir='ltr'><strong>aut</strong></span> <span class='ocrx_word' id='word_1_131' title='bbox 3142 608 3334 661; x_wconf 87' lang='lat' dir='ltr'><strong>timore</strong></span> <span class='ocrx_word' id='word_1_132' title='bbox 3377 605 3668 676; x_wconf 82' lang='lat' dir='ltr'><strong>expulsus,</strong></span> 
     </span>
    </p>
   </div>
   <div class='ocr_carea' id='block_1_19' title="bbox 2073 698 3674 770">
    <p class='ocr_par' dir='ltr' id='par_1_19' title="bbox 2073 698 3674 770">
     <span class='ocr_line' id='line_1_19' title="bbox 2073 698 3674 770; baseline 0.002 -21"><span class='ocrx_word' id='word_1_133' title='bbox 2073 698 2218 765; x_wconf 89' lang='lat' dir='ltr'><strong>quod</strong></span> <span class='ocrx_word' id='word_1_134' title='bbox 2250 698 2394 752; x_wconf 90' lang='lat' dir='ltr'><strong>omni</strong></span> <span class='ocrx_word' id='word_1_135' title='bbox 2426 699 2734 752; x_wconf 67' lang='lat' dir='ltr'><strong>Christiano</strong></span> <span class='ocrx_word' id='word_1_136' title='bbox 2781 700 2981 753; x_wconf 81' lang='lat' dir='ltr'><strong>nomini</strong></span> <span class='ocrx_word' id='word_1_137' title='bbox 3024 711 3105 752; x_wconf 69' lang='lat' dir='ltr'><strong>est</strong></span> <span class='ocrx_word' id='word_1_138' title='bbox 3139 701 3433 764; x_wconf 84' lang='lat' dir='ltr'><strong>inimicum,</strong></span> <span class='ocrx_word' id='word_1_139' title='bbox 3464 707 3674 770; x_wconf 83' lang='lat' dir='ltr'><strong>Oportet</strong></span> 
     </span>
    </p>
   </div>
   <div class='ocr_carea' id='block_1_20' title="bbox 2074 790 3672 862">
    <p class='ocr_par' dir='ltr' id='par_1_20' title="bbox 2074 790 3672 862">
     <span class='ocr_line' id='line_1_20' title="bbox 2074 790 3672 862; baseline 0.003 -20"><span class='ocrx_word' id='word_1_140' title='bbox 2074 800 2127 842; x_wconf 85' lang='lat' dir='ltr'><strong>et</strong></span> <span class='ocrx_word' id='word_1_141' title='bbox 2179 790 2333 844; x_wconf 64' lang='lat' dir='ltr'><strong>deciet</strong></span> <span class='ocrx_word' id='word_1_142' title='bbox 2375 791 2797 859; x_wconf 73' lang='lat' dir='ltr'><strong>aepisc0pornm</strong></span> <span class='ocrx_word' id='word_1_143' title='bbox 2849 795 3182 862; x_wconf 79' lang='lat' dir='ltr'><strong>propositum</strong></span> <span class='ocrx_word' id='word_1_144' title='bbox 3239 808 3453 860; x_wconf 89' lang='lat' dir='ltr'><strong>semper</strong></span> <span class='ocrx_word' id='word_1_145' title='bbox 3504 793 3672 862; x_wconf 82' lang='lat' dir='ltr'><strong>prima</strong></span> 
     </span>
    </p>
   </div>
   <div class='ocr_carea' id='block_1_21' title="bbox 2075 879 3673 954">
    <p class='ocr_par' dir='ltr' id='par_1_21' title="bbox 2075 879 3673 954">
     <span class='ocr_line' id='line_1_21' title="bbox 2075 879 3673 954; baseline 0.005 -24"><span class='ocrx_word' id='word_1_146' title='bbox 2075 879 2253 934; x_wconf 91' lang='lat' dir='ltr'><strong>fronte</strong></span> <span class='ocrx_word' id='word_1_147' title='bbox 2296 881 2489 935; x_wconf 85' lang='lat' dir='ltr'><strong>cedere</strong></span> <span class='ocrx_word' id='word_1_148' title='bbox 2513 925 2525 946; x_wconf 93' lang='lat'><strong>,</strong></span> <span class='ocrx_word' id='word_1_149' title='bbox 2563 893 2619 936; x_wconf 90' lang='lat' dir='ltr'><strong>ut</strong></span> <span class='ocrx_word' id='word_1_150' title='bbox 2661 885 2840 937; x_wconf 80' lang='lat' dir='ltr'><strong>omnia</strong></span> <span class='ocrx_word' id='word_1_151' title='bbox 2871 900 2988 954; x_wconf 68' lang='lat' dir='ltr'><strong>qua)</strong></span> <span class='ocrx_word' id='word_1_152' title='bbox 3039 885 3084 938; x_wconf 92' lang='lat' dir='ltr'><strong>ei</strong></span> <span class='ocrx_word' id='word_1_153' title='bbox 3118 884 3298 936; x_wconf 52' lang='lat' dir='ltr'><strong>ablata</strong></span> <span class='ocrx_word' id='word_1_154' title='bbox 3324 895 3465 951; x_wconf 88' lang='lat' dir='ltr'><strong>sunt,</strong></span> <span class='ocrx_word' id='word_1_155' title='bbox 3498 893 3673 953; x_wconf 84' lang='lat' dir='ltr'><strong>potes-</strong></span> 
     </span>
    </p>
   </div>
   <div class='ocr_carea' id='block_1_22' title="bbox 2076 975 3674 1049">
    <p class='ocr_par' dir='ltr' id='par_1_22' title="bbox 2076 975 3674 1049">
     <span class='ocr_line' id='line_1_22' title="bbox 2076 975 3674 1049; baseline 0.003 -23"><span class='ocrx_word' id='word_1_156' title='bbox 2076 975 2168 1027; x_wconf 88' lang='lat' dir='ltr'><strong>tati</strong></span> <span class='ocrx_word' id='word_1_157' title='bbox 2194 976 2308 1045; x_wconf 78' lang='lat' dir='ltr'><strong>ejus</strong></span> <span class='ocrx_word' id='word_1_158' title='bbox 2341 976 2587 1045; x_wconf 75' lang='lat' dir='ltr'><strong>legaliter</strong></span> <span class='ocrx_word' id='word_1_159' title='bbox 2617 977 2929 1044; x_wconf 78' lang='lat' dir='ltr'><strong>reddantur,</strong></span> <span class='ocrx_word' id='word_1_160' title='bbox 2959 988 3008 1031; x_wconf 88' lang='lat' dir='ltr'><strong>et</strong></span> <span class='ocrx_word' id='word_1_161' title='bbox 3037 979 3232 1049; x_wconf 71' lang='lat' dir='ltr'><strong>prresul</strong></span> <span class='ocrx_word' id='word_1_162' title='bbox 3260 979 3402 1046; x_wconf 89' lang='lat' dir='ltr'><strong>prius</strong></span> <span class='ocrx_word' id='word_1_163' title='bbox 3430 979 3674 1033; x_wconf 90' lang='lat' dir='ltr'><strong>restitua-</strong></span> 
     </span>
    </p>
   </div>
   <div class='ocr_carea' id='block_1_23' title="bbox 2077 1071 3673 1139">
    <p class='ocr_par' dir='ltr' id='par_1_23' title="bbox 2077 1071 3673 1139">
     <span class='ocr_line' id='line_1_23' title="bbox 2077 1071 3673 1139; baseline 0.003 -21"><span class='ocrx_word' id='word_1_164' title='bbox 2077 1075 2182 1131; x_wconf 89' lang='lat' dir='ltr'><strong>tur,</strong></span> <span class='ocrx_word' id='word_1_165' title='bbox 2215 1076 2268 1121; x_wconf 89' lang='lat' dir='ltr'><strong>et</strong></span> <span class='ocrx_word' id='word_1_166' title='bbox 2312 1080 2496 1137; x_wconf 74' lang='lat' dir='ltr'><strong>postea</strong></span> <span class='ocrx_word' id='word_1_167' title='bbox 2547 1085 2652 1122; x_wconf 90' lang='lat' dir='ltr'><strong>non</strong></span> <span class='ocrx_word' id='word_1_168' title='bbox 2701 1072 2906 1135; x_wconf 87' lang='lat' dir='ltr'><strong>statim,</strong></span> <span class='ocrx_word' id='word_1_169' title='bbox 2943 1071 3033 1122; x_wconf 82' lang='lat' dir='ltr'><strong>sed</strong></span> <span class='ocrx_word' id='word_1_170' title='bbox 3075 1071 3162 1122; x_wconf 90' lang='lat' dir='ltr'><strong>diu</strong></span> <span class='ocrx_word' id='word_1_171' title='bbox 3217 1079 3268 1122; x_wconf 88' lang='lat' dir='ltr'><strong>et</strong></span> <span class='ocrx_word' id='word_1_172' title='bbox 3310 1085 3405 1138; x_wconf 85' lang='lat' dir='ltr'><strong>per</strong></span> <span class='ocrx_word' id='word_1_173' title='bbox 3443 1071 3673 1139; x_wconf 86' lang='lat' dir='ltr'><strong>spatiosa</strong></span> 
     </span>
    </p>
   </div>
   <div class='ocr_carea' id='block_1_24' title="bbox 2080 1163 3675 1234">
    <p class='ocr_par' dir='ltr' id='par_1_24' title="bbox 2080 1163 3675 1234">
     <span class='ocr_line' id='line_1_24' title="bbox 2080 1163 3675 1234; baseline 0.004 -21"><span class='ocrx_word' id='word_1_174' title='bbox 2080 1171 2325 1230; x_wconf 87' lang='lat' dir='ltr'><strong>tempora</strong></span> <span class='ocrx_word' id='word_1_175' title='bbox 2360 1163 2470 1216; x_wconf 78' lang='lat' dir='ltr'><strong>suis</strong></span> <span class='ocrx_word' id='word_1_176' title='bbox 2524 1165 2845 1234; x_wconf 87' lang='lat' dir='ltr'><strong>potestative</strong></span> <span class='ocrx_word' id='word_1_177' title='bbox 2876 1165 3181 1230; x_wconf 74' lang='lat' dir='ltr'><strong>dispositi~,</strong></span> <span class='ocrx_word' id='word_1_178' title='bbox 3213 1174 3264 1218; x_wconf 89' lang='lat' dir='ltr'><strong>et</strong></span> <span class='ocrx_word' id='word_1_179' title='bbox 3293 1164 3356 1218; x_wconf 85' lang='lat' dir='ltr'><strong>ad</strong></span> <span class='ocrx_word' id='word_1_180' title='bbox 3389 1181 3537 1218; x_wconf 86' lang='lat' dir='ltr'><strong>suam</strong></span> <span class='ocrx_word' id='word_1_181' title='bbox 3579 1181 3675 1219; x_wconf 89' lang='lat' dir='ltr'><strong>ne-</strong></span> 
     </span>
    </p>
   </div>
   <div class='ocr_carea' id='block_1_25' title="bbox 2075 1256 3672 1328">
    <p class='ocr_par' dir='ltr' id='par_1_25' title="bbox 2075 1256 3672 1328">
     <span class='ocr_line' id='line_1_25' title="bbox 2075 1256 3672 1328; baseline 0.003 -21"><span class='ocrx_word' id='word_1_182' title='bbox 2075 1258 2383 1309; x_wconf 89' lang='lat' dir='ltr'><strong>cessitatem</strong></span> <span class='ocrx_word' id='word_1_183' title='bbox 2417 1258 2752 1325; x_wconf 76' lang='lat' dir='ltr'><strong>pra-paratis,</strong></span> <span class='ocrx_word' id='word_1_184' title='bbox 2788 1257 2854 1309; x_wconf 87' lang='lat' dir='ltr'><strong>ad</strong></span> <span class='ocrx_word' id='word_1_185' title='bbox 2891 1267 3102 1328; x_wconf 82' lang='lat' dir='ltr'><strong>tempus</strong></span> <span class='ocrx_word' id='word_1_186' title='bbox 3129 1258 3300 1310; x_wconf 77' lang='lat' dir='ltr'><strong>veniat</strong></span> <span class='ocrx_word' id='word_1_187' title='bbox 3331 1256 3394 1310; x_wconf 91' lang='lat' dir='ltr'><strong>ad</strong></span> <span class='ocrx_word' id='word_1_188' title='bbox 3426 1272 3672 1312; x_wconf 86' lang='lat' dir='ltr'><strong>causam:</strong></span> 
     </span>
    </p>
   </div>
   <div class='ocr_carea' id='block_1_26' title="bbox 2076 1347 3676 1420">
    <p class='ocr_par' dir='ltr' id='par_1_26' title="bbox 2076 1347 3676 1420">
     <span class='ocr_line' id='line_1_26' title="bbox 2076 1347 3676 1420; baseline 0.004 -21"><span class='ocrx_word' id='word_1_189' title='bbox 2076 1356 2128 1399; x_wconf 91' lang='lat' dir='ltr'><strong>et</strong></span> <span class='ocrx_word' id='word_1_190' title='bbox 2175 1348 2218 1400; x_wconf 88' lang='lat' dir='ltr'><strong>si</strong></span> <span class='ocrx_word' id='word_1_191' title='bbox 2259 1347 2403 1416; x_wconf 90' lang='lat' dir='ltr'><strong>juste</strong></span> <span class='ocrx_word' id='word_1_192' title='bbox 2444 1350 2616 1402; x_wconf 80' lang='lat' dir='ltr'><strong>visum</strong></span> <span class='ocrx_word' id='word_1_193' title='bbox 2664 1349 2867 1413; x_wconf 87' lang='lat' dir='ltr'><strong>fuerit,</strong></span> <span class='ocrx_word' id='word_1_194' title='bbox 2903 1351 3305 1404; x_wconf 67' lang='grc' dir='ltr'><strong>;“ι(ῗιιιςῐιῑε›ΐίὺυ5</strong></span> <span class='ocrx_word' id='word_1_195' title='bbox 3355 1352 3676 1420; x_wconf 50' lang='lat' dir='ltr'><strong>respondeat</strong></span> 
     </span>
    </p>
   </div>
   <div class='ocr_carea' id='block_1_27' title="bbox 2075 1437 2252 1492">
    <p class='ocr_par' dir='ltr' id='par_1_27' title="bbox 2075 1437 2252 1492">
     <span class='ocr_line' id='line_1_27' title="bbox 2075 1437 2252 1492; baseline -0.006 -1"><span class='ocrx_word' id='word_1_196' title='bbox 2075 1437 2188 1492; x_wconf 86' lang='lat' dir='ltr'><strong>suis</strong></span> <span class='ocrx_word' id='word_1_197' title='bbox 2215 1438 2252 1490; x_wconf 64' lang='grc'><strong>⁵.</strong></span> 
     </span>
    </p>
   </div>
   <div class='ocr_carea' id='block_1_28' title="bbox 2152 1531 3674 1608">
    <p class='ocr_par' dir='ltr' id='par_1_28' title="bbox 2152 1531 3674 1608">
     <span class='ocr_line' id='line_1_28' title="bbox 2152 1531 3674 1608; baseline 0.003 -22"><span class='ocrx_word' id='word_1_198' title='bbox 2152 1531 2209 1586; x_wconf 67' lang='grc' dir='ltr'><strong>ν.</strong></span> <span class='ocrx_word' id='word_1_199' title='bbox 2249 1531 2385 1586; x_wconf 80' lang='lat' dir='ltr'><strong>Nulli</strong></span> <span class='ocrx_word' id='word_1_200' title='bbox 2412 1533 2596 1588; x_wconf 80' lang='lat' dir='ltr'><strong>infami</strong></span> <span class='ocrx_word' id='word_1_201' title='bbox 2624 1538 2707 1608; x_wconf 72' lang='lat' dir='ltr'><strong>(ex</strong></span> <span class='ocrx_word' id='word_1_202' title='bbox 2740 1539 2957 1606; x_wconf 41' lang='lat' dir='ltr'><strong>alumno)</strong></span> <span class='ocrx_word' id='word_1_203' title='bbox 2991 1547 3149 1607; x_wconf 86' lang='lat' dir='ltr'><strong>atque</strong></span> <span class='ocrx_word' id='word_1_204' title='bbox 3176 1539 3438 1607; x_wconf 71' lang='lat' dir='ltr'><strong>sacrilego</strong></span> <span class='ocrx_word' id='word_1_205' title='bbox 3461 1539 3524 1592; x_wconf 90' lang='lat' dir='ltr'><strong>de</strong></span> <span class='ocrx_word' id='word_1_206' title='bbox 3542 1555 3674 1608; x_wconf 84' lang='lat' dir='ltr'><strong>quo-</strong></span> 
     </span>
    </p>
   </div>
   <div class='ocr_carea' id='block_1_29' title="bbox 2075 1627 3670 1700">
    <p class='ocr_par' dir='ltr' id='par_1_29' title="bbox 2075 1627 3670 1700">
     <span class='ocr_line' id='line_1_29' title="bbox 2075 1627 3670 1700; baseline 0.004 -22"><span class='ocrx_word' id='word_1_207' title='bbox 2075 1639 2304 1694; x_wconf 90' lang='lat' dir='ltr'><strong>cumque</strong></span> <span class='ocrx_word' id='word_1_208' title='bbox 2336 1627 2491 1681; x_wconf 88' lang='lat' dir='ltr'><strong>liceat</strong></span> <span class='ocrx_word' id='word_1_209' title='bbox 2527 1631 2742 1697; x_wconf 72' lang='lat' dir='ltr'><strong>negotio</strong></span> <span class='ocrx_word' id='word_1_210' title='bbox 2777 1629 3034 1684; x_wconf 74' lang='lat' dir='ltr'><strong>adversus</strong></span> <span class='ocrx_word' id='word_1_211' title='bbox 3069 1631 3378 1700; x_wconf 77' lang='lat' dir='ltr'><strong>religiosum</strong></span> <span class='ocrx_word' id='word_1_212' title='bbox 3411 1632 3670 1685; x_wconf 82' lang='lat' dir='ltr'><strong>Christia-</strong></span> 
     </span>
    </p>
   </div>
   <div class='ocr_carea' id='block_1_30' title="bbox 2078 1721 3675 1794">
    <p class='ocr_par' dir='ltr' id='par_1_30' title="bbox 2078 1721 3675 1794">
     <span class='ocr_line' id='line_1_30' title="bbox 2078 1721 3675 1794; baseline 0.004 -23"><span class='ocrx_word' id='word_1_213' title='bbox 2078 1736 2226 1784; x_wconf 89' lang='lat' dir='ltr'><strong>num,</strong></span> <span class='ocrx_word' id='word_1_214' title='bbox 2249 1723 2497 1788; x_wconf 82' lang='lat' dir='ltr'><strong>quamvis</strong></span> <span class='ocrx_word' id='word_1_215' title='bbox 2528 1721 2746 1777; x_wconf 91' lang='lat' dir='ltr'><strong>humilis</strong></span> <span class='ocrx_word' id='word_1_216' title='bbox 2775 1725 3100 1794; x_wconf 77' lang='lat' dir='ltr'><strong>servili~que</strong></span> <span class='ocrx_word' id='word_1_217' title='bbox 3132 1735 3356 1792; x_wconf 80' lang='lat' dir='ltr'><strong>perSoua</strong></span> <span class='ocrx_word' id='word_1_218' title='bbox 3391 1725 3458 1778; x_wconf 90' lang='lat' dir='ltr'><strong>sit</strong></span> <span class='ocrx_word' id='word_1_219' title='bbox 3482 1767 3495 1785; x_wconf 87' lang='lat'><strong>.</strong></span> <span class='ocrx_word' id='word_1_220' title='bbox 3527 1727 3675 1779; x_wconf 53' lang='lat' dir='ltr'><strong>testi-</strong></span> 
     </span>
    </p>
   </div>
   <div class='ocr_carea' id='block_1_31' title="bbox 2076 1797 3674 1883">
    <p class='ocr_par' dir='ltr' id='par_1_31' title="bbox 2076 1797 3674 1883">
     <span class='ocr_line' id='line_1_31' title="bbox 2076 1797 3674 1883; baseline 0.003 -20"><span class='ocrx_word' id='word_1_221' title='bbox 2076 1813 2316 1866; x_wconf 90' lang='lat' dir='ltr'><strong>moniqu</strong></span> <span class='ocrx_word' id='word_1_222' title='bbox 2341 1813 2543 1875; x_wconf 86' lang='lat' dir='ltr'><strong>dicere,</strong></span> <span class='ocrx_word' id='word_1_223' title='bbox 2581 1830 2680 1868; x_wconf 89' lang='lat' dir='ltr'><strong>nec</strong></span> <span class='ocrx_word' id='word_1_224' title='bbox 2711 1814 2779 1868; x_wconf 91' lang='lat' dir='ltr'><strong>de</strong></span> <span class='ocrx_word' id='word_1_225' title='bbox 2817 1817 3056 1883; x_wconf 88' lang='lat' dir='ltr'><strong>qualibet</strong></span> <span class='ocrx_word' id='word_1_226' title='bbox 3085 1831 3169 1879; x_wconf 90' lang='lat' dir='ltr'><strong>re,</strong></span> <span class='ocrx_word' id='word_1_227' title='bbox 3202 1816 3447 1880; x_wconf 87' lang='lat' dir='ltr'><strong>actione,</strong></span> <span class='ocrx_word' id='word_1_228' title='bbox 3476 1826 3565 1869; x_wconf 91' lang='lat' dir='ltr'><strong>aut</strong></span> <span class='ocrx_word' id='word_1_229' title='bbox 3591 1797 3674 1868; x_wconf 86' lang='lat' dir='ltr'><strong>in-</strong></span> 
     </span>
    </p>
   </div>
   <div class='ocr_carea' id='block_1_32' title="bbox 372 1903 3082 1975">
    <p class='ocr_par' dir='ltr' id='par_1_32' title="bbox 372 1903 3082 1975">
     <span class='ocr_line' id='line_1_32' title="bbox 372 1903 3082 1975; baseline -0.002 -10"><span class='ocrx_word' id='word_1_230' title='bbox 372 1918 427 1965; x_wconf 89' lang='lat' dir='ltr'><strong>et</strong></span> <span class='ocrx_word' id='word_1_231' title='bbox 455 1920 512 1964; x_wconf 93' lang='lat' dir='ltr'><strong>ut</strong></span> <span class='ocrx_word' id='word_1_232' title='bbox 540 1911 606 1965; x_wconf 89' lang='lat' dir='ltr'><strong>de</strong></span> <span class='ocrx_word' id='word_1_233' title='bbox 634 1919 831 1964; x_wconf 65' lang='lat' dir='ltr'><strong>caetero</strong></span> <span class='ocrx_word' id='word_1_234' title='bbox 864 1909 1170 1963; x_wconf 88' lang='lat' dir='ltr'><strong>sollicitudo</strong></span> <span class='ocrx_word' id='word_1_235' title='bbox 1199 1910 1268 1962; x_wconf 90' lang='lat' dir='ltr'><strong>sit</strong></span> <span class='ocrx_word' id='word_1_236' title='bbox 1298 1915 1362 1962; x_wconf 89' lang='lat' dir='ltr'><strong>n‘e</strong></span> <span class='ocrx_word' id='word_1_237' title='bbox 1391 1909 1515 1962; x_wconf 90' lang='lat' dir='ltr'><strong>talia</strong></span> <span class='ocrx_word' id='word_1_238' title='bbox 1544 1909 1830 1971; x_wconf 84' lang='lat' dir='ltr'><strong>eveniant,</strong></span> <span class='ocrx_word' id='word_1_239' title='bbox 1874 1922 1966 1960; x_wconf 82' lang='lat' dir='ltr'><strong>ca-</strong></span> <span class='ocrx_word' id='word_1_240' title='bbox 2000 1917 2046 1975; x_wconf 80' lang='grc' dir='ltr'><strong>Β</strong></span> <span class='ocrx_word' id='word_1_241' title='bbox 2077 1903 2374 1970; x_wconf 83' lang='lat' dir='ltr'><strong>scriptione</strong></span> <span class='ocrx_word' id='word_1_242' title='bbox 2404 1903 2768 1958; x_wconf 84' lang='lat' dir='ltr'><strong>Christianum</strong></span> <span class='ocrx_word' id='word_1_243' title='bbox 2796 1906 3082 1974; x_wconf 86' lang='lat' dir='ltr'><strong>impetere.</strong></span> 
     </span>
    </p>
   </div>
   <div class='ocr_carea' id='block_1_33' title="bbox 373 1999 1969 2070">
    <p class='ocr_par' dir='ltr' id='par_1_33' title="bbox 373 1999 1969 2070">
     <span class='ocr_line' id='line_1_33' title="bbox 373 1999 1969 2070; baseline 0 -17"><span class='ocrx_word' id='word_1_244' title='bbox 373 2002 536 2069; x_wconf 89' lang='lat' dir='ltr'><strong>pitula</strong></span> <span class='ocrx_word' id='word_1_245' title='bbox 569 2001 816 2070; x_wconf 71' lang='lat' dir='ltr'><strong>quaedam</strong></span> <span class='ocrx_word' id='word_1_246' title='bbox 878 1999 1140 2056; x_wconf 90' lang='lat' dir='ltr'><strong>asanctis</strong></span> <span class='ocrx_word' id='word_1_247' title='bbox 1198 2000 1440 2070; x_wconf 88' lang='lat' dir='ltr'><strong>patribus</strong></span> <span class='ocrx_word' id='word_1_248' title='bbox 1499 2001 1694 2053; x_wconf 90' lang='lat' dir='ltr'><strong>tamin</strong></span> <span class='ocrx_word' id='word_1_249' title='bbox 1750 1999 1969 2053; x_wconf 70' lang='lat' dir='ltr'><strong>Nicmna</strong></span> 
     </span>
    </p>
   </div>
   <div class='ocr_carea' id='block_1_34' title="bbox 370 2095 1966 2168">
    <p class='ocr_par' dir='ltr' id='par_1_34' title="bbox 370 2095 1966 2168">
     <span class='ocr_line' id='line_1_34' title="bbox 370 2095 1966 2168; baseline -0.002 -18"><span class='ocrx_word' id='word_1_250' title='bbox 370 2096 580 2168; x_wconf 88' lang='lat' dir='ltr'><strong>synodo</strong></span> <span class='ocrx_word' id='word_1_251' title='bbox 607 2139 620 2163; x_wconf 98' lang='lat'><strong>,</strong></span> <span class='ocrx_word' id='word_1_252' title='bbox 668 2112 828 2166; x_wconf 88' lang='lat' dir='ltr'><strong>quam</strong></span> <span class='ocrx_word' id='word_1_253' title='bbox 857 2106 914 2151; x_wconf 92' lang='lat' dir='ltr'><strong>et</strong></span> <span class='ocrx_word' id='word_1_254' title='bbox 938 2096 991 2150; x_wconf 90' lang='lat' dir='ltr'><strong>in</strong></span> <span class='ocrx_word' id='word_1_255' title='bbox 1027 2097 1124 2150; x_wconf 89' lang='lat' dir='ltr'><strong>hac</strong></span> <span class='ocrx_word' id='word_1_256' title='bbox 1156 2095 1287 2150; x_wconf 92' lang='lat' dir='ltr'><strong>sede</strong></span> <span class='ocrx_word' id='word_1_257' title='bbox 1316 2096 1633 2158; x_wconf 89' lang='lat' dir='ltr'><strong>constituta,</strong></span> <span class='ocrx_word' id='word_1_258' title='bbox 1667 2109 1966 2165; x_wconf 85' lang='lat' dir='ltr'><strong>ponamus,</strong></span> 
     </span>
    </p>
   </div>
   <div class='ocr_carea' id='block_1_35' title="bbox 371 2187 1971 2261">
    <p class='ocr_par' dir='ltr' id='par_1_35' title="bbox 371 2187 1971 2261">
     <span class='ocr_line' id='line_1_35' title="bbox 371 2187 1971 2261; baseline -0.003 -17"><span class='ocrx_word' id='word_1_259' title='bbox 371 2191 568 2261; x_wconf 87' lang='lat' dir='ltr'><strong>quibus</strong></span> <span class='ocrx_word' id='word_1_260' title='bbox 612 2191 815 2245; x_wconf 82' lang='lat' dir='ltr'><strong>fratres</strong></span> <span class='ocrx_word' id='word_1_261' title='bbox 858 2200 914 2245; x_wconf 93' lang='lat' dir='ltr'><strong>et</strong></span> <span class='ocrx_word' id='word_1_262' title='bbox 957 2190 1274 2260; x_wconf 84' lang='lat' dir='ltr'><strong>coepiscopi</strong></span> <span class='ocrx_word' id='word_1_263' title='bbox 1320 2189 1492 2242; x_wconf 90' lang='lat' dir='ltr'><strong>nostri</strong></span> <span class='ocrx_word' id='word_1_264' title='bbox 1545 2187 1697 2253; x_wconf 82' lang='lat' dir='ltr'><strong>fulti,</strong></span> <span class='ocrx_word' id='word_1_265' title='bbox 1747 2187 1971 2242; x_wconf 89' lang='lat' dir='ltr'><strong>insidias</strong></span> 
     </span>
    </p>
   </div>
   <div class='ocr_carea' id='block_1_36' title="bbox 379 2281 1975 2348">
    <p class='ocr_par' dir='ltr' id='par_1_36' title="bbox 379 2281 1975 2348">
     <span class='ocr_line' id='line_1_36' title="bbox 379 2281 1975 2348; baseline -0.002 -11"><span class='ocrx_word' id='word_1_266' title='bbox 379 2286 748 2348; x_wconf 88' lang='lat' dir='ltr'><strong>inimicorum,</strong></span> <span class='ocrx_word' id='word_1_267' title='bbox 780 2284 1074 2338; x_wconf 82' lang='lat' dir='ltr'><strong>auxiliante</strong></span> <span class='ocrx_word' id='word_1_268' title='bbox 1104 2283 1353 2343; x_wconf 90' lang='lat' dir='ltr'><strong>Domino,</strong></span> <span class='ocrx_word' id='word_1_269' title='bbox 1385 2282 1604 2335; x_wconf 82' lang='lat' dir='ltr'><strong>valeant</strong></span> <span class='ocrx_word' id='word_1_270' title='bbox 1639 2281 1890 2345; x_wconf 84' lang='lat' dir='ltr'><strong>evadere,</strong></span> <span class='ocrx_word' id='word_1_271' title='bbox 1920 2288 1975 2334; x_wconf 86' lang='lat' dir='ltr'><strong>et</strong></span> 
     </span>
    </p>
   </div>
   <div class='ocr_carea' id='block_1_37' title="bbox 375 2370 1973 2445">
    <p class='ocr_par' dir='ltr' id='par_1_37' title="bbox 375 2370 1973 2445">
     <span class='ocr_line' id='line_1_37' title="bbox 375 2370 1973 2445; baseline -0.003 -16"><span class='ocrx_word' id='word_1_272' title='bbox 375 2383 538 2445; x_wconf 82' lang='lat' dir='ltr'><strong>prout</strong></span> <span class='ocrx_word' id='word_1_273' title='bbox 580 2375 836 2429; x_wconf 89' lang='lat' dir='ltr'><strong>Dominus</strong></span> <span class='ocrx_word' id='word_1_274' title='bbox 884 2389 1044 2444; x_wconf 82' lang='lat' dir='ltr'><strong>posse</strong></span> <span class='ocrx_word' id='word_1_275' title='bbox 1091 2374 1345 2438; x_wconf 86' lang='lat' dir='ltr'><strong>dederit,</strong></span> <span class='ocrx_word' id='word_1_276' title='bbox 1405 2371 1747 2441; x_wconf 91' lang='lat' dir='ltr'><strong>paucioribus</strong></span> <span class='ocrx_word' id='word_1_277' title='bbox 1792 2370 1973 2425; x_wconf 85' lang='lat' dir='ltr'><strong>verbis</strong></span> 
     </span>
    </p>
   </div>
   <div class='ocr_carea' id='block_1_38' title="bbox 368 2459 1974 2531">
    <p class='ocr_par' dir='ltr' id='par_1_38' title="bbox 368 2459 1974 2531">
     <span class='ocr_line' id='line_1_38' title="bbox 368 2459 1974 2531; baseline -0.004 -11"><span class='ocrx_word' id='word_1_278' title='bbox 368 2475 644 2520; x_wconf 89' lang='lat' dir='ltr'><strong>tantorum</strong></span> <span class='ocrx_word' id='word_1_279' title='bbox 694 2466 961 2520; x_wconf 87' lang='lat' dir='ltr'><strong>malorum</strong></span> <span class='ocrx_word' id='word_1_280' title='bbox 1022 2463 1294 2518; x_wconf 88' lang='lat' dir='ltr'><strong>imitemur</strong></span> <span class='ocrx_word' id='word_1_281' title='bbox 1343 2461 1727 2531; x_wconf 87' lang='lat' dir='ltr'><strong>compendium</strong></span> <span class='ocrx_word' id='word_1_282' title='bbox 1799 2459 1974 2530; x_wconf 87' lang='lat' dir='ltr'><strong>(Idem</strong></span> 
     </span>
    </p>
   </div>
   <div class='ocr_carea' id='block_1_39' title="bbox 369 2552 1970 2628">
    <p class='ocr_par' dir='ltr' id='par_1_39' title="bbox 369 2552 1970 2628">
     <span class='ocr_line' id='line_1_39' title="bbox 369 2552 1970 2628; baseline -0.002 -18"><span class='ocrx_word' id='word_1_283' title='bbox 369 2574 509 2628; x_wconf 85' lang='lat' dir='ltr'><strong>papa</strong></span> <span class='ocrx_word' id='word_1_284' title='bbox 532 2574 614 2627; x_wconf 86' lang='lat' dir='ltr'><strong>ep.</strong></span> <span class='ocrx_word' id='word_1_285' title='bbox 643 2558 719 2626; x_wconf 86' lang='lat'><strong>7),</strong></span> <span class='ocrx_word' id='word_1_286' title='bbox 745 2568 798 2612; x_wconf 92' lang='lat' dir='ltr'><strong>et</strong></span> <span class='ocrx_word' id='word_1_287' title='bbox 823 2556 1053 2612; x_wconf 90' lang='lat' dir='ltr'><strong>strictim</strong></span> <span class='ocrx_word' id='word_1_288' title='bbox 1073 2597 1087 2621; x_wconf 92' lang='lat'><strong>,</strong></span> <span class='ocrx_word' id='word_1_289' title='bbox 1129 2570 1250 2625; x_wconf 76' lang='lat' dir='ltr'><strong>quae</strong></span> <span class='ocrx_word' id='word_1_290' title='bbox 1275 2555 1326 2608; x_wconf 94' lang='lat' dir='ltr'><strong>in</strong></span> <span class='ocrx_word' id='word_1_291' title='bbox 1356 2553 1632 2607; x_wconf 89' lang='lat' dir='ltr'><strong>volumine</strong></span> <span class='ocrx_word' id='word_1_292' title='bbox 1672 2552 1970 2606; x_wconf 90' lang='lat' dir='ltr'><strong>litterarum</strong></span> 
     </span>
    </p>
   </div>
   <div class='ocr_carea' id='block_1_40' title="bbox 373 2643 1970 2719">
    <p class='ocr_par' dir='ltr' id='par_1_40' title="bbox 373 2643 1970 2719">
     <span class='ocr_line' id='line_1_40' title="bbox 373 2643 1970 2719; baseline -0.006 -14"><span class='ocrx_word' id='word_1_293' title='bbox 373 2662 677 2708; x_wconf 88' lang='lat' dir='ltr'><strong>vestrarum</strong></span> <span class='ocrx_word' id='word_1_294' title='bbox 707 2650 1091 2719; x_wconf 87' lang='lat' dir='ltr'><strong>comperimus,</strong></span> <span class='ocrx_word' id='word_1_295' title='bbox 1109 2653 1557 2710; x_wconf 89' lang='lat' dir='ltr'><strong>retractemus,et</strong></span> <span class='ocrx_word' id='word_1_296' title='bbox 1579 2644 1680 2696; x_wconf 91' lang='lat' dir='ltr'><strong>alia</strong></span> <span class='ocrx_word' id='word_1_297' title='bbox 1711 2643 1970 2697; x_wconf 87' lang='lat' dir='ltr'><strong>nonnulla</strong></span> 
     </span>
    </p>
   </div>
   <div class='ocr_carea' id='block_1_41' title="bbox 369 2740 1968 2813">
    <p class='ocr_par' dir='ltr' id='par_1_41' title="bbox 369 2740 1968 2813">
     <span class='ocr_line' id='line_1_41' title="bbox 369 2740 1968 2813; baseline -0.005 -12"><span class='ocrx_word' id='word_1_298' title='bbox 369 2745 626 2801; x_wconf 81' lang='lat' dir='ltr'><strong>instantis</strong></span> <span class='ocrx_word' id='word_1_299' title='bbox 653 2745 916 2813; x_wconf 90' lang='lat' dir='ltr'><strong>temporis</strong></span> <span class='ocrx_word' id='word_1_300' title='bbox 934 2742 1256 2808; x_wconf 85' lang='lat' dir='ltr'><strong>necessaria,</strong></span> <span class='ocrx_word' id='word_1_301' title='bbox 1285 2749 1442 2810; x_wconf 89' lang='lat' dir='ltr'><strong>prout</strong></span> <span class='ocrx_word' id='word_1_302' title='bbox 1465 2740 1667 2808; x_wconf 86' lang='lat' dir='ltr'><strong>petitis,</strong></span> <span class='ocrx_word' id='word_1_303' title='bbox 1684 2753 1968 2809; x_wconf 90' lang='lat' dir='ltr'><strong>ponamus.</strong></span> 
     </span>
    </p>
   </div>
   <div class='ocr_carea' id='block_1_42' title="bbox 440 2832 1974 2905">
    <p class='ocr_par' dir='ltr' id='par_1_42' title="bbox 440 2832 1974 2905">
     <span class='ocr_line' id='line_1_42' title="bbox 440 2832 1974 2905; baseline -0.003 -14"><span class='ocrx_word' id='word_1_304' title='bbox 440 2835 482 2891; x_wconf 85' lang='grc' dir='ltr'><strong>Ι.</strong></span> <span class='ocrx_word' id='word_1_305' title='bbox 556 2837 650 2890; x_wconf 84' lang='lat' dir='ltr'><strong>Est</strong></span> <span class='ocrx_word' id='word_1_306' title='bbox 716 2850 949 2905; x_wconf 91' lang='lat' dir='ltr'><strong>namque</strong></span> <span class='ocrx_word' id='word_1_307' title='bbox 1017 2833 1294 2904; x_wconf 84' lang='lat' dir='ltr'><strong>synodicis</strong></span> <span class='ocrx_word' id='word_1_308' title='bbox 1365 2832 1641 2888; x_wconf 86' lang='lat' dir='ltr'><strong>decretum</strong></span> <span class='ocrx_word' id='word_1_309' title='bbox 1713 2833 1974 2886; x_wconf 83' lang='lat' dir='ltr'><strong>inStitutis</strong></span> 
     </span>
    </p>
   </div>
   <div class='ocr_carea' id='block_1_43' title="bbox 368 2925 1974 3008">
    <p class='ocr_par' dir='ltr' id='par_1_43' title="bbox 368 2925 1974 3008">
     <span class='ocr_line' id='line_1_43' title="bbox 368 2925 1974 3008; baseline -0.005 -20"><span class='ocrx_word' id='word_1_310' title='bbox 368 2930 572 3008; x_wconf 84' lang='lat' dir='ltr'><strong>(Carth.</strong></span> <span class='ocrx_word' id='word_1_311' title='bbox 599 2947 679 2996; x_wconf 88' lang='grc' dir='ltr'>ιιι,</span> <span class='ocrx_word' id='word_1_312' title='bbox 705 2948 750 2984; x_wconf 91' lang='lat' dir='ltr'><strong>c.</strong></span> <span class='ocrx_word' id='word_1_313' title='bbox 781 2930 837 2994; x_wconf 85' lang='lat'><strong>9;</strong></span> <span class='ocrx_word' id='word_1_314' title='bbox 869 2929 1048 2983; x_wconf 77' lang='lat' dir='ltr'><strong>Milev.</strong></span> <span class='ocrx_word' id='word_1_315' title='bbox 1081 2928 1168 2991; x_wconf 78' lang='lat' dir='ltr'><strong>l9,</strong></span> <span class='ocrx_word' id='word_1_316' title='bbox 1199 2929 1384 2999; x_wconf 82' lang='lat' dir='ltr'><strong>Agat/I.</strong></span> <span class='ocrx_word' id='word_1_317' title='bbox 1413 2927 1562 2989; x_wconf 83' lang='lat' dir='ltr'><strong>Anr.,</strong></span> <span class='ocrx_word' id='word_1_318' title='bbox 1588 2925 1785 2996; x_wconf 89' lang='lat' dir='ltr'><strong>etc.)ut</strong></span> <span class='ocrx_word' id='word_1_319' title='bbox 1813 2941 1974 2980; x_wconf 90' lang='lat' dir='ltr'><strong>nemo</strong></span> 
     </span>
    </p>
   </div>
   <div class='ocr_carea' id='block_1_44' title="bbox 370 3020 1972 3096">
    <p class='ocr_par' dir='ltr' id='par_1_44' title="bbox 370 3020 1972 3096">
     <span class='ocr_line' id='line_1_44' title="bbox 370 3020 1972 3096; baseline -0.004 -15"><span class='ocrx_word' id='word_1_320' title='bbox 370 3027 684 3096; x_wconf 87' lang='lat' dir='ltr'><strong>episcopum</strong></span> <span class='ocrx_word' id='word_1_321' title='bbox 744 3037 908 3093; x_wconf 85' lang='lat' dir='ltr'><strong>penes</strong></span> <span class='ocrx_word' id='word_1_322' title='bbox 965 3023 1256 3078; x_wconf 68' lang='lat' dir='ltr'><strong>Stcculares</strong></span> <span class='ocrx_word' id='word_1_323' title='bbox 1308 3020 1544 3075; x_wconf 87' lang='lat' dir='ltr'><strong>arbitros</strong></span> <span class='ocrx_word' id='word_1_324' title='bbox 1591 3029 1840 3087; x_wconf 84' lang='lat' dir='ltr'><strong>accuset,</strong></span> <span class='ocrx_word' id='word_1_325' title='bbox 1877 3020 1972 3075; x_wconf 89' lang='lat' dir='ltr'><strong>sed</strong></span> 
     </span>
    </p>
   </div>
   <div class='ocr_carea' id='block_1_45' title="bbox 369 3115 1095 3187">
    <p class='ocr_par' dir='ltr' id='par_1_45' title="bbox 369 3115 1095 3187">
     <span class='ocr_line' id='line_1_45' title="bbox 369 3115 1095 3187; baseline 0.001 -18"><span class='ocrx_word' id='word_1_326' title='bbox 369 3117 508 3187; x_wconf 86' lang='lat' dir='ltr'><strong>apud</strong></span> <span class='ocrx_word' id='word_1_327' title='bbox 541 3129 783 3170; x_wconf 73' lang='lat' dir='ltr'><strong>summos</strong></span> <span class='ocrx_word' id='word_1_328' title='bbox 815 3115 1095 3184; x_wconf 89' lang='lat' dir='ltr'><strong>primates.</strong></span> 
     </span>
    </p>
   </div>
   <div class='ocr_carea' id='block_1_46' title="bbox 443 3206 1966 3280">
    <p class='ocr_par' dir='ltr' id='par_1_46' title="bbox 443 3206 1966 3280">
     <span class='ocr_line' id='line_1_46' title="bbox 443 3206 1966 3280; baseline -0.003 -16"><span class='ocrx_word' id='word_1_329' title='bbox 443 3211 504 3265; x_wconf 87' lang='lat' dir='ltr'><strong>ll.</strong></span> <span class='ocrx_word' id='word_1_330' title='bbox 549 3209 607 3266; x_wconf 90' lang='lat' dir='ltr'><strong>Si</strong></span> <span class='ocrx_word' id='word_1_331' title='bbox 637 3210 757 3280; x_wconf 88' lang='lat' dir='ltr'><strong>quis</strong></span> <span class='ocrx_word' id='word_1_332' title='bbox 785 3208 1055 3264; x_wconf 86' lang='lat' dir='ltr'><strong>adversus</strong></span> <span class='ocrx_word' id='word_1_333' title='bbox 1082 3208 1395 3277; x_wconf 88' lang='lat' dir='ltr'><strong>episcopum</strong></span> <span class='ocrx_word' id='word_1_334' title='bbox 1437 3221 1656 3261; x_wconf 84' lang='lat' dir='ltr'><strong>causam</strong></span> <span class='ocrx_word' id='word_1_335' title='bbox 1688 3206 1966 3274; x_wconf 80' lang='lat' dir='ltr'><strong>habuerit,</strong></span> 
     </span>
    </p>
   </div>
   <div class='ocr_carea' id='block_1_47' title="bbox 2149 1993 3678 2066">
    <p class='ocr_par' dir='ltr' id='par_1_47' title="bbox 2149 1993 3678 2066">
     <span class='ocr_line' id='line_1_47' title="bbox 2149 1993 3678 2066; baseline 0.002 -18"><span class='ocrx_word' id='word_1_336' title='bbox 2149 1993 2234 2048; x_wconf 83' lang='lat' dir='ltr'><strong>VI.</strong></span> <span class='ocrx_word' id='word_1_337' title='bbox 2264 1995 2316 2048; x_wconf 89' lang='lat' dir='ltr'><strong>Si</strong></span> <span class='ocrx_word' id='word_1_338' title='bbox 2349 1996 2466 2064; x_wconf 84' lang='lat' dir='ltr'><strong>quis</strong></span> <span class='ocrx_word' id='word_1_339' title='bbox 2492 1998 2780 2064; x_wconf 84' lang='lat' dir='ltr'><strong>episc0pus</strong></span> <span class='ocrx_word' id='word_1_340' title='bbox 2808 1997 3046 2066; x_wconf 81' lang='lat' dir='ltr'><strong>legitime</strong></span> <span class='ocrx_word' id='word_1_341' title='bbox 3077 2008 3382 2060; x_wconf 83' lang='lat' dir='ltr'><strong>accusatus,</strong></span> <span class='ocrx_word' id='word_1_342' title='bbox 3411 2006 3464 2052; x_wconf 92' lang='lat' dir='ltr'><strong>et</strong></span> <span class='ocrx_word' id='word_1_343' title='bbox 3492 2012 3678 2066; x_wconf 88' lang='lat' dir='ltr'><strong>supra-</strong></span> 
     </span>
    </p>
   </div>
   <div class='ocr_carea' id='block_1_48' title="bbox 2075 2087 3676 2144">
    <p class='ocr_par' dir='ltr' id='par_1_48' title="bbox 2075 2087 3676 2144">
     <span class='ocr_line' id='line_1_48' title="bbox 2075 2087 3676 2144; baseline 0.002 -4"><span class='ocrx_word' id='word_1_344' title='bbox 2075 2087 2223 2141; x_wconf 87' lang='lat' dir='ltr'><strong>dicto</strong></span> <span class='ocrx_word' id='word_1_345' title='bbox 2254 2088 2446 2144; x_wconf 81' lang='lat' dir='ltr'><strong>ordine</strong></span> <span class='ocrx_word' id='word_1_346' title='bbox 2481 2090 2544 2142; x_wconf 91' lang='lat' dir='ltr'><strong>ad</strong></span> <span class='ocrx_word' id='word_1_347' title='bbox 2579 2090 2871 2144; x_wconf 87' lang='lat' dir='ltr'><strong>concilium</strong></span> <span class='ocrx_word' id='word_1_348' title='bbox 2913 2090 3173 2144; x_wconf 89' lang='lat' dir='ltr'><strong>canonice</strong></span> <span class='ocrx_word' id='word_1_349' title='bbox 3199 2099 3529 2143; x_wconf 76' lang='lat' dir='ltr'><strong>coIIVucatus</strong></span> <span class='ocrx_word' id='word_1_350' title='bbox 3566 2091 3676 2143; x_wconf 82' lang='lat' dir='ltr'><strong>fuc-</strong></span> 
     </span>
    </p>
   </div>
   <div class='ocr_carea' id='block_1_49' title="bbox 2076 2179 3677 2250">
    <p class='ocr_par' dir='ltr' id='par_1_49' title="bbox 2076 2179 3677 2250">
     <span class='ocr_line' id='line_1_49' title="bbox 2076 2179 3677 2250; baseline 0.004 -20"><span class='ocrx_word' id='word_1_351' title='bbox 2076 2181 2180 2244; x_wconf 91' lang='lat' dir='ltr'><strong>rit,</strong></span> <span class='ocrx_word' id='word_1_352' title='bbox 2215 2179 2417 2248; x_wconf 84' lang='lat' dir='ltr'><strong>absque</strong></span> <span class='ocrx_word' id='word_1_353' title='bbox 2459 2182 2565 2234; x_wconf 87' lang='lat' dir='ltr'><strong>ulla</strong></span> <span class='ocrx_word' id='word_1_354' title='bbox 2613 2182 2974 2250; x_wconf 89' lang='lat' dir='ltr'><strong>trepidatione</strong></span> <span class='ocrx_word' id='word_1_355' title='bbox 3024 2182 3100 2236; x_wconf 91' lang='lat' dir='ltr'><strong>ire</strong></span> <span class='ocrx_word' id='word_1_356' title='bbox 3141 2181 3388 2244; x_wconf 85' lang='lat' dir='ltr'><strong>debebit;</strong></span> <span class='ocrx_word' id='word_1_357' title='bbox 3421 2190 3473 2235; x_wconf 87' lang='lat' dir='ltr'><strong>et</strong></span> <span class='ocrx_word' id='word_1_358' title='bbox 3511 2183 3552 2236; x_wconf 91' lang='lat' dir='ltr'><strong>si</strong></span> <span class='ocrx_word' id='word_1_359' title='bbox 3600 2181 3677 2237; x_wconf 85' lang='lat' dir='ltr'><strong>ire</strong></span> 
     </span>
    </p>
   </div>
   <div class='ocr_carea' id='block_1_50' title="bbox 2078 2276 3676 2347">
    <p class='ocr_par' dir='ltr' id='par_1_50' title="bbox 2078 2276 3676 2347">
     <span class='ocr_line' id='line_1_50' title="bbox 2078 2276 3676 2347; baseline 0.001 -20"><span class='ocrx_word' id='word_1_360' title='bbox 2078 2288 2185 2327; x_wconf 92' lang='lat' dir='ltr'><strong>non</strong></span> <span class='ocrx_word' id='word_1_361' title='bbox 2228 2276 2463 2343; x_wconf 87' lang='lat' dir='ltr'><strong>potuerit</strong></span> <span class='ocrx_word' id='word_1_362' title='bbox 2493 2276 2687 2345; x_wconf 81' lang='lat' dir='ltr'><strong>(Hadr.</strong></span> <span class='ocrx_word' id='word_1_363' title='bbox 2715 2293 2760 2330; x_wconf 86' lang='lat' dir='ltr'><strong>c.</strong></span> <span class='ocrx_word' id='word_1_364' title='bbox 2792 2276 2871 2347; x_wconf 81' lang='lat'><strong>5),</strong></span> <span class='ocrx_word' id='word_1_365' title='bbox 2907 2291 3006 2346; x_wconf 91' lang='lat' dir='ltr'><strong>pro</strong></span> <span class='ocrx_word' id='word_1_366' title='bbox 3051 2291 3110 2329; x_wconf 88' lang='lat' dir='ltr'><strong>se</strong></span> <span class='ocrx_word' id='word_1_367' title='bbox 3144 2277 3378 2346; x_wconf 78' lang='lat' dir='ltr'><strong>legatqu</strong></span> <span class='ocrx_word' id='word_1_368' title='bbox 3414 2276 3480 2331; x_wconf 88' lang='lat' dir='ltr'><strong>ad</strong></span> <span class='ocrx_word' id='word_1_369' title='bbox 3511 2290 3676 2346; x_wconf 84' lang='lat' dir='ltr'><strong>syno-</strong></span> 
     </span>
    </p>
   </div>
   <div class='ocr_carea' id='block_1_51' title="bbox 2080 2364 2436 2421">
    <p class='ocr_par' dir='ltr' id='par_1_51' title="bbox 2080 2364 2436 2421">
     <span class='ocr_line' id='line_1_51' title="bbox 2080 2364 2436 2421; baseline 0.003 -5"><span class='ocrx_word' id='word_1_370' title='bbox 2080 2364 2205 2418; x_wconf 89' lang='lat' dir='ltr'><strong>dum</strong></span> <span class='ocrx_word' id='word_1_371' title='bbox 2238 2366 2436 2421; x_wconf 85' lang='lat' dir='ltr'><strong>mittat.</strong></span> 
     </span>
    </p>
   </div>
   <div class='ocr_carea' id='block_1_52' title="bbox 2157 2456 3678 2528">
    <p class='ocr_par' dir='ltr' id='par_1_52' title="bbox 2157 2456 3678 2528">
     <span class='ocr_line' id='line_1_52' title="bbox 2157 2456 3678 2528; baseline 0.001 -18"><span class='ocrx_word' id='word_1_372' title='bbox 2157 2456 2265 2512; x_wconf 84' lang='lat' dir='ltr'><strong>Vll.</strong></span> <span class='ocrx_word' id='word_1_373' title='bbox 2293 2459 2462 2513; x_wconf 73' lang='lat' dir='ltr'><strong>Nullae</strong></span> <span class='ocrx_word' id='word_1_374' title='bbox 2488 2474 2666 2513; x_wconf 80' lang='lat' dir='ltr'><strong>causze</strong></span> <span class='ocrx_word' id='word_1_375' title='bbox 2695 2474 2722 2512; x_wconf 91' lang='lat' dir='ltr'><strong>a</strong></span> <span class='ocrx_word' id='word_1_376' title='bbox 2746 2459 3020 2528; x_wconf 88' lang='lat' dir='ltr'><strong>judicibns</strong></span> <span class='ocrx_word' id='word_1_377' title='bbox 3047 2457 3429 2515; x_wconf 83' lang='lat' dir='ltr'><strong>ecclesiasticis</strong></span> <span class='ocrx_word' id='word_1_378' title='bbox 3457 2459 3678 2513; x_wconf 82' lang='lat' dir='ltr'><strong>audien-</strong></span> 
     </span>
    </p>
   </div>
   <div class='ocr_carea' id='block_1_53' title="bbox 2079 2550 3677 2623">
    <p class='ocr_par' dir='ltr' id='par_1_53' title="bbox 2079 2550 3677 2623">
     <span class='ocr_line' id='line_1_53' title="bbox 2079 2550 3677 2623; baseline 0.001 -19"><span class='ocrx_word' id='word_1_379' title='bbox 2079 2562 2165 2604; x_wconf 92' lang='lat' dir='ltr'><strong>tur</strong></span> <span class='ocrx_word' id='word_1_380' title='bbox 2195 2551 2392 2620; x_wconf 80' lang='lat' dir='ltr'><strong>(Idem,</strong></span> <span class='ocrx_word' id='word_1_381' title='bbox 2434 2569 2480 2606; x_wconf 80' lang='grc' dir='ltr'><strong>ε.</strong></span> <span class='ocrx_word' id='word_1_382' title='bbox 2520 2553 2627 2621; x_wconf 91' lang='lat' dir='ltr'><strong>ll),</strong></span> <span class='ocrx_word' id='word_1_383' title='bbox 2656 2569 2776 2623; x_wconf 77' lang='lat' dir='ltr'><strong>qua:</strong></span> <span class='ocrx_word' id='word_1_384' title='bbox 2805 2553 3012 2622; x_wconf 79' lang='lat' dir='ltr'><strong>legibus</strong></span> <span class='ocrx_word' id='word_1_385' title='bbox 3041 2568 3146 2606; x_wconf 93' lang='lat' dir='ltr'><strong>non</strong></span> <span class='ocrx_word' id='word_1_386' title='bbox 3186 2553 3562 2619; x_wconf 91' lang='lat' dir='ltr'><strong>continentur,</strong></span> <span class='ocrx_word' id='word_1_387' title='bbox 3593 2550 3677 2607; x_wconf 85' lang='lat' dir='ltr'><strong>vel</strong></span> 
     </span>
    </p>
   </div>
   <div class='ocr_carea' id='block_1_54' title="bbox 2077 2644 3022 2712">
    <p class='ocr_par' dir='ltr' id='par_1_54' title="bbox 2077 2644 3022 2712">
     <span class='ocr_line' id='line_1_54' title="bbox 2077 2644 3022 2712; baseline 0.003 -18"><span class='ocrx_word' id='word_1_388' title='bbox 2077 2659 2199 2712; x_wconf 67' lang='lat' dir='ltr'><strong>quae</strong></span> <span class='ocrx_word' id='word_1_389' title='bbox 2229 2644 2520 2712; x_wconf 76' lang='lat' dir='ltr'><strong>prohibita:</strong></span> <span class='ocrx_word' id='word_1_390' title='bbox 2550 2660 2670 2699; x_wconf 77' lang='lat' dir='ltr'><strong>eSse</strong></span> <span class='ocrx_word' id='word_1_391' title='bbox 2705 2657 3022 2700; x_wconf 87' lang='lat' dir='ltr'><strong>noscuntur.</strong></span> 
     </span>
    </p>
   </div>
   <div class='ocr_carea' id='block_1_55' title="bbox 2150 2737 3674 2810">
    <p class='ocr_par' dir='ltr' id='par_1_55' title="bbox 2150 2737 3674 2810">
     <span class='ocr_line' id='line_1_55' title="bbox 2150 2737 3674 2810; baseline 0.001 -18"><span class='ocrx_word' id='word_1_392' title='bbox 2150 2737 2288 2792; x_wconf 83' lang='lat' dir='ltr'><strong>VIII.</strong></span> <span class='ocrx_word' id='word_1_393' title='bbox 2343 2741 2398 2794; x_wconf 87' lang='lat' dir='ltr'><strong>Si</strong></span> <span class='ocrx_word' id='word_1_394' title='bbox 2445 2744 2568 2809; x_wconf 89' lang='lat' dir='ltr'><strong>quis</strong></span> <span class='ocrx_word' id='word_1_395' title='bbox 2598 2741 2760 2794; x_wconf 88' lang='lat' dir='ltr'><strong>aliter</strong></span> <span class='ocrx_word' id='word_1_396' title='bbox 2785 2758 2889 2794; x_wconf 90' lang='lat' dir='ltr'><strong>non</strong></span> <span class='ocrx_word' id='word_1_397' title='bbox 2921 2741 3255 2810; x_wconf 89' lang='lat' dir='ltr'><strong>acquievcrit</strong></span> <span class='ocrx_word' id='word_1_398' title='bbox 3281 2782 3295 2807; x_wconf 95' lang='lat'><strong>,</strong></span> <span class='ocrx_word' id='word_1_399' title='bbox 3327 2740 3428 2795; x_wconf 91' lang='lat' dir='ltr'><strong>nisi</strong></span> <span class='ocrx_word' id='word_1_400' title='bbox 3462 2751 3519 2794; x_wconf 91' lang='lat' dir='ltr'><strong>ut</strong></span> <span class='ocrx_word' id='word_1_401' title='bbox 3561 2740 3674 2810; x_wconf 84' lang='lat' dir='ltr'><strong>epi-</strong></span> 
     </span>
    </p>
   </div>
   <div class='ocr_carea' id='block_1_56' title="bbox 2080 2832 3678 2904">
    <p class='ocr_par' dir='ltr' id='par_1_56' title="bbox 2080 2832 3678 2904">
     <span class='ocr_line' id='line_1_56' title="bbox 2080 2832 3678 2904; baseline 0.001 -19"><span class='ocrx_word' id='word_1_402' title='bbox 2080 2847 2303 2902; x_wconf 92' lang='lat' dir='ltr'><strong>scopum</strong></span> <span class='ocrx_word' id='word_1_403' title='bbox 2337 2843 2594 2897; x_wconf 87' lang='lat' dir='ltr'><strong>accuset,</strong></span> <span class='ocrx_word' id='word_1_404' title='bbox 2625 2849 2790 2903; x_wconf 88' lang='lat' dir='ltr'><strong>supra</strong></span> <span class='ocrx_word' id='word_1_405' title='bbox 2837 2844 3018 2887; x_wconf 81' lang='lat' dir='ltr'><strong>taxato</strong></span> <span class='ocrx_word' id='word_1_406' title='bbox 3052 2835 3152 2890; x_wconf 88' lang='lat' dir='ltr'><strong>hoc</strong></span> <span class='ocrx_word' id='word_1_407' title='bbox 3187 2845 3376 2888; x_wconf 87' lang='lat' dir='ltr'><strong>tenore</strong></span> <span class='ocrx_word' id='word_1_408' title='bbox 3405 2848 3561 2904; x_wconf 77' lang='lat' dir='ltr'><strong>agere</strong></span> <span class='ocrx_word' id='word_1_409' title='bbox 3585 2832 3678 2887; x_wconf 89' lang='lat' dir='ltr'><strong>de-</strong></span> 
     </span>
    </p>
   </div>
   <div class='ocr_carea' id='block_1_57' title="bbox 2080 2928 3672 2998">
    <p class='ocr_par' dir='ltr' id='par_1_57' title="bbox 2080 2928 3672 2998">
     <span class='ocr_line' id='line_1_57' title="bbox 2080 2928 3672 2998; baseline 0.002 -18"><span class='ocrx_word' id='word_1_410' title='bbox 2080 2928 2247 2989; x_wconf 88' lang='lat' dir='ltr'><strong>bebit,</strong></span> <span class='ocrx_word' id='word_1_411' title='bbox 2283 2929 2401 2996; x_wconf 84' lang='lat' dir='ltr'><strong>quia</strong></span> <span class='ocrx_word' id='word_1_412' title='bbox 2435 2929 2588 2982; x_wconf 88' lang='lat' dir='ltr'><strong>aliter</strong></span> <span class='ocrx_word' id='word_1_413' title='bbox 2618 2941 2730 2981; x_wconf 83' lang='lat' dir='ltr'><strong>rata</strong></span> <span class='ocrx_word' id='word_1_414' title='bbox 2752 2945 2858 2982; x_wconf 83' lang='lat' dir='ltr'><strong>non</strong></span> <span class='ocrx_word' id='word_1_415' title='bbox 2889 2938 3068 2998; x_wconf 65' lang='lat' dir='ltr'><strong>potest</strong></span> <span class='ocrx_word' id='word_1_416' title='bbox 3097 2933 3366 2983; x_wconf 70' lang='lat' dir='ltr'><strong>accusatio</strong></span> <span class='ocrx_word' id='word_1_417' title='bbox 3397 2930 3672 2983; x_wconf 81' lang='lat' dir='ltr'><strong>exsistere.</strong></span> 
     </span>
    </p>
   </div>
   <div class='ocr_carea' id='block_1_58' title="bbox 2083 3021 3678 3093">
    <p class='ocr_par' dir='ltr' id='par_1_58' title="bbox 2083 3021 3678 3093">
     <span class='ocr_line' id='line_1_58' title="bbox 2083 3021 3678 3093; baseline 0.001 -19"><span class='ocrx_word' id='word_1_418' title='bbox 2083 3021 2236 3076; x_wconf 91' lang='lat' dir='ltr'><strong>Tunc</strong></span> <span class='ocrx_word' id='word_1_419' title='bbox 2270 3023 2447 3090; x_wconf 87' lang='lat' dir='ltr'><strong>primo</strong></span> <span class='ocrx_word' id='word_1_420' title='bbox 2479 3025 2716 3077; x_wconf 85' lang='lat' dir='ltr'><strong>accusati</strong></span> <span class='ocrx_word' id='word_1_421' title='bbox 2748 3038 2968 3077; x_wconf 90' lang='lat' dir='ltr'><strong>causam</strong></span> <span class='ocrx_word' id='word_1_422' title='bbox 3003 3033 3285 3077; x_wconf 90' lang='lat' dir='ltr'><strong>accusator</strong></span> <span class='ocrx_word' id='word_1_423' title='bbox 3317 3023 3454 3093; x_wconf 87' lang='lat' dir='ltr'><strong>apud</strong></span> <span class='ocrx_word' id='word_1_424' title='bbox 3487 3025 3678 3092; x_wconf 85' lang='lat' dir='ltr'><strong>prima-</strong></span> 
     </span>
    </p>
   </div>
   <div class='ocr_carea' id='block_1_59' title="bbox 2080 3115 3676 3188">
    <p class='ocr_par' dir='ltr' id='par_1_59' title="bbox 2080 3115 3676 3188">
     <span class='ocr_line' id='line_1_59' title="bbox 2080 3115 3676 3188; baseline 0.001 -20"><span class='ocrx_word' id='word_1_425' title='bbox 2080 3123 2160 3169; x_wconf 87' lang='lat' dir='ltr'><strong>tes</strong></span> <span class='ocrx_word' id='word_1_426' title='bbox 2211 3115 2469 3170; x_wconf 87' lang='lat' dir='ltr'><strong>canonice</strong></span> <span class='ocrx_word' id='word_1_427' title='bbox 2513 3117 2717 3170; x_wconf 85' lang='lat' dir='ltr'><strong>deferat</strong></span> <span class='ocrx_word' id='word_1_428' title='bbox 2743 3115 2945 3188; x_wconf 75' lang='lat' dir='ltr'><strong>(Cari/I.</strong></span> <span class='ocrx_word' id='word_1_429' title='bbox 2980 3133 3058 3181; x_wconf 89' lang='lat' dir='ltr'><strong>III,</strong></span> <span class='ocrx_word' id='word_1_430' title='bbox 3088 3117 3161 3187; x_wconf 86' lang='lat'><strong>7).</strong></span> <span class='ocrx_word' id='word_1_431' title='bbox 3210 3115 3318 3170; x_wconf 76' lang='lat' dir='ltr'><strong>Nec</strong></span> <span class='ocrx_word' id='word_1_432' title='bbox 3359 3133 3385 3169; x_wconf 90' lang='lat' dir='ltr'><strong>a</strong></span> <span class='ocrx_word' id='word_1_433' title='bbox 3431 3131 3676 3171; x_wconf 56' lang='lat' dir='ltr'><strong>con&#39;unn.</strong></span> 
     </span>
    </p>
   </div>
   <div class='ocr_carea' id='block_1_60' title="bbox 2081 3209 3679 3280">
    <p class='ocr_par' dir='ltr' id='par_1_60' title="bbox 2081 3209 3679 3280">
     <span class='ocr_line' id='line_1_60' title="bbox 2081 3209 3679 3280; baseline 0.001 -19"><span class='ocrx_word' id='word_1_434' title='bbox 2081 3211 2240 3263; x_wconf 92' lang='lat' dir='ltr'><strong>nione</strong></span> <span class='ocrx_word' id='word_1_435' title='bbox 2271 3209 2620 3277; x_wconf 84' lang='lat' dir='ltr'><strong>prohibeatur</strong></span> <span class='ocrx_word' id='word_1_436' title='bbox 2648 3222 2962 3274; x_wconf 65' lang='lat' dir='ltr'><strong>accusatus,</strong></span> <span class='ocrx_word' id='word_1_437' title='bbox 2999 3209 3099 3263; x_wconf 78' lang='lat' dir='ltr'><strong>nisi</strong></span> <span class='ocrx_word' id='word_1_438' title='bbox 3128 3211 3190 3262; x_wconf 89' lang='lat' dir='ltr'><strong>ad</strong></span> <span class='ocrx_word' id='word_1_439' title='bbox 3223 3209 3679 3280; x_wconf 89' lang='lat' dir='ltr'><strong>electorumjudi-</strong></span> 
     </span>
    </p>
   </div>
   <div class='ocr_carea' id='block_1_61' title="bbox 371 3300 3675 3373">
    <p class='ocr_par' dir='ltr' id='par_1_61' title="bbox 371 3300 3675 3373">
     <span class='ocr_line' id='line_1_61' title="bbox 371 3300 3675 3373; baseline -0.001 -15"><span class='ocrx_word' id='word_1_440' title='bbox 371 3318 477 3358; x_wconf 93' lang='lat' dir='ltr'><strong>non</strong></span> <span class='ocrx_word' id='word_1_441' title='bbox 519 3304 666 3373; x_wconf 87' lang='lat' dir='ltr'><strong>prius</strong></span> <span class='ocrx_word' id='word_1_442' title='bbox 697 3303 906 3372; x_wconf 92' lang='lat' dir='ltr'><strong>aliquos</strong></span> <span class='ocrx_word' id='word_1_443' title='bbox 935 3305 1222 3371; x_wconf 87' lang='lat' dir='ltr'><strong>episcopos</strong></span> <span class='ocrx_word' id='word_1_444' title='bbox 1253 3300 1447 3365; x_wconf 81' lang='lat' dir='ltr'><strong>adeat,</strong></span> <span class='ocrx_word' id='word_1_445' title='bbox 1471 3309 1526 3352; x_wconf 87' lang='lat' dir='ltr'><strong>Iit</strong></span> <span class='ocrx_word' id='word_1_446' title='bbox 1558 3315 1680 3354; x_wconf 90' lang='lat' dir='ltr'><strong>cum</strong></span> <span class='ocrx_word' id='word_1_447' title='bbox 1710 3310 1967 3362; x_wconf 89' lang='lat' dir='ltr'><strong>accuset,</strong></span> <span class='ocrx_word' id='word_1_448' title='bbox 1999 3304 2042 3365; x_wconf 86' lang='lat' dir='ltr'><strong>C</strong></span> <span class='ocrx_word' id='word_1_449' title='bbox 2078 3305 2216 3357; x_wconf 88' lang='lat' dir='ltr'><strong>cium</strong></span> <span class='ocrx_word' id='word_1_450' title='bbox 2261 3306 2524 3358; x_wconf 89' lang='lat' dir='ltr'><strong>canonice</strong></span> <span class='ocrx_word' id='word_1_451' title='bbox 2567 3315 2933 3365; x_wconf 74' lang='lat' dir='ltr'><strong>convocatus,</strong></span> <span class='ocrx_word' id='word_1_452' title='bbox 2980 3302 3119 3357; x_wconf 83' lang='lat' dir='ltr'><strong>infra</strong></span> <span class='ocrx_word' id='word_1_453' title='bbox 3171 3314 3277 3357; x_wconf 89' lang='lat' dir='ltr'><strong>tres</strong></span> <span class='ocrx_word' id='word_1_454' title='bbox 3314 3316 3404 3358; x_wconf 89' lang='lat' dir='ltr'><strong>aut</strong></span> <span class='ocrx_word' id='word_1_455' title='bbox 3452 3319 3545 3357; x_wconf 82' lang='lat' dir='ltr'><strong>sex</strong></span> <span class='ocrx_word' id='word_1_456' title='bbox 3594 3303 3675 3356; x_wconf 82' lang='lat' dir='ltr'><strong>vel</strong></span> 
     </span>
    </p>
   </div>
   <div class='ocr_carea' id='block_1_62' title="bbox 369 3395 1974 3470">
    <p class='ocr_par' dir='ltr' id='par_1_62' title="bbox 369 3395 1974 3470">
     <span class='ocr_line' id='line_1_62' title="bbox 369 3395 1974 3470; baseline -0.004 -19"><span class='ocrx_word' id='word_1_457' title='bbox 369 3416 530 3470; x_wconf 91' lang='lat' dir='ltr'><strong>quam</strong></span> <span class='ocrx_word' id='word_1_458' title='bbox 562 3399 898 3453; x_wconf 80' lang='lat' dir='ltr'><strong>familiariter</strong></span> <span class='ocrx_word' id='word_1_459' title='bbox 921 3397 969 3452; x_wconf 89' lang='lat' dir='ltr'><strong>ei</strong></span> <span class='ocrx_word' id='word_1_460' title='bbox 997 3412 1146 3450; x_wconf 86' lang='lat' dir='ltr'><strong>suam</strong></span> <span class='ocrx_word' id='word_1_461' title='bbox 1172 3395 1374 3450; x_wconf 89' lang='lat' dir='ltr'><strong>indicet</strong></span> <span class='ocrx_word' id='word_1_462' title='bbox 1402 3395 1678 3462; x_wconf 85' lang='lat' dir='ltr'><strong>querelam</strong></span> <span class='ocrx_word' id='word_1_463' title='bbox 1701 3437 1714 3458; x_wconf 95' lang='lat'><strong>,</strong></span> <span class='ocrx_word' id='word_1_464' title='bbox 1739 3405 1794 3449; x_wconf 92' lang='lat' dir='ltr'><strong>et</strong></span> <span class='ocrx_word' id='word_1_465' title='bbox 1821 3395 1886 3446; x_wconf 89' lang='lat' dir='ltr'><strong>ah</strong></span> <span class='ocrx_word' id='word_1_466' title='bbox 1909 3410 1974 3448; x_wconf 86' lang='lat' dir='ltr'><strong>eo</strong></span> 
     </span>
    </p>
   </div>
   <div class='ocr_carea' id='block_1_63' title="bbox 369 3487 1977 3560">
    <p class='ocr_par' dir='ltr' id='par_1_63' title="bbox 369 3487 1977 3560">
     <span class='ocr_line' id='line_1_63' title="bbox 369 3487 1977 3560; baseline -0.004 -13"><span class='ocrx_word' id='word_1_467' title='bbox 369 3492 676 3560; x_wconf 87' lang='lat' dir='ltr'><strong>autjustam</strong></span> <span class='ocrx_word' id='word_1_468' title='bbox 707 3489 1166 3552; x_wconf 90' lang='lat' dir='ltr'><strong>emendationem,</strong></span> <span class='ocrx_word' id='word_1_469' title='bbox 1189 3496 1282 3542; x_wconf 93' lang='lat' dir='ltr'><strong>aut</strong></span> <span class='ocrx_word' id='word_1_470' title='bbox 1308 3487 1684 3542; x_wconf 82' lang='lat' dir='ltr'><strong>rationabilem</strong></span> <span class='ocrx_word' id='word_1_471' title='bbox 1710 3488 1977 3557; x_wconf 86' lang='lat' dir='ltr'><strong>percipiat</strong></span> 
     </span>
    </p>
   </div>
   <div class='ocr_carea' id='block_1_64' title="bbox 369 3582 1973 3652">
    <p class='ocr_par' dir='ltr' id='par_1_64' title="bbox 369 3582 1973 3652">
     <span class='ocr_line' id='line_1_64' title="bbox 369 3582 1973 3652; baseline -0.004 -11"><span class='ocrx_word' id='word_1_472' title='bbox 369 3586 808 3649; x_wconf 80' lang='lat' dir='ltr'><strong>excusationem,</strong></span> <span class='ocrx_word' id='word_1_473' title='bbox 843 3585 958 3652; x_wconf 57' lang='lat' dir='ltr'><strong>ipsa</strong></span> <span class='ocrx_word' id='word_1_474' title='bbox 994 3597 1093 3636; x_wconf 89' lang='lat' dir='ltr'><strong>nos</strong></span> <span class='ocrx_word' id='word_1_475' title='bbox 1121 3583 1422 3636; x_wconf 89' lang='lat' dir='ltr'><strong>instruente</strong></span> <span class='ocrx_word' id='word_1_476' title='bbox 1454 3582 1686 3635; x_wconf 82' lang='lat' dir='ltr'><strong>veritate</strong></span> <span class='ocrx_word' id='word_1_477' title='bbox 1718 3601 1728 3632; x_wconf 87' lang='lat'>:</span> <span class='ocrx_word' id='word_1_478' title='bbox 1763 3582 1824 3635; x_wconf 85' lang='lat' dir='ltr'><strong>Si</strong></span> <span class='ocrx_word' id='word_1_479' title='bbox 1851 3599 1973 3650; x_wconf 85' lang='lat' dir='ltr'><strong>pec-</strong></span> 
     </span>
    </p>
   </div>
   <div class='ocr_carea' id='block_1_65' title="bbox 371 3674 1976 3745">
    <p class='ocr_par' dir='ltr' id='par_1_65' title="bbox 371 3674 1976 3745">
     <span class='ocr_line' id='line_1_65' title="bbox 371 3674 1976 3745; baseline -0.002 -14"><span class='ocrx_word' id='word_1_480' title='bbox 371 3677 558 3732; x_wconf 82' lang='lat' dir='ltr'><strong>caverit</strong></span> <span class='ocrx_word' id='word_1_481' title='bbox 589 3677 641 3730; x_wconf 86' lang='lat' dir='ltr'><strong>in</strong></span> <span class='ocrx_word' id='word_1_482' title='bbox 671 3687 717 3729; x_wconf 84' lang='lat' dir='ltr'><strong>te</strong></span> <span class='ocrx_word' id='word_1_483' title='bbox 745 3676 905 3745; x_wconf 79' lang='lat' dir='ltr'><strong>frater</strong></span> <span class='ocrx_word' id='word_1_484' title='bbox 933 3686 1049 3728; x_wconf 73' lang='lat' dir='ltr'><strong>(una</strong></span> <span class='ocrx_word' id='word_1_485' title='bbox 1068 3716 1081 3738; x_wconf 90' lang='lat'><strong>,</strong></span> <span class='ocrx_word' id='word_1_486' title='bbox 1111 3675 1238 3727; x_wconf 80' lang='lat' dir='ltr'><strong>vade</strong></span> <span class='ocrx_word' id='word_1_487' title='bbox 1260 3717 1272 3738; x_wconf 96' lang='lat'><strong>,</strong></span> <span class='ocrx_word' id='word_1_488' title='bbox 1302 3683 1351 3728; x_wconf 84' lang='lat' dir='ltr'><strong>et</strong></span> <span class='ocrx_word' id='word_1_489' title='bbox 1393 3674 1595 3740; x_wconf 78' lang='lat' dir='ltr'><strong>corripe</strong></span> <span class='ocrx_word' id='word_1_490' title='bbox 1625 3689 1740 3726; x_wconf 83' lang='lat' dir='ltr'><strong>eum</strong></span> <span class='ocrx_word' id='word_1_491' title='bbox 1774 3674 1904 3726; x_wconf 82' lang='lat' dir='ltr'><strong>inter</strong></span> <span class='ocrx_word' id='word_1_492' title='bbox 1929 3684 1976 3727; x_wconf 84' lang='lat' dir='ltr'><strong>te</strong></span> 
     </span>
    </p>
   </div>
   <div class='ocr_carea' id='block_1_66' title="bbox 372 3765 1974 3839">
    <p class='ocr_par' dir='ltr' id='par_1_66' title="bbox 372 3765 1974 3839">
     <span class='ocr_line' id='line_1_66' title="bbox 372 3765 1974 3839; baseline -0.002 -15"><span class='ocrx_word' id='word_1_493' title='bbox 372 3780 418 3825; x_wconf 86' lang='lat' dir='ltr'><strong>et</strong></span> <span class='ocrx_word' id='word_1_494' title='bbox 447 3771 616 3839; x_wconf 74' lang='lat' dir='ltr'><strong>ipsum</strong></span> <span class='ocrx_word' id='word_1_495' title='bbox 640 3769 806 3822; x_wconf 73' lang='lat' dir='ltr'><strong>solum</strong></span> <span class='ocrx_word' id='word_1_496' title='bbox 837 3765 1052 3837; x_wconf 74' lang='lat' dir='ltr'><strong>(Matth.</strong></span> <span class='ocrx_word' id='word_1_497' title='bbox 1084 3766 1264 3834; x_wconf 74' lang='lat' dir='ltr'><strong>XVIII).</strong></span> <span class='ocrx_word' id='word_1_498' title='bbox 1298 3767 1358 3821; x_wconf 82' lang='lat' dir='ltr'><strong>Si</strong></span> <span class='ocrx_word' id='word_1_499' title='bbox 1387 3777 1432 3820; x_wconf 83' lang='lat' dir='ltr'><strong>te</strong></span> <span class='ocrx_word' id='word_1_500' title='bbox 1458 3766 1714 3831; x_wconf 82' lang='lat' dir='ltr'><strong>audierit,</strong></span> <span class='ocrx_word' id='word_1_501' title='bbox 1746 3767 1974 3820; x_wconf 79' lang='lat' dir='ltr'><strong>lucratus</strong></span> 
     </span>
    </p>
   </div>
   <div class='ocr_carea' id='block_1_67' title="bbox 367 3857 1977 3931">
    <p class='ocr_par' dir='ltr' id='par_1_67' title="bbox 367 3857 1977 3931">
     <span class='ocr_line' id='line_1_67' title="bbox 367 3857 1977 3931; baseline -0.003 -14"><span class='ocrx_word' id='word_1_502' title='bbox 367 3877 422 3917; x_wconf 77' lang='lat' dir='ltr'><strong>es</strong></span> <span class='ocrx_word' id='word_1_503' title='bbox 459 3865 673 3931; x_wconf 79' lang='lat' dir='ltr'><strong>fratrem</strong></span> <span class='ocrx_word' id='word_1_504' title='bbox 703 3869 870 3911; x_wconf 86' lang='lat' dir='ltr'><strong>tuum.</strong></span> <span class='ocrx_word' id='word_1_505' title='bbox 921 3857 978 3911; x_wconf 84' lang='lat' dir='ltr'><strong>Si</strong></span> <span class='ocrx_word' id='word_1_506' title='bbox 1022 3868 1068 3910; x_wconf 86' lang='lat' dir='ltr'><strong>te</strong></span> <span class='ocrx_word' id='word_1_507' title='bbox 1104 3874 1206 3910; x_wconf 83' lang='lat' dir='ltr'><strong>non</strong></span> <span class='ocrx_word' id='word_1_508' title='bbox 1239 3858 1498 3921; x_wconf 82' lang='lat' dir='ltr'><strong>audierit,</strong></span> <span class='ocrx_word' id='word_1_509' title='bbox 1529 3858 1715 3910; x_wconf 81' lang='lat' dir='ltr'><strong>adhibe</strong></span> <span class='ocrx_word' id='word_1_510' title='bbox 1743 3857 1872 3911; x_wconf 76' lang='lat' dir='ltr'><strong>duos</strong></span> <span class='ocrx_word' id='word_1_511' title='bbox 1901 3859 1977 3912; x_wconf 69' lang='lat' dir='ltr'><strong>vel</strong></span> 
     </span>
    </p>
   </div>
   <div class='ocr_carea' id='block_1_68' title="bbox 371 3948 1972 4018">
    <p class='ocr_par' dir='ltr' id='par_1_68' title="bbox 371 3948 1972 4018">
     <span class='ocr_line' id='line_1_68' title="bbox 371 3948 1972 4018; baseline -0.002 -11"><span class='ocrx_word' id='word_1_512' title='bbox 371 3964 473 4007; x_wconf 75' lang='lat' dir='ltr'><strong>tres</strong></span> <span class='ocrx_word' id='word_1_513' title='bbox 511 3963 675 4006; x_wconf 84' lang='lat' dir='ltr'><strong>tecum</strong></span> <span class='ocrx_word' id='word_1_514' title='bbox 701 3970 712 4004; x_wconf 89' lang='lat'>:</span> <span class='ocrx_word' id='word_1_515' title='bbox 745 3960 791 4004; x_wconf 83' lang='lat' dir='ltr'><strong>ct</strong></span> <span class='ocrx_word' id='word_1_516' title='bbox 822 3950 865 4003; x_wconf 76' lang='lat' dir='ltr'><strong>si</strong></span> <span class='ocrx_word' id='word_1_517' title='bbox 895 3966 995 4003; x_wconf 84' lang='lat' dir='ltr'><strong>non</strong></span> <span class='ocrx_word' id='word_1_518' title='bbox 1025 3949 1114 4002; x_wconf 86' lang='lat' dir='ltr'><strong>hos</strong></span> <span class='ocrx_word' id='word_1_519' title='bbox 1144 3949 1389 4012; x_wconf 76' lang='lat' dir='ltr'><strong>audierit,</strong></span> <span class='ocrx_word' id='word_1_520' title='bbox 1424 3951 1506 4002; x_wconf 82' lang='lat' dir='ltr'><strong>dic</strong></span> <span class='ocrx_word' id='word_1_521' title='bbox 1555 3948 1798 4003; x_wconf 77' lang='lat' dir='ltr'><strong>Ecclesia’</strong></span> <span class='ocrx_word' id='word_1_522' title='bbox 1820 3949 1972 4018; x_wconf 87' lang='lat' dir='ltr'><strong>(Luc.</strong></span> 
     </span>
    </p>
   </div>
   <div class='ocr_carea' id='block_1_69' title="bbox 376 4046 1978 4118">
    <p class='ocr_par' dir='ltr' id='par_1_69' title="bbox 376 4046 1978 4118">
     <span class='ocr_line' id='line_1_69' title="bbox 376 4046 1978 4118; baseline 0.002 -16"><span class='ocrx_word' id='word_1_523' title='bbox 376 4050 534 4116; x_wconf 80' lang='lat' dir='ltr'><strong>xvn),</strong></span> <span class='ocrx_word' id='word_1_524' title='bbox 569 4046 620 4102; x_wconf 90' lang='lat' dir='ltr'><strong>id</strong></span> <span class='ocrx_word' id='word_1_525' title='bbox 648 4057 732 4103; x_wconf 90' lang='lat' dir='ltr'><strong>est</strong></span> <span class='ocrx_word' id='word_1_526' title='bbox 758 4089 770 4112; x_wconf 92' lang='lat'><strong>,</strong></span> <span class='ocrx_word' id='word_1_527' title='bbox 801 4061 992 4102; x_wconf 88' lang='lat' dir='ltr'><strong>accusa</strong></span> <span class='ocrx_word' id='word_1_528' title='bbox 1026 4062 1148 4100; x_wconf 90' lang='lat' dir='ltr'><strong>eum</strong></span> <span class='ocrx_word' id='word_1_529' title='bbox 1186 4047 1454 4116; x_wconf 69' lang='lat' dir='ltr'><strong>publice”,</strong></span> <span class='ocrx_word' id='word_1_530' title='bbox 1485 4057 1540 4103; x_wconf 90' lang='lat' dir='ltr'><strong>et</strong></span> <span class='ocrx_word' id='word_1_531' title='bbox 1569 4066 1673 4102; x_wconf 91' lang='lat' dir='ltr'><strong>non</strong></span> <span class='ocrx_word' id='word_1_532' title='bbox 1705 4050 1885 4118; x_wconf 91' lang='lat' dir='ltr'><strong>prius,</strong></span> <span class='ocrx_word' id='word_1_533' title='bbox 1921 4060 1978 4106; x_wconf 87' lang='lat' dir='ltr'><strong>et</strong></span> 
     </span>
    </p>
   </div>
   <div class='ocr_carea' id='block_1_70' title="bbox 371 4143 600 4213">
    <p class='ocr_par' dir='ltr' id='par_1_70' title="bbox 371 4143 600 4213">
     <span class='ocr_line' id='line_1_70' title="bbox 371 4143 600 4213; baseline -0.004 -16"><span class='ocrx_word' id='word_1_534' title='bbox 371 4143 600 4213; x_wconf 87' lang='lat' dir='ltr'><strong>reliqua.</strong></span> 
     </span>
    </p>
   </div>
   <div class='ocr_carea' id='block_1_71' title="bbox 447 4232 1976 4304">
    <p class='ocr_par' dir='ltr' id='par_1_71' title="bbox 447 4232 1976 4304">
     <span class='ocr_line' id='line_1_71' title="bbox 447 4232 1976 4304; baseline 0.003 -19"><span class='ocrx_word' id='word_1_535' title='bbox 447 4233 534 4286; x_wconf 89' lang='lat' dir='ltr'><strong>Ill.</strong></span> <span class='ocrx_word' id='word_1_536' title='bbox 565 4233 621 4288; x_wconf 91' lang='lat' dir='ltr'><strong>Si</strong></span> <span class='ocrx_word' id='word_1_537' title='bbox 652 4233 772 4303; x_wconf 88' lang='lat' dir='ltr'><strong>quis</strong></span> <span class='ocrx_word' id='word_1_538' title='bbox 802 4233 1121 4303; x_wconf 71' lang='lat' dir='ltr'><strong>episcolium</strong></span> <span class='ocrx_word' id='word_1_539' title='bbox 1156 4241 1277 4302; x_wconf 88' lang='lat' dir='ltr'><strong>post</strong></span> <span class='ocrx_word' id='word_1_540' title='bbox 1305 4232 1417 4287; x_wconf 68' lang='lat' dir='ltr'><strong>haec</strong></span> <span class='ocrx_word' id='word_1_541' title='bbox 1446 4233 1671 4304; x_wconf 81' lang='lat' dir='ltr'><strong>elegerit</strong></span> <span class='ocrx_word' id='word_1_542' title='bbox 1696 4248 1976 4299; x_wconf 73' lang='lat' dir='ltr'><strong>accusare,</strong></span> 
     </span>
    </p>
   </div>
   <div class='ocr_carea' id='block_1_72' title="bbox 373 4326 1982 4396">
    <p class='ocr_par' dir='ltr' id='par_1_72' title="bbox 373 4326 1982 4396">
     <span class='ocr_line' id='line_1_72' title="bbox 373 4326 1982 4396; baseline 0.001 -16"><span class='ocrx_word' id='word_1_543' title='bbox 373 4328 601 4380; x_wconf 87' lang='lat' dir='ltr'><strong>summis</strong></span> <span class='ocrx_word' id='word_1_544' title='bbox 633 4326 956 4396; x_wconf 88' lang='lat' dir='ltr'><strong>primatibus</strong></span> <span class='ocrx_word' id='word_1_545' title='bbox 995 4327 1374 4394; x_wconf 91' lang='lat' dir='ltr'><strong>episc0pornm</strong></span> <span class='ocrx_word' id='word_1_546' title='bbox 1416 4341 1568 4380; x_wconf 87' lang='lat' dir='ltr'><strong>suam</strong></span> <span class='ocrx_word' id='word_1_547' title='bbox 1611 4326 1813 4380; x_wconf 90' lang='lat' dir='ltr'><strong>indicet</strong></span> <span class='ocrx_word' id='word_1_548' title='bbox 1854 4343 1982 4382; x_wconf 86' lang='lat' dir='ltr'><strong>cau-</strong></span> 
     </span>
    </p>
   </div>
   <div class='ocr_carea' id='block_1_73' title="bbox 375 4418 1977 4490">
    <p class='ocr_par' dir='ltr' id='par_1_73' title="bbox 375 4418 1977 4490">
     <span class='ocr_line' id='line_1_73' title="bbox 375 4418 1977 4490; baseline 0.001 -17"><span class='ocrx_word' id='word_1_549' title='bbox 375 4436 516 4486; x_wconf 88' lang='lat' dir='ltr'><strong>sam,</strong></span> <span class='ocrx_word' id='word_1_550' title='bbox 547 4429 599 4474; x_wconf 91' lang='lat' dir='ltr'><strong>et</strong></span> <span class='ocrx_word' id='word_1_551' title='bbox 629 4435 738 4472; x_wconf 89' lang='lat' dir='ltr'><strong>non</strong></span> <span class='ocrx_word' id='word_1_552' title='bbox 770 4418 1122 4474; x_wconf 74' lang='lat' dir='ltr'><strong>saecularibus</strong></span> <span class='ocrx_word' id='word_1_553' title='bbox 1145 4459 1159 4482; x_wconf 90' lang='lat'><strong>,</strong></span> <span class='ocrx_word' id='word_1_554' title='bbox 1183 4418 1274 4488; x_wconf 88' lang='lat' dir='ltr'><strong>qui</strong></span> <span class='ocrx_word' id='word_1_555' title='bbox 1303 4421 1471 4488; x_wconf 82' lang='lat' dir='ltr'><strong>magis</strong></span> <span class='ocrx_word' id='word_1_556' title='bbox 1499 4420 1564 4473; x_wconf 91' lang='lat' dir='ltr'><strong>ad</strong></span> <span class='ocrx_word' id='word_1_557' title='bbox 1601 4435 1785 4488; x_wconf 89' lang='lat' dir='ltr'><strong>pacem</strong></span> <span class='ocrx_word' id='word_1_558' title='bbox 1820 4435 1977 4490; x_wconf 88' lang='lat' dir='ltr'><strong>quam</strong></span> 
     </span>
    </p>
   </div>
   <div class='ocr_carea' id='block_1_74' title="bbox 377 4511 1980 4583">
    <p class='ocr_par' dir='ltr' id='par_1_74' title="bbox 377 4511 1980 4583">
     <span class='ocr_line' id='line_1_74' title="bbox 377 4511 1980 4583; baseline 0.001 -16"><span class='ocrx_word' id='word_1_559' title='bbox 377 4515 442 4567; x_wconf 89' lang='lat' dir='ltr'><strong>ad</strong></span> <span class='ocrx_word' id='word_1_560' title='bbox 471 4513 734 4582; x_wconf 83' lang='lat' dir='ltr'><strong>judicium</strong></span> <span class='ocrx_word' id='word_1_561' title='bbox 757 4527 851 4567; x_wconf 92' lang='lat' dir='ltr'><strong>eos</strong></span> <span class='ocrx_word' id='word_1_562' title='bbox 886 4522 1136 4566; x_wconf 90' lang='lat' dir='ltr'><strong>revocent</strong></span> <span class='ocrx_word' id='word_1_563' title='bbox 1166 4511 1366 4582; x_wconf 73' lang='lat' dir='ltr'><strong>(Curtii.</strong></span> <span class='ocrx_word' id='word_1_564' title='bbox 1386 4527 1454 4577; x_wconf 88' lang='lat' dir='ltr'><strong>iv,</strong></span> <span class='ocrx_word' id='word_1_565' title='bbox 1476 4529 1518 4566; x_wconf 75' lang='grc' dir='ltr'><strong>ς.</strong></span> <span class='ocrx_word' id='word_1_566' title='bbox 1539 4511 1656 4583; x_wconf 75' lang='lat'><strong>9.6).</strong></span> <span class='ocrx_word' id='word_1_567' title='bbox 1676 4515 1980 4568; x_wconf 88' lang='lat' dir='ltr'><strong>utcharitas</strong></span> 
     </span>
    </p>
   </div>
   <div class='ocr_carea' id='block_1_75' title="bbox 379 4605 1981 4676">
    <p class='ocr_par' dir='ltr' id='par_1_75' title="bbox 379 4605 1981 4676">
     <span class='ocr_line' id='line_1_75' title="bbox 379 4605 1981 4676; baseline 0.003 -16"><span class='ocrx_word' id='word_1_568' title='bbox 379 4608 432 4660; x_wconf 92' lang='lat' dir='ltr'><strong>in</strong></span> <span class='ocrx_word' id='word_1_569' title='bbox 466 4605 721 4660; x_wconf 85' lang='lat' dir='ltr'><strong>omnibus</strong></span> <span class='ocrx_word' id='word_1_570' title='bbox 747 4613 800 4659; x_wconf 89' lang='lat' dir='ltr'><strong>et</strong></span> <span class='ocrx_word' id='word_1_571' title='bbox 847 4605 915 4658; x_wconf 89' lang='lat' dir='ltr'><strong>ab</strong></span> <span class='ocrx_word' id='word_1_572' title='bbox 943 4605 1196 4659; x_wconf 88' lang='lat' dir='ltr'><strong>omnibus</strong></span> <span class='ocrx_word' id='word_1_573' title='bbox 1226 4606 1576 4660; x_wconf 86' lang='lat' dir='ltr'><strong>custodiatur.</strong></span> <span class='ocrx_word' id='word_1_574' title='bbox 1615 4607 1668 4660; x_wconf 91' lang='lat' dir='ltr'><strong>Si</strong></span> <span class='ocrx_word' id='word_1_575' title='bbox 1725 4609 1981 4676; x_wconf 87' lang='lat' dir='ltr'><strong>primates</strong></span> 
     </span>
    </p>
   </div>
   <div class='ocr_carea' id='block_1_76' title="bbox 2083 3394 3679 3462">
    <p class='ocr_par' dir='ltr' id='par_1_76' title="bbox 2083 3394 3679 3462">
     <span class='ocr_line' id='line_1_76' title="bbox 2083 3394 3679 3462; baseline 0.003 -17"><span class='ocrx_word' id='word_1_576' title='bbox 2083 3395 2264 3462; x_wconf 90' lang='lat' dir='ltr'><strong>plures</strong></span> <span class='ocrx_word' id='word_1_577' title='bbox 2310 3411 2525 3448; x_wconf 83' lang='lat' dir='ltr'><strong>nienses</strong></span> <span class='ocrx_word' id='word_1_578' title='bbox 2571 3411 2665 3462; x_wconf 87' lang='lat' dir='ltr'><strong>pro</strong></span> <span class='ocrx_word' id='word_1_579' title='bbox 2708 3396 2819 3448; x_wconf 90' lang='lat' dir='ltr'><strong>suis</strong></span> <span class='ocrx_word' id='word_1_580' title='bbox 2860 3397 3120 3448; x_wconf 86' lang='lat' dir='ltr'><strong>rationein</strong></span> <span class='ocrx_word' id='word_1_581' title='bbox 3155 3394 3463 3449; x_wconf 89' lang='lat' dir='ltr'><strong>redditurus</strong></span> <span class='ocrx_word' id='word_1_582' title='bbox 3497 3396 3679 3450; x_wconf 89' lang='lat' dir='ltr'><strong>venire</strong></span> 
     </span>
    </p>
   </div>
   <div class='ocr_carea' id='block_1_77' title="bbox 2082 3487 3678 3557">
    <p class='ocr_par' dir='ltr' id='par_1_77' title="bbox 2082 3487 3678 3557">
     <span class='ocr_line' id='line_1_77' title="bbox 2082 3487 3678 3557; baseline 0 -17"><span class='ocrx_word' id='word_1_583' title='bbox 2082 3487 2373 3541; x_wconf 58' lang='lat' dir='ltr'><strong>distulerit.</strong></span> <span class='ocrx_word' id='word_1_584' title='bbox 2401 3489 2554 3554; x_wconf 87' lang='lat' dir='ltr'><strong>Quod</strong></span> <span class='ocrx_word' id='word_1_585' title='bbox 2586 3489 2627 3540; x_wconf 80' lang='lat' dir='ltr'><strong>si</strong></span> <span class='ocrx_word' id='word_1_586' title='bbox 2661 3489 2888 3556; x_wconf 88' lang='lat' dir='ltr'><strong>probare</strong></span> <span class='ocrx_word' id='word_1_587' title='bbox 2924 3490 3174 3555; x_wconf 88' lang='lat' dir='ltr'><strong>potuerit.</strong></span> <span class='ocrx_word' id='word_1_588' title='bbox 3200 3487 3341 3557; x_wconf 87' lang='lat' dir='ltr'><strong>quod</strong></span> <span class='ocrx_word' id='word_1_589' title='bbox 3364 3503 3464 3541; x_wconf 92' lang='lat' dir='ltr'><strong>non</strong></span> <span class='ocrx_word' id='word_1_590' title='bbox 3494 3487 3678 3540; x_wconf 80' lang='lat' dir='ltr'><strong>nolue-</strong></span> 
     </span>
    </p>
   </div>
   <div class='ocr_carea' id='block_1_78' title="bbox 2083 3577 3679 3646">
    <p class='ocr_par' dir='ltr' id='par_1_78' title="bbox 2083 3577 3679 3646">
     <span class='ocr_line' id='line_1_78' title="bbox 2083 3577 3679 3646; baseline 0.001 -15"><span class='ocrx_word' id='word_1_591' title='bbox 2083 3579 2184 3640; x_wconf 87' lang='lat' dir='ltr'><strong>rit,</strong></span> <span class='ocrx_word' id='word_1_592' title='bbox 2218 3579 2312 3632; x_wconf 84' lang='lat' dir='ltr'><strong>sed</strong></span> <span class='ocrx_word' id='word_1_593' title='bbox 2368 3596 2472 3632; x_wconf 91' lang='lat' dir='ltr'><strong>non</strong></span> <span class='ocrx_word' id='word_1_594' title='bbox 2520 3581 2751 3646; x_wconf 87' lang='lat' dir='ltr'><strong>potuerit</strong></span> <span class='ocrx_word' id='word_1_595' title='bbox 2785 3579 3004 3640; x_wconf 83' lang='lat' dir='ltr'><strong>venire,</strong></span> <span class='ocrx_word' id='word_1_596' title='bbox 3041 3579 3168 3631; x_wconf 76' lang='lat' dir='ltr'><strong>nihil</strong></span> <span class='ocrx_word' id='word_1_597' title='bbox 3216 3580 3264 3632; x_wconf 88' lang='lat' dir='ltr'><strong>ci</strong></span> <span class='ocrx_word' id='word_1_598' title='bbox 3314 3579 3545 3632; x_wconf 84' lang='lat' dir='ltr'><strong>nocebit.</strong></span> <span class='ocrx_word' id='word_1_599' title='bbox 3585 3577 3679 3632; x_wconf 80' lang='lat' dir='ltr'><strong>ille</strong></span> 
     </span>
    </p>
   </div>
   <div class='ocr_carea' id='block_1_79' title="bbox 2080 3671 3678 3740">
    <p class='ocr_par' dir='ltr' id='par_1_79' title="bbox 2080 3671 3678 3740">
     <span class='ocr_line' id='line_1_79' title="bbox 2080 3671 3678 3740; baseline -0.002 -16"><span class='ocrx_word' id='word_1_600' title='bbox 2080 3687 2232 3734; x_wconf 83' lang='lat' dir='ltr'><strong>vero,</strong></span> <span class='ocrx_word' id='word_1_601' title='bbox 2264 3674 2351 3740; x_wconf 88' lang='lat' dir='ltr'><strong>qtii</strong></span> <span class='ocrx_word' id='word_1_602' title='bbox 2383 3672 2431 3725; x_wconf 91' lang='lat' dir='ltr'><strong>vi</strong></span> <span class='ocrx_word' id='word_1_603' title='bbox 2457 3680 2549 3725; x_wconf 88' lang='lat' dir='ltr'><strong>aut</strong></span> <span class='ocrx_word' id='word_1_604' title='bbox 2581 3674 2776 3725; x_wconf 90' lang='lat' dir='ltr'><strong>timore</strong></span> <span class='ocrx_word' id='word_1_605' title='bbox 2805 3688 2832 3724; x_wconf 89' lang='lat' dir='ltr'><strong>a</strong></span> <span class='ocrx_word' id='word_1_606' title='bbox 2866 3671 2996 3725; x_wconf 76' lang='lat' dir='ltr'><strong>sede</strong></span> <span class='ocrx_word' id='word_1_607' title='bbox 3024 3672 3205 3739; x_wconf 87' lang='lat' dir='ltr'><strong>pulsus</strong></span> <span class='ocrx_word' id='word_1_608' title='bbox 3228 3713 3241 3736; x_wconf 94' lang='lat'><strong>,</strong></span> <span class='ocrx_word' id='word_1_609' title='bbox 3269 3680 3360 3724; x_wconf 89' lang='lat' dir='ltr'><strong>aut</strong></span> <span class='ocrx_word' id='word_1_610' title='bbox 3385 3671 3496 3723; x_wconf 82' lang='lat' dir='ltr'><strong>suis</strong></span> <span class='ocrx_word' id='word_1_611' title='bbox 3521 3672 3678 3722; x_wconf 79' lang='lat' dir='ltr'><strong>rebus</strong></span> 
     </span>
    </p>
   </div>
   <div class='ocr_carea' id='block_1_80' title="bbox 2081 3763 3675 3835">
    <p class='ocr_par' dir='ltr' id='par_1_80' title="bbox 2081 3763 3675 3835">
     <span class='ocr_line' id='line_1_80' title="bbox 2081 3763 3675 3835; baseline -0.002 -18"><span class='ocrx_word' id='word_1_612' title='bbox 2081 3766 2412 3835; x_wconf 65' lang='lat' dir='ltr'><strong>exspoliatus</strong></span> <span class='ocrx_word' id='word_1_613' title='bbox 2451 3765 2626 3827; x_wconf 86' lang='lat' dir='ltr'><strong>fuerit,</strong></span> <span class='ocrx_word' id='word_1_614' title='bbox 2664 3782 2767 3817; x_wconf 87' lang='lat' dir='ltr'><strong>non</strong></span> <span class='ocrx_word' id='word_1_615' title='bbox 2819 3766 2964 3832; x_wconf 85' lang='lat' dir='ltr'><strong>prius</strong></span> <span class='ocrx_word' id='word_1_616' title='bbox 2993 3777 3212 3817; x_wconf 77' lang='lat' dir='ltr'><strong>vocetur</strong></span> <span class='ocrx_word' id='word_1_617' title='bbox 3257 3763 3321 3815; x_wconf 92' lang='lat' dir='ltr'><strong>ad</strong></span> <span class='ocrx_word' id='word_1_618' title='bbox 3369 3763 3627 3833; x_wconf 75' lang='lat' dir='ltr'><strong>synodum</strong></span> <span class='ocrx_word' id='word_1_619' title='bbox 3661 3804 3675 3823; x_wconf 88' lang='lat'><strong>,</strong></span> 
     </span>
    </p>
   </div>
   <div class='ocr_carea' id='block_1_81' title="bbox 2081 3856 3676 3928">
    <p class='ocr_par' dir='ltr' id='par_1_81' title="bbox 2081 3856 3676 3928">
     <span class='ocr_line' id='line_1_81' title="bbox 2081 3856 3676 3928; baseline -0.001 -17"><span class='ocrx_word' id='word_1_620' title='bbox 2081 3876 2240 3926; x_wconf 87' lang='lat' dir='ltr'><strong>quam</strong></span> <span class='ocrx_word' id='word_1_621' title='bbox 2289 3860 2335 3913; x_wconf 89' lang='lat' dir='ltr'><strong>ei</strong></span> <span class='ocrx_word' id='word_1_622' title='bbox 2369 3859 2548 3913; x_wconf 89' lang='lat' dir='ltr'><strong>omnia</strong></span> <span class='ocrx_word' id='word_1_623' title='bbox 2594 3859 2801 3928; x_wconf 77' lang='lat' dir='ltr'><strong>legibus</strong></span> <span class='ocrx_word' id='word_1_624' title='bbox 2843 3858 3297 3923; x_wconf 71' lang='lat' dir='ltr'><strong>redintegrantur.</strong></span> <span class='ocrx_word' id='word_1_625' title='bbox 3357 3857 3418 3910; x_wconf 82' lang='lat' dir='ltr'><strong>Et</strong></span> <span class='ocrx_word' id='word_1_626' title='bbox 3477 3856 3676 3910; x_wconf 87' lang='lat' dir='ltr'><strong>tannliu</strong></span> 
     </span>
    </p>
   </div>
   <div class='ocr_carea' id='block_1_82' title="bbox 2083 3949 3678 4022">
    <p class='ocr_par' dir='ltr' id='par_1_82' title="bbox 2083 3949 3678 4022">
     <span class='ocr_line' id='line_1_82' title="bbox 2083 3949 3678 4022; baseline -0.004 -16"><span class='ocrx_word' id='word_1_627' title='bbox 2083 3955 2134 4006; x_wconf 93' lang='lat' dir='ltr'><strong>iu</strong></span> <span class='ocrx_word' id='word_1_628' title='bbox 2160 3953 2288 4007; x_wconf 61' lang='lat' dir='ltr'><strong>sede</strong></span> <span class='ocrx_word' id='word_1_629' title='bbox 2320 3953 2534 4022; x_wconf 86' lang='lat' dir='ltr'><strong>propria</strong></span> <span class='ocrx_word' id='word_1_630' title='bbox 2567 3952 2787 4020; x_wconf 72' lang='lat' dir='ltr'><strong>pacifici:</strong></span> <span class='ocrx_word' id='word_1_631' title='bbox 2827 3962 2879 4005; x_wconf 91' lang='lat' dir='ltr'><strong>et</strong></span> <span class='ocrx_word' id='word_1_632' title='bbox 2933 3952 3251 4020; x_wconf 71' lang='lat' dir='ltr'><strong>poti-stative</strong></span> <span class='ocrx_word' id='word_1_633' title='bbox 3277 3963 3467 4004; x_wconf 85' lang='lat' dir='ltr'><strong>cuneta</strong></span> <span class='ocrx_word' id='word_1_634' title='bbox 3499 3949 3678 4018; x_wconf 81' lang='lat' dir='ltr'><strong>dispa-</strong></span> 
     </span>
    </p>
   </div>
   <div class='ocr_carea' id='block_1_83' title="bbox 2085 4041 3677 4114">
    <p class='ocr_par' dir='ltr' id='par_1_83' title="bbox 2085 4041 3677 4114">
     <span class='ocr_line' id='line_1_83' title="bbox 2085 4041 3677 4114; baseline -0.003 -13"><span class='ocrx_word' id='word_1_635' title='bbox 2085 4062 2216 4102; x_wconf 87' lang='lat' dir='ltr'><strong>nens</strong></span> <span class='ocrx_word' id='word_1_636' title='bbox 2273 4047 2507 4100; x_wconf 83' lang='lat' dir='ltr'><strong>resideat</strong></span> <span class='ocrx_word' id='word_1_637' title='bbox 2539 4046 2716 4114; x_wconf 86' lang='lat' dir='ltr'><strong>(Ilom.</strong></span> <span class='ocrx_word' id='word_1_638' title='bbox 2767 4061 2830 4109; x_wconf 90' lang='lat' dir='ltr'><strong>v,</strong></span> <span class='ocrx_word' id='word_1_639' title='bbox 2881 4047 2974 4098; x_wconf 80' lang='lat' dir='ltr'><strong>sub</strong></span> <span class='ocrx_word' id='word_1_640' title='bbox 3017 4041 3373 4114; x_wconf 78' lang='lat' dir='ltr'><strong>Symmacho),</strong></span> <span class='ocrx_word' id='word_1_641' title='bbox 3423 4043 3677 4112; x_wconf 89' lang='lat' dir='ltr'><strong>quamdiu</strong></span> 
     </span>
    </p>
   </div>
   <div class='ocr_carea' id='block_1_84' title="bbox 2082 4133 3668 4208">
    <p class='ocr_par' dir='ltr' id='par_1_84' title="bbox 2082 4133 3668 4208">
     <span class='ocr_line' id='line_1_84' title="bbox 2082 4133 3668 4208; baseline -0.005 -14"><span class='ocrx_word' id='word_1_642' title='bbox 2082 4139 2342 4208; x_wconf 84' lang='lat' dir='ltr'><strong>expulsus</strong></span> <span class='ocrx_word' id='word_1_643' title='bbox 2371 4139 2458 4192; x_wconf 90' lang='lat' dir='ltr'><strong>vel</strong></span> <span class='ocrx_word' id='word_1_644' title='bbox 2491 4138 2824 4207; x_wconf 79' lang='lat' dir='ltr'><strong>exspoliatus</strong></span> <span class='ocrx_word' id='word_1_645' title='bbox 2868 4151 3054 4190; x_wconf 87' lang='lat' dir='ltr'><strong>carere</strong></span> <span class='ocrx_word' id='word_1_646' title='bbox 3087 4141 3232 4189; x_wconf 85' lang='lat' dir='ltr'><strong>visus</strong></span> <span class='ocrx_word' id='word_1_647' title='bbox 3271 4146 3354 4191; x_wconf 90' lang='lat' dir='ltr'><strong>est</strong></span> <span class='ocrx_word' id='word_1_648' title='bbox 3401 4138 3557 4190; x_wconf 84' lang='lat' dir='ltr'><strong>rebus</strong></span> <span class='ocrx_word' id='word_1_649' title='bbox 3584 4133 3668 4205; x_wconf 79' lang='lat'><strong>(5,</strong></span> 
     </span>
    </p>
   </div>
   <div class='ocr_carea' id='block_1_85' title="bbox 2083 4229 3673 4302">
    <p class='ocr_par' dir='ltr' id='par_1_85' title="bbox 2083 4229 3673 4302">
     <span class='ocr_line' id='line_1_85' title="bbox 2083 4229 3673 4302; baseline -0.003 -18"><span class='ocrx_word' id='word_1_650' title='bbox 2083 4251 2167 4302; x_wconf 83' lang='lat' dir='ltr'><strong>qn.</strong></span> <span class='ocrx_word' id='word_1_651' title='bbox 2193 4234 2258 4297; x_wconf 72' lang='lat'><strong>‘2;</strong></span> <span class='ocrx_word' id='word_1_652' title='bbox 2285 4244 2328 4286; x_wconf 85' lang='lat' dir='ltr'><strong>et</strong></span> <span class='ocrx_word' id='word_1_653' title='bbox 2370 4233 2421 4285; x_wconf 86' lang='lat' dir='ltr'><strong>in</strong></span> <span class='ocrx_word' id='word_1_654' title='bbox 2449 4232 2637 4285; x_wconf 83' lang='lat' dir='ltr'><strong>decret.</strong></span> <span class='ocrx_word' id='word_1_655' title='bbox 2671 4230 2807 4294; x_wconf 88' lang='lat' dir='ltr'><strong>Ivo.,</strong></span> <span class='ocrx_word' id='word_1_656' title='bbox 2843 4231 2930 4283; x_wconf 87' lang='lat' dir='ltr'><strong>lib.</strong></span> <span class='ocrx_word' id='word_1_657' title='bbox 2962 4247 3118 4297; x_wconf 73' lang='lat' dir='ltr'><strong>XLIII,</strong></span> <span class='ocrx_word' id='word_1_658' title='bbox 3153 4247 3202 4296; x_wconf 74' lang='grc' dir='ltr'><strong>(ι.</strong></span> <span class='ocrx_word' id='word_1_659' title='bbox 3229 4232 3307 4298; x_wconf 84' lang='grc'><strong>5).</strong></span> <span class='ocrx_word' id='word_1_660' title='bbox 3334 4229 3466 4284; x_wconf 88' lang='lat' dir='ltr'><strong>Cum</strong></span> <span class='ocrx_word' id='word_1_661' title='bbox 3499 4240 3673 4281; x_wconf 90' lang='lat' dir='ltr'><strong>autent</strong></span> 
     </span>
    </p>
   </div>
   <div class='ocr_carea' id='block_1_86' title="bbox 2084 4322 3671 4395">
    <p class='ocr_par' dir='ltr' id='par_1_86' title="bbox 2084 4322 3671 4395">
     <span class='ocr_line' id='line_1_86' title="bbox 2084 4322 3671 4395; baseline -0.004 -17"><span class='ocrx_word' id='word_1_662' title='bbox 2084 4327 2148 4380; x_wconf 88' lang='lat' dir='ltr'><strong>ad</strong></span> <span class='ocrx_word' id='word_1_663' title='bbox 2189 4326 2450 4395; x_wconf 87' lang='lat' dir='ltr'><strong>judicium</strong></span> <span class='ocrx_word' id='word_1_664' title='bbox 2488 4325 2733 4388; x_wconf 88' lang='lat' dir='ltr'><strong>venerit,</strong></span> <span class='ocrx_word' id='word_1_665' title='bbox 2766 4325 2808 4377; x_wconf 92' lang='lat' dir='ltr'><strong>si</strong></span> <span class='ocrx_word' id='word_1_666' title='bbox 2855 4325 3081 4378; x_wconf 86' lang='lat' dir='ltr'><strong>voluerit</strong></span> <span class='ocrx_word' id='word_1_667' title='bbox 3128 4332 3180 4389; x_wconf 90' lang='lat' dir='ltr'><strong>et</strong></span> <span class='ocrx_word' id='word_1_668' title='bbox 3231 4338 3450 4377; x_wconf 75' lang='lat' dir='ltr'><strong>necesse</strong></span> <span class='ocrx_word' id='word_1_669' title='bbox 3482 4322 3671 4385; x_wconf 91' lang='lat' dir='ltr'><strong>fuerit,</strong></span> 
     </span>
    </p>
   </div>
   <div class='ocr_carea' id='block_1_87' title="bbox 2087 4414 3674 4486">
    <p class='ocr_par' dir='ltr' id='par_1_87' title="bbox 2087 4414 3674 4486">
     <span class='ocr_line' id='line_1_87' title="bbox 2087 4414 3674 4486; baseline -0.006 -13"><span class='ocrx_word' id='word_1_670' title='bbox 2087 4420 2315 4473; x_wconf 80' lang='lat' dir='ltr'><strong>induciae</strong></span> <span class='ocrx_word' id='word_1_671' title='bbox 2343 4419 2391 4472; x_wconf 89' lang='lat' dir='ltr'><strong>ei</strong></span> <span class='ocrx_word' id='word_1_672' title='bbox 2432 4417 2631 4486; x_wconf 90' lang='lat' dir='ltr'><strong>petenti</strong></span> <span class='ocrx_word' id='word_1_673' title='bbox 2660 4435 2685 4471; x_wconf 87' lang='lat' dir='ltr'><strong>a</strong></span> <span class='ocrx_word' id='word_1_674' title='bbox 2722 4416 2963 4486; x_wconf 74' lang='lat' dir='ltr'><strong>patribus</strong></span> <span class='ocrx_word' id='word_1_675' title='bbox 2991 4417 3318 4479; x_wconf 62' lang='lat' dir='ltr'><strong>constitutae,</strong></span> <span class='ocrx_word' id='word_1_676' title='bbox 3348 4414 3548 4482; x_wconf 85' lang='lat' dir='ltr'><strong>absque</strong></span> <span class='ocrx_word' id='word_1_677' title='bbox 3580 4414 3674 4465; x_wconf 85' lang='lat' dir='ltr'><strong>int-</strong></span> 
     </span>
    </p>
   </div>
   <div class='ocr_carea' id='block_1_88' title="bbox 2089 4505 3676 4580">
    <p class='ocr_par' dir='ltr' id='par_1_88' title="bbox 2089 4505 3676 4580">
     <span class='ocr_line' id='line_1_88' title="bbox 2089 4505 3676 4580; baseline -0.006 -15"><span class='ocrx_word' id='word_1_678' title='bbox 2089 4513 2398 4580; x_wconf 84' lang='lat' dir='ltr'><strong>pcdimento</strong></span> <span class='ocrx_word' id='word_1_679' title='bbox 2446 4509 2836 4574; x_wconf 86' lang='lat' dir='ltr'><strong>concedantur,</strong></span> <span class='ocrx_word' id='word_1_680' title='bbox 2873 4517 2924 4561; x_wconf 87' lang='lat' dir='ltr'><strong>et</strong></span> <span class='ocrx_word' id='word_1_681' title='bbox 2968 4506 3174 4576; x_wconf 79' lang='lat' dir='ltr'><strong>judiees</strong></span> <span class='ocrx_word' id='word_1_682' title='bbox 3221 4521 3248 4558; x_wconf 91' lang='lat' dir='ltr'><strong>a</strong></span> <span class='ocrx_word' id='word_1_683' title='bbox 3297 4521 3353 4559; x_wconf 88' lang='lat' dir='ltr'><strong>se</strong></span> <span class='ocrx_word' id='word_1_684' title='bbox 3399 4505 3551 4559; x_wconf 87' lang='lat' dir='ltr'><strong>electi</strong></span> <span class='ocrx_word' id='word_1_685' title='bbox 3587 4507 3676 4556; x_wconf 85' lang='lat' dir='ltr'><strong>Iri-</strong></span> 
     </span>
    </p>
   </div>
   <div class='ocr_carea' id='block_1_89' title="bbox 2084 4601 3676 4668">
    <p class='ocr_par' dir='ltr' id='par_1_89' title="bbox 2084 4601 3676 4668">
     <span class='ocr_line' id='line_1_89' title="bbox 2084 4601 3676 4668; baseline -0.007 -9"><span class='ocrx_word' id='word_1_686' title='bbox 2084 4605 2341 4668; x_wconf 88' lang='lat' dir='ltr'><strong>buantur,</strong></span> <span class='ocrx_word' id='word_1_687' title='bbox 2379 4613 2433 4656; x_wconf 94' lang='lat' dir='ltr'><strong>ut</strong></span> <span class='ocrx_word' id='word_1_688' title='bbox 2462 4601 2512 4655; x_wconf 91' lang='lat' dir='ltr'><strong>in</strong></span> <span class='ocrx_word' id='word_1_689' title='bbox 2559 4604 2675 4655; x_wconf 90' lang='lat' dir='ltr'><strong>loco</strong></span> <span class='ocrx_word' id='word_1_690' title='bbox 2707 4601 2849 4654; x_wconf 91' lang='lat' dir='ltr'><strong>unde</strong></span> <span class='ocrx_word' id='word_1_691' title='bbox 2881 4610 2962 4653; x_wconf 89' lang='lat' dir='ltr'><strong>est</strong></span> <span class='ocrx_word' id='word_1_692' title='bbox 3005 4601 3094 4653; x_wconf 90' lang='lat' dir='ltr'><strong>ille</strong></span> <span class='ocrx_word' id='word_1_693' title='bbox 3120 4601 3206 4667; x_wconf 87' lang='lat' dir='ltr'><strong>qui</strong></span> <span class='ocrx_word' id='word_1_694' title='bbox 3237 4607 3521 4652; x_wconf 90' lang='lat' dir='ltr'><strong>accusatur</strong></span> <span class='ocrx_word' id='word_1_695' title='bbox 3543 4637 3556 4660; x_wconf 91' lang='lat'><strong>,</strong></span> <span class='ocrx_word' id='word_1_696' title='bbox 3586 4602 3676 4648; x_wconf 87' lang='lat' dir='ltr'><strong>aut</strong></span> 
     </span>
    </p>
   </div>
   <div class='ocr_carea' id='block_1_90' title="bbox 378 4693 3677 4770">
    <p class='ocr_par' dir='ltr' id='par_1_90' title="bbox 378 4693 3677 4770">
     <span class='ocr_line' id='line_1_90' title="bbox 378 4693 3677 4770; baseline -0.004 -17"><span class='ocrx_word' id='word_1_697' title='bbox 378 4699 456 4770; x_wconf 83' lang='lat'><strong>(5,</strong></span> <span class='ocrx_word' id='word_1_698' title='bbox 488 4717 574 4769; x_wconf 85' lang='lat' dir='ltr'><strong>qu.</strong></span> <span class='ocrx_word' id='word_1_699' title='bbox 597 4697 655 4767; x_wconf 70' lang='lat'><strong>2)</strong></span> <span class='ocrx_word' id='word_1_700' title='bbox 675 4708 1020 4752; x_wconf 89' lang='lat' dir='ltr'><strong>accusatores</strong></span> <span class='ocrx_word' id='word_1_701' title='bbox 1041 4699 1423 4768; x_wconf 90' lang='lat' dir='ltr'><strong>episc0pornm</strong></span> <span class='ocrx_word' id='word_1_702' title='bbox 1445 4715 1564 4753; x_wconf 88' lang='lat' dir='ltr'><strong>eum</strong></span> <span class='ocrx_word' id='word_1_703' title='bbox 1588 4701 1669 4756; x_wconf 83' lang='lat' dir='ltr'><strong>eis</strong></span> <span class='ocrx_word' id='word_1_704' title='bbox 1695 4703 1978 4769; x_wconf 71' lang='lat' dir='ltr'><strong>pat-ilicare</strong></span> <span class='ocrx_word' id='word_1_705' title='bbox 2007 4703 2056 4762; x_wconf 86' lang='grc' dir='ltr'>υ</span> <span class='ocrx_word' id='word_1_706' title='bbox 2085 4699 2127 4751; x_wconf 89' lang='lat' dir='ltr'><strong>si</strong></span> <span class='ocrx_word' id='word_1_707' title='bbox 2175 4697 2304 4750; x_wconf 90' lang='lat' dir='ltr'><strong>alibi</strong></span> <span class='ocrx_word' id='word_1_708' title='bbox 2337 4695 2563 4763; x_wconf 82' lang='lat' dir='ltr'><strong>alicujus</strong></span> <span class='ocrx_word' id='word_1_709' title='bbox 2597 4693 2902 4748; x_wconf 59' lang='lat' dir='ltr'><strong>temerariae</strong></span> <span class='ocrx_word' id='word_1_710' title='bbox 2947 4693 3304 4745; x_wconf 80' lang='lat' dir='ltr'><strong>llllllllltltllllls</strong></span> <span class='ocrx_word' id='word_1_711' title='bbox 3345 4693 3446 4743; x_wconf 89' lang='lat' dir='ltr'><strong>vim</strong></span> <span class='ocrx_word' id='word_1_712' title='bbox 3479 4699 3677 4742; x_wconf 83' lang='lat' dir='ltr'><strong>metue-</strong></span> 
     </span>
    </p>
   </div>
   <div class='ocr_carea' id='block_1_91' title="bbox 380 4790 1978 4863">
    <p class='ocr_par' dir='ltr' id='par_1_91' title="bbox 380 4790 1978 4863">
     <span class='ocr_line' id='line_1_91' title="bbox 380 4790 1978 4863; baseline 0.004 -20"><span class='ocrx_word' id='word_1_713' title='bbox 380 4790 718 4845; x_wconf 88' lang='lat' dir='ltr'><strong>familiariter</strong></span> <span class='ocrx_word' id='word_1_714' title='bbox 757 4790 978 4844; x_wconf 90' lang='lat' dir='ltr'><strong>minime</strong></span> <span class='ocrx_word' id='word_1_715' title='bbox 1011 4792 1316 4860; x_wconf 86' lang='lat' dir='ltr'><strong>potuerint,</strong></span> <span class='ocrx_word' id='word_1_716' title='bbox 1339 4801 1446 4844; x_wconf 94' lang='lat' dir='ltr'><strong>tum</strong></span> <span class='ocrx_word' id='word_1_717' title='bbox 1471 4801 1714 4861; x_wconf 85' lang='lat' dir='ltr'><strong>tempore</strong></span> <span class='ocrx_word' id='word_1_718' title='bbox 1741 4794 1978 4863; x_wconf 79' lang='lat' dir='ltr'><strong>legitimo</strong></span> 
     </span>
    </p>
   </div>
   <div class='ocr_carea' id='block_1_92' title="bbox 380 4884 1978 4954">
    <p class='ocr_par' dir='ltr' id='par_1_92' title="bbox 380 4884 1978 4954">
     <span class='ocr_line' id='line_1_92' title="bbox 380 4884 1978 4954; baseline 0.001 -15"><span class='ocrx_word' id='word_1_719' title='bbox 380 4899 476 4939; x_wconf 83' lang='lat' dir='ltr'><strong>eos</strong></span> <span class='ocrx_word' id='word_1_720' title='bbox 499 4884 563 4939; x_wconf 91' lang='lat' dir='ltr'><strong>ad</strong></span> <span class='ocrx_word' id='word_1_721' title='bbox 596 4884 862 4954; x_wconf 88' lang='lat' dir='ltr'><strong>synodum</strong></span> <span class='ocrx_word' id='word_1_722' title='bbox 891 4885 1152 4938; x_wconf 88' lang='lat' dir='ltr'><strong>canonice</strong></span> <span class='ocrx_word' id='word_1_723' title='bbox 1175 4893 1523 4937; x_wconf 89' lang='lat' dir='ltr'><strong>convocatam</strong></span> <span class='ocrx_word' id='word_1_724' title='bbox 1543 4927 1555 4948; x_wconf 91' lang='lat'><strong>,</strong></span> <span class='ocrx_word' id='word_1_725' title='bbox 1583 4900 1687 4939; x_wconf 91' lang='lat' dir='ltr'><strong>non</strong></span> <span class='ocrx_word' id='word_1_726' title='bbox 1712 4886 1845 4940; x_wconf 87' lang='lat' dir='ltr'><strong>infra</strong></span> <span class='ocrx_word' id='word_1_727' title='bbox 1878 4903 1978 4940; x_wconf 87' lang='lat' dir='ltr'><strong>au-</strong></span> 
     </span>
    </p>
   </div>
   <div class='ocr_carea' id='block_1_93' title="bbox 375 4979 1978 5050">
    <p class='ocr_par' dir='ltr' id='par_1_93' title="bbox 375 4979 1978 5050">
     <span class='ocr_line' id='line_1_93' title="bbox 375 4979 1978 5050; baseline 0.004 -18"><span class='ocrx_word' id='word_1_728' title='bbox 375 4991 528 5050; x_wconf 80' lang='lat' dir='ltr'><strong>gusta</strong></span> <span class='ocrx_word' id='word_1_729' title='bbox 575 4988 855 5047; x_wconf 91' lang='lat' dir='ltr'><strong>tempora,</strong></span> <span class='ocrx_word' id='word_1_730' title='bbox 891 4979 1151 5032; x_wconf 84' lang='lat' dir='ltr'><strong>eanouicc</strong></span> <span class='ocrx_word' id='word_1_731' title='bbox 1198 4989 1534 5042; x_wconf 81' lang='lat' dir='ltr'><strong>convoccut,</strong></span> <span class='ocrx_word' id='word_1_732' title='bbox 1575 4991 1627 5035; x_wconf 82' lang='lat' dir='ltr'><strong>et</strong></span> <span class='ocrx_word' id='word_1_733' title='bbox 1677 4996 1783 5033; x_wconf 92' lang='lat' dir='ltr'><strong>non</strong></span> <span class='ocrx_word' id='word_1_734' title='bbox 1835 4984 1978 5050; x_wconf 88' lang='lat' dir='ltr'><strong>prius</strong></span> 
     </span>
    </p>
   </div>
   <div class='ocr_carea' id='block_1_94' title="bbox 380 5071 1976 5146">
    <p class='ocr_par' dir='ltr' id='par_1_94' title="bbox 380 5071 1976 5146">
     <span class='ocr_line' id='line_1_94' title="bbox 380 5071 1976 5146; baseline 0.003 -20"><span class='ocrx_word' id='word_1_735' title='bbox 380 5089 542 5146; x_wconf 88' lang='lat' dir='ltr'><strong>quam</strong></span> <span class='ocrx_word' id='word_1_736' title='bbox 572 5073 652 5126; x_wconf 86' lang='lat' dir='ltr'><strong>eis</strong></span> <span class='ocrx_word' id='word_1_737' title='bbox 689 5086 784 5140; x_wconf 90' lang='lat' dir='ltr'><strong>per</strong></span> <span class='ocrx_word' id='word_1_738' title='bbox 817 5071 1018 5138; x_wconf 89' lang='lat' dir='ltr'><strong>scripta</strong></span> <span class='ocrx_word' id='word_1_739' title='bbox 1050 5071 1350 5142; x_wconf 80' lang='lat' dir='ltr'><strong>significent</strong></span> <span class='ocrx_word' id='word_1_740' title='bbox 1382 5071 1507 5141; x_wconf 90' lang='lat' dir='ltr'><strong>quid</strong></span> <span class='ocrx_word' id='word_1_741' title='bbox 1539 5075 1616 5129; x_wconf 87' lang='lat' dir='ltr'><strong>eis</strong></span> <span class='ocrx_word' id='word_1_742' title='bbox 1645 5078 1937 5144; x_wconf 87' lang='lat' dir='ltr'><strong>opponitur</strong></span> <span class='ocrx_word' id='word_1_743' title='bbox 1963 5123 1976 5144; x_wconf 92' lang='lat'><strong>,</strong></span> 
     </span>
    </p>
   </div>
   <div class='ocr_carea' id='block_1_95' title="bbox 380 5164 1978 5233">
    <p class='ocr_par' dir='ltr' id='par_1_95' title="bbox 380 5164 1978 5233">
     <span class='ocr_line' id='line_1_95' title="bbox 380 5164 1978 5233; baseline 0.004 -15"><span class='ocrx_word' id='word_1_744' title='bbox 380 5179 435 5220; x_wconf 92' lang='lat' dir='ltr'><strong>ut</strong></span> <span class='ocrx_word' id='word_1_745' title='bbox 460 5166 527 5220; x_wconf 88' lang='lat' dir='ltr'><strong>ad</strong></span> <span class='ocrx_word' id='word_1_746' title='bbox 560 5164 969 5232; x_wconf 88' lang='lat' dir='ltr'><strong>responsionem</strong></span> <span class='ocrx_word' id='word_1_747' title='bbox 1003 5165 1290 5233; x_wconf 71' lang='lat' dir='ltr'><strong>prmparati</strong></span> <span class='ocrx_word' id='word_1_748' title='bbox 1320 5165 1626 5219; x_wconf 85' lang='lat' dir='ltr'><strong>adveniant.</strong></span> <span class='ocrx_word' id='word_1_749' title='bbox 1655 5165 1788 5219; x_wconf 76' lang='lat' dir='ltr'><strong>Nam</strong></span> <span class='ocrx_word' id='word_1_750' title='bbox 1819 5169 1862 5221; x_wconf 91' lang='lat' dir='ltr'><strong>si</strong></span> <span class='ocrx_word' id='word_1_751' title='bbox 1889 5181 1978 5226; x_wconf 89' lang='lat' dir='ltr'><strong>aut</strong></span> 
     </span>
    </p>
   </div>
   <div class='ocr_carea' id='block_1_96' title="bbox 380 5256 1980 5330">
    <p class='ocr_par' dir='ltr' id='par_1_96' title="bbox 380 5256 1980 5330">
     <span class='ocr_line' id='line_1_96' title="bbox 380 5256 1980 5330; baseline 0.002 -16"><span class='ocrx_word' id='word_1_752' title='bbox 380 5263 428 5314; x_wconf 89' lang='lat' dir='ltr'><strong>vi</strong></span> <span class='ocrx_word' id='word_1_753' title='bbox 463 5259 700 5330; x_wconf 84' lang='lat' dir='ltr'><strong>(Concil.</strong></span> <span class='ocrx_word' id='word_1_754' title='bbox 749 5256 970 5311; x_wconf 81' lang='lat' dir='ltr'><strong>Roman.</strong></span> <span class='ocrx_word' id='word_1_755' title='bbox 1008 5274 1069 5322; x_wconf 84' lang='grc' dir='ltr'><strong>ν,</strong></span> <span class='ocrx_word' id='word_1_756' title='bbox 1101 5257 1190 5309; x_wconf 82' lang='lat' dir='ltr'><strong>sub</strong></span> <span class='ocrx_word' id='word_1_757' title='bbox 1244 5257 1605 5330; x_wconf 80' lang='lat' dir='ltr'><strong>Symmacho),</strong></span> <span class='ocrx_word' id='word_1_758' title='bbox 1648 5267 1742 5313; x_wconf 86' lang='lat' dir='ltr'><strong>aut</strong></span> <span class='ocrx_word' id='word_1_759' title='bbox 1788 5260 1980 5318; x_wconf 88' lang='lat' dir='ltr'><strong>timore</strong></span> 
     </span>
    </p>
   </div>
   <div class='ocr_carea' id='block_1_97' title="bbox 375 5350 1981 5424">
    <p class='ocr_par' dir='ltr' id='par_1_97' title="bbox 375 5350 1981 5424">
     <span class='ocr_line' id='line_1_97' title="bbox 375 5350 1981 5424; baseline 0.002 -16"><span class='ocrx_word' id='word_1_760' title='bbox 375 5354 557 5424; x_wconf 91' lang='lat' dir='ltr'><strong>ejecti,</strong></span> <span class='ocrx_word' id='word_1_761' title='bbox 583 5361 675 5406; x_wconf 89' lang='lat' dir='ltr'><strong>aut</strong></span> <span class='ocrx_word' id='word_1_762' title='bbox 696 5353 808 5405; x_wconf 89' lang='lat' dir='ltr'><strong>suis</strong></span> <span class='ocrx_word' id='word_1_763' title='bbox 839 5350 997 5405; x_wconf 87' lang='lat' dir='ltr'><strong>rebus</strong></span> <span class='ocrx_word' id='word_1_764' title='bbox 1027 5352 1310 5423; x_wconf 84' lang='lat' dir='ltr'><strong>exspoliati</strong></span> <span class='ocrx_word' id='word_1_765' title='bbox 1345 5351 1560 5420; x_wconf 88' lang='lat' dir='ltr'><strong>fuerint,</strong></span> <span class='ocrx_word' id='word_1_766' title='bbox 1593 5369 1691 5408; x_wconf 90' lang='lat' dir='ltr'><strong>nec</strong></span> <span class='ocrx_word' id='word_1_767' title='bbox 1720 5357 1981 5412; x_wconf 90' lang='lat' dir='ltr'><strong>canonice</strong></span> 
     </span>
    </p>
   </div>
   <div class='ocr_carea' id='block_1_98' title="bbox 379 5443 1975 5515">
    <p class='ocr_par' dir='ltr' id='par_1_98' title="bbox 379 5443 1975 5515">
     <span class='ocr_line' id='line_1_98' title="bbox 379 5443 1975 5515; baseline -0.001 -11"><span class='ocrx_word' id='word_1_768' title='bbox 379 5447 592 5504; x_wconf 87' lang='lat' dir='ltr'><strong>evocari</strong></span> <span class='ocrx_word' id='word_1_769' title='bbox 621 5445 687 5498; x_wconf 90' lang='lat' dir='ltr'><strong>ad</strong></span> <span class='ocrx_word' id='word_1_770' title='bbox 715 5443 980 5514; x_wconf 84' lang='lat' dir='ltr'><strong>synodum</strong></span> <span class='ocrx_word' id='word_1_771' title='bbox 1015 5453 1239 5514; x_wconf 63' lang='lat' dir='ltr'><strong>possunt</strong></span> <span class='ocrx_word' id='word_1_772' title='bbox 1264 5485 1279 5511; x_wconf 94' lang='lat'><strong>,</strong></span> <span class='ocrx_word' id='word_1_773' title='bbox 1312 5459 1410 5500; x_wconf 90' lang='lat' dir='ltr'><strong>nec</strong></span> <span class='ocrx_word' id='word_1_774' title='bbox 1441 5447 1775 5515; x_wconf 86' lang='lat' dir='ltr'><strong>respondere</strong></span> <span class='ocrx_word' id='word_1_775' title='bbox 1808 5463 1975 5502; x_wconf 70' lang='lat' dir='ltr'><strong>temu-</strong></span> 
     </span>
    </p>
   </div>
   <div class='ocr_carea' id='block_1_99' title="bbox 381 5538 1978 5608">
    <p class='ocr_par' dir='ltr' id='par_1_99' title="bbox 381 5538 1978 5608">
     <span class='ocr_line' id='line_1_99' title="bbox 381 5538 1978 5608; baseline 0.001 -14"><span class='ocrx_word' id='word_1_776' title='bbox 381 5542 447 5596; x_wconf 89' lang='lat' dir='ltr'><strong>lis</strong></span> <span class='ocrx_word' id='word_1_777' title='bbox 477 5540 698 5604; x_wconf 89' lang='lat' dir='ltr'><strong>debent,</strong></span> <span class='ocrx_word' id='word_1_778' title='bbox 739 5547 1026 5608; x_wconf 89' lang='lat' dir='ltr'><strong>antequam</strong></span> <span class='ocrx_word' id='word_1_779' title='bbox 1071 5538 1334 5594; x_wconf 88' lang='lat' dir='ltr'><strong>canonice</strong></span> <span class='ocrx_word' id='word_1_780' title='bbox 1365 5540 1752 5608; x_wconf 85' lang='lat' dir='ltr'><strong>restituantur,</strong></span> <span class='ocrx_word' id='word_1_781' title='bbox 1786 5549 1841 5594; x_wconf 92' lang='lat' dir='ltr'><strong>et</strong></span> <span class='ocrx_word' id='word_1_782' title='bbox 1884 5555 1978 5596; x_wconf 73' lang='lat' dir='ltr'><strong>sua</strong></span> 
     </span>
    </p>
   </div>
   <div class='ocr_carea' id='block_1_100' title="bbox 378 5629 1292 5703">
    <p class='ocr_par' dir='ltr' id='par_1_100' title="bbox 378 5629 1292 5703">
     <span class='ocr_line' id='line_1_100' title="bbox 378 5629 1292 5703; baseline -0.004 -13"><span class='ocrx_word' id='word_1_783' title='bbox 378 5635 458 5690; x_wconf 91' lang='lat' dir='ltr'><strong>eis</strong></span> <span class='ocrx_word' id='word_1_784' title='bbox 487 5634 665 5689; x_wconf 88' lang='lat' dir='ltr'><strong>omnia</strong></span> <span class='ocrx_word' id='word_1_785' title='bbox 698 5629 942 5703; x_wconf 78' lang='lat' dir='ltr'><strong>legaliter</strong></span> <span class='ocrx_word' id='word_1_786' title='bbox 976 5631 1292 5689; x_wconf 85' lang='lat' dir='ltr'><strong>reddantur.</strong></span> 
     </span>
    </p>
   </div>
   <div class='ocr_carea' id='block_1_101' title="bbox 455 5749 621 5807">
    <p class='ocr_par' dir='ltr' id='par_1_101' title="bbox 455 5749 621 5807">
     <span class='ocr_line' id='line_1_101' title="bbox 455 5749 621 5807; baseline 0.018 -3"><span class='ocrx_word' id='word_1_787' title='bbox 455 5753 471 5784; x_wconf 79' lang='grc'>⁸</span> <span class='ocrx_word' id='word_1_788' title='bbox 507 5749 621 5807; x_wconf 82' lang='lat' dir='ltr'><strong>Eis.</strong></span> 
     </span>
    </p>
   </div>
   <div class='ocr_carea' id='block_1_102' title="bbox 456 5820 666 5875">
    <p class='ocr_par' dir='ltr' id='par_1_102' title="bbox 456 5820 666 5875">
     <span class='ocr_line' id='line_1_102' title="bbox 456 5820 666 5875; baseline -0.01 0"><span class='ocrx_word' id='word_1_789' title='bbox 456 5823 476 5853; x_wconf 84' lang='grc'>¹</span> <span class='ocrx_word' id='word_1_790' title='bbox 499 5820 666 5875; x_wconf 88' lang='lat' dir='ltr'><strong>Tunc.</strong></span> 
     </span>
    </p>
   </div>
   <div class='ocr_carea' id='block_1_103' title="bbox 457 5891 1987 5973">
    <p class='ocr_par' dir='ltr' id='par_1_103' title="bbox 457 5891 1987 5973">
     <span class='ocr_line' id='line_1_103' title="bbox 457 5891 1987 5973; baseline 0.006 -27"><span class='ocrx_word' id='word_1_791' title='bbox 457 5891 476 5922; x_wconf 88' lang='grc'><strong><em>³</em></strong></span> <span class='ocrx_word' id='word_1_792' title='bbox 510 5891 897 5966; x_wconf 77' lang='lat' dir='ltr'><strong>Episcoporum</strong></span> <span class='ocrx_word' id='word_1_793' title='bbox 919 5893 1252 5968; x_wconf 64' lang='lat' dir='ltr'><strong>prapositum</strong></span> <span class='ocrx_word' id='word_1_794' title='bbox 1287 5909 1489 5968; x_wconf 77' lang='lat' dir='ltr'><strong>semper</strong></span> <span class='ocrx_word' id='word_1_795' title='bbox 1513 5897 1680 5970; x_wconf 79' lang='lat' dir='ltr'><strong>prima</strong></span> <span class='ocrx_word' id='word_1_796' title='bbox 1700 5900 1868 5973; x_wconf 78' lang='lat' dir='ltr'><strong>[route</strong></span> <span class='ocrx_word' id='word_1_797' title='bbox 1883 5897 1987 5955; x_wconf 49' lang='lat' dir='ltr'><strong>sola</strong></span> 
     </span>
    </p>
   </div>
   <div class='ocr_carea' id='block_1_104' title="bbox 2085 4785 3677 4859">
    <p class='ocr_par' dir='ltr' id='par_1_104' title="bbox 2085 4785 3677 4859">
     <span class='ocr_line' id='line_1_104' title="bbox 2085 4785 3677 4859; baseline -0.009 -12"><span class='ocrx_word' id='word_1_798' title='bbox 2085 4794 2173 4857; x_wconf 89' lang='lat' dir='ltr'><strong>rit,</strong></span> <span class='ocrx_word' id='word_1_799' title='bbox 2210 4793 2384 4846; x_wconf 86' lang='lat' dir='ltr'><strong>locum</strong></span> <span class='ocrx_word' id='word_1_800' title='bbox 2415 4790 2514 4844; x_wconf 88' lang='lat' dir='ltr'><strong>sibi</strong></span> <span class='ocrx_word' id='word_1_801' title='bbox 2559 4803 2858 4859; x_wconf 74' lang='lat' dir='ltr'><strong>COlIgl‘lllllll</strong></span> <span class='ocrx_word' id='word_1_802' title='bbox 2890 4787 3087 4855; x_wconf 80' lang='lat' dir='ltr'><strong>eligat,</strong></span> <span class='ocrx_word' id='word_1_803' title='bbox 3119 4802 3226 4854; x_wconf 90' lang='lat' dir='ltr'><strong>quo</strong></span> <span class='ocrx_word' id='word_1_804' title='bbox 3256 4786 3458 4854; x_wconf 86' lang='lat' dir='ltr'><strong>absque</strong></span> <span class='ocrx_word' id='word_1_805' title='bbox 3489 4785 3677 4836; x_wconf 55' lang='lat' dir='ltr'><strong>timore</strong></span> 
     </span>
    </p>
   </div>
   <div class='ocr_carea' id='block_1_105' title="bbox 2083 4872 3672 4949">
    <p class='ocr_par' dir='ltr' id='par_1_105' title="bbox 2083 4872 3672 4949">
     <span class='ocr_line' id='line_1_105' title="bbox 2083 4872 3672 4949; baseline -0.009 -10"><span class='ocrx_word' id='word_1_806' title='bbox 2083 4902 2231 4949; x_wconf 66' lang='lat' dir='ltr'><strong>suos,</strong></span> <span class='ocrx_word' id='word_1_807' title='bbox 2267 4885 2309 4936; x_wconf 91' lang='lat' dir='ltr'><strong>si</strong></span> <span class='ocrx_word' id='word_1_808' title='bbox 2346 4884 2642 4937; x_wconf 84' lang='lat' dir='ltr'><strong>necessitas</strong></span> <span class='ocrx_word' id='word_1_809' title='bbox 2672 4888 2978 4948; x_wconf 59' lang='lat' dir='ltr'><strong>eXpor-cerit</strong></span> <span class='ocrx_word' id='word_1_810' title='bbox 3010 4921 3021 4940; x_wconf 90' lang='lat'><strong>,</strong></span> <span class='ocrx_word' id='word_1_811' title='bbox 3055 4886 3220 4932; x_wconf 85' lang='lat' dir='ltr'><strong>testes</strong></span> <span class='ocrx_word' id='word_1_812' title='bbox 3246 4877 3442 4930; x_wconf 84' lang='lat' dir='ltr'><strong>habere</strong></span> <span class='ocrx_word' id='word_1_813' title='bbox 3483 4872 3672 4940; x_wconf 79' lang='lat' dir='ltr'><strong>(Cone.</strong></span> 
     </span>
    </p>
   </div>
   <div class='ocr_carea' id='block_1_106' title="bbox 2087 4967 3675 5051">
    <p class='ocr_par' dir='ltr' id='par_1_106' title="bbox 2087 4967 3675 5051">
     <span class='ocr_line' id='line_1_106' title="bbox 2087 4967 3675 5051; baseline -0.01 -17"><span class='ocrx_word' id='word_1_814' title='bbox 2087 4981 2252 5051; x_wconf 73' lang='lat' dir='ltr'><strong>Afric.</strong></span> <span class='ocrx_word' id='word_1_815' title='bbox 2284 4994 2332 5031; x_wconf 68' lang='grc' dir='ltr'><strong>(τ.</strong></span> <span class='ocrx_word' id='word_1_816' title='bbox 2365 4978 2479 5041; x_wconf 74' lang='lat'><strong>30),</strong></span> <span class='ocrx_word' id='word_1_817' title='bbox 2513 4987 2564 5031; x_wconf 89' lang='lat' dir='ltr'><strong>et</strong></span> <span class='ocrx_word' id='word_1_818' title='bbox 2596 4978 2796 5044; x_wconf 80' lang='lat' dir='ltr'><strong>ahSqne</strong></span> <span class='ocrx_word' id='word_1_819' title='bbox 2830 4972 3217 5041; x_wconf 81' lang='lat' dir='ltr'><strong>iIupediIIIento</strong></span> <span class='ocrx_word' id='word_1_820' title='bbox 3243 4985 3392 5024; x_wconf 79' lang='lat' dir='ltr'><strong>Suam</strong></span> <span class='ocrx_word' id='word_1_821' title='bbox 3425 4967 3675 5020; x_wconf 83' lang='lat' dir='ltr'><strong>canonice</strong></span> 
     </span>
    </p>
   </div>
   <div class='ocr_carea' id='block_1_107' title="bbox 2085 5061 3675 5136">
    <p class='ocr_par' dir='ltr' id='par_1_107' title="bbox 2085 5061 3675 5136">
     <span class='ocr_line' id='line_1_107' title="bbox 2085 5061 3675 5136; baseline -0.01 -8"><span class='ocrx_word' id='word_1_822' title='bbox 2085 5074 2408 5128; x_wconf 90' lang='lat' dir='ltr'><strong>sententiam</strong></span> <span class='ocrx_word' id='word_1_823' title='bbox 2450 5071 2605 5124; x_wconf 86' lang='lat' dir='ltr'><strong>finire</strong></span> <span class='ocrx_word' id='word_1_824' title='bbox 2637 5071 2842 5129; x_wconf 85' lang='lat' dir='ltr'><strong>valeat,</strong></span> <span class='ocrx_word' id='word_1_825' title='bbox 2877 5067 2997 5136; x_wconf 88' lang='lat' dir='ltr'><strong>quia</strong></span> <span class='ocrx_word' id='word_1_826' title='bbox 3039 5066 3204 5120; x_wconf 89' lang='lat' dir='ltr'><strong>multa</strong></span> <span class='ocrx_word' id='word_1_827' title='bbox 3249 5080 3344 5134; x_wconf 91' lang='lat' dir='ltr'><strong>per</strong></span> <span class='ocrx_word' id='word_1_828' title='bbox 3382 5061 3675 5128; x_wconf 79' lang='lat' dir='ltr'><strong>subreptio~</strong></span> 
     </span>
    </p>
   </div>
   <div class='ocr_carea' id='block_1_108' title="bbox 2089 5164 2682 5221">
    <p class='ocr_par' dir='ltr' id='par_1_108' title="bbox 2089 5164 2682 5221">
     <span class='ocr_line' id='line_1_108' title="bbox 2089 5164 2682 5221; baseline -0.005 0"><span class='ocrx_word' id='word_1_829' title='bbox 2089 5183 2210 5221; x_wconf 88' lang='lat' dir='ltr'><strong>nem</strong></span> <span class='ocrx_word' id='word_1_830' title='bbox 2242 5165 2458 5220; x_wconf 85' lang='lat' dir='ltr'><strong>evenire</strong></span> <span class='ocrx_word' id='word_1_831' title='bbox 2486 5164 2682 5218; x_wconf 88' lang='lat' dir='ltr'><strong>solent.</strong></span> 
     </span>
    </p>
   </div>
   <div class='ocr_carea' id='block_1_109' title="bbox 2160 5247 3675 5320">
    <p class='ocr_par' dir='ltr' id='par_1_109' title="bbox 2160 5247 3675 5320">
     <span class='ocr_line' id='line_1_109' title="bbox 2160 5247 3675 5320; baseline -0.009 -5"><span class='ocrx_word' id='word_1_832' title='bbox 2160 5260 2250 5315; x_wconf 82' lang='lat' dir='ltr'><strong>IX.</strong></span> <span class='ocrx_word' id='word_1_833' title='bbox 2297 5259 2364 5315; x_wconf 86' lang='lat' dir='ltr'><strong>Ut</strong></span> <span class='ocrx_word' id='word_1_834' title='bbox 2405 5259 2761 5320; x_wconf 81' lang='lat' dir='ltr'><strong>testificandi,</strong></span> <span class='ocrx_word' id='word_1_835' title='bbox 2794 5256 2879 5310; x_wconf 91' lang='lat' dir='ltr'><strong>vel</strong></span> <span class='ocrx_word' id='word_1_836' title='bbox 2923 5255 3208 5309; x_wconf 87' lang='lat' dir='ltr'><strong>accusandi</strong></span> <span class='ocrx_word' id='word_1_837' title='bbox 3262 5251 3477 5307; x_wconf 89' lang='lat' dir='ltr'><strong>licentia</strong></span> <span class='ocrx_word' id='word_1_838' title='bbox 3517 5247 3675 5302; x_wconf 86' lang='lat' dir='ltr'><strong>dene-</strong></span> 
     </span>
    </p>
   </div>
   <div class='ocr_carea' id='block_1_110' title="bbox 2085 5341 3675 5425">
    <p class='ocr_par' dir='ltr' id='par_1_110' title="bbox 2085 5341 3675 5425">
     <span class='ocr_line' id='line_1_110' title="bbox 2085 5341 3675 5425; baseline -0.009 -17"><span class='ocrx_word' id='word_1_839' title='bbox 2085 5364 2240 5425; x_wconf 82' lang='lat' dir='ltr'><strong>getur</strong></span> <span class='ocrx_word' id='word_1_840' title='bbox 2267 5354 2351 5406; x_wconf 90' lang='lat' dir='ltr'><strong>lus</strong></span> <span class='ocrx_word' id='word_1_841' title='bbox 2380 5353 2468 5421; x_wconf 92' lang='lat' dir='ltr'><strong>qui</strong></span> <span class='ocrx_word' id='word_1_842' title='bbox 2507 5353 2829 5408; x_wconf 65' lang='lat' dir='ltr'><strong>Christiaute</strong></span> <span class='ocrx_word' id='word_1_843' title='bbox 2860 5349 3135 5418; x_wconf 74' lang='lat' dir='ltr'><strong>religionis</strong></span> <span class='ocrx_word' id='word_1_844' title='bbox 3165 5356 3219 5402; x_wconf 91' lang='lat' dir='ltr'><strong>et</strong></span> <span class='ocrx_word' id='word_1_845' title='bbox 3247 5344 3477 5399; x_wconf 86' lang='lat' dir='ltr'><strong>nominis</strong></span> <span class='ocrx_word' id='word_1_846' title='bbox 3507 5341 3675 5411; x_wconf 76' lang='lat' dir='ltr'><strong>digni-</strong></span> 
     </span>
    </p>
   </div>
   <div class='ocr_carea' id='block_1_111' title="bbox 2083 5439 3675 5513">
    <p class='ocr_par' dir='ltr' id='par_1_111' title="bbox 2083 5439 3675 5513">
     <span class='ocr_line' id='line_1_111' title="bbox 2083 5439 3675 5513; baseline -0.006 -13"><span class='ocrx_word' id='word_1_847' title='bbox 2083 5454 2274 5507; x_wconf 82' lang='lat' dir='ltr'><strong>tatem,</strong></span> <span class='ocrx_word' id='word_1_848' title='bbox 2302 5455 2356 5499; x_wconf 91' lang='lat' dir='ltr'><strong>et</strong></span> <span class='ocrx_word' id='word_1_849' title='bbox 2391 5462 2500 5498; x_wconf 74' lang='lat' dir='ltr'><strong>sua:</strong></span> <span class='ocrx_word' id='word_1_850' title='bbox 2549 5445 2684 5513; x_wconf 78' lang='lat' dir='ltr'><strong>legis</strong></span> <span class='ocrx_word' id='word_1_851' title='bbox 2712 5442 2794 5496; x_wconf 82' lang='lat' dir='ltr'><strong>vel</strong></span> <span class='ocrx_word' id='word_1_852' title='bbox 2836 5442 2915 5494; x_wconf 91' lang='lat' dir='ltr'><strong>sui</strong></span> <span class='ocrx_word' id='word_1_853' title='bbox 2969 5439 3232 5511; x_wconf 90' lang='lat' dir='ltr'><strong>propositi</strong></span> <span class='ocrx_word' id='word_1_854' title='bbox 3270 5449 3547 5500; x_wconf 89' lang='lat' dir='ltr'><strong>normam,</strong></span> <span class='ocrx_word' id='word_1_855' title='bbox 3585 5444 3675 5490; x_wconf 88' lang='lat' dir='ltr'><strong>aut</strong></span> 
     </span>
    </p>
   </div>
   <div class='ocr_carea' id='block_1_112' title="bbox 2083 5527 3668 5611">
    <p class='ocr_par' dir='ltr' id='par_1_112' title="bbox 2083 5527 3668 5611">
     <span class='ocr_line' id='line_1_112' title="bbox 2083 5527 3668 5611; baseline -0.009 -15"><span class='ocrx_word' id='word_1_856' title='bbox 2083 5541 2402 5611; x_wconf 84' lang='lat' dir='ltr'><strong>regulariter</strong></span> <span class='ocrx_word' id='word_1_857' title='bbox 2453 5538 2744 5608; x_wconf 84' lang='lat' dir='ltr'><strong>prohibita,</strong></span> <span class='ocrx_word' id='word_1_858' title='bbox 2806 5533 3149 5606; x_wconf 78' lang='lat' dir='ltr'><strong>neglexerint</strong></span> <span class='ocrx_word' id='word_1_859' title='bbox 3189 5532 3444 5603; x_wconf 74' lang='lat' dir='ltr'><strong>(Anianus</strong></span> <span class='ocrx_word' id='word_1_860' title='bbox 3473 5529 3524 5581; x_wconf 83' lang='lat' dir='ltr'><strong>in</strong></span> <span class='ocrx_word' id='word_1_861' title='bbox 3564 5545 3608 5580; x_wconf 73' lang='grc' dir='ltr'><strong>τ.</strong></span> <span class='ocrx_word' id='word_1_862' title='bbox 3641 5527 3668 5581; x_wconf 79' lang='grc'><strong>1</strong></span> 
     </span>
    </p>
   </div>
   <div class='ocr_carea' id='block_1_113' title="bbox 2084 5629 2870 5698">
    <p class='ocr_par' dir='ltr' id='par_1_113' title="bbox 2084 5629 2870 5698">
     <span class='ocr_line' id='line_1_113' title="bbox 2084 5629 2870 5698; baseline -0.011 -8"><span class='ocrx_word' id='word_1_863' title='bbox 2084 5637 2164 5690; x_wconf 92' lang='lat' dir='ltr'><strong>tit.</strong></span> <span class='ocrx_word' id='word_1_864' title='bbox 2195 5635 2250 5698; x_wconf 88' lang='lat'><strong>7,</strong></span> <span class='ocrx_word' id='word_1_865' title='bbox 2281 5633 2312 5684; x_wconf 89' lang='grc' dir='ltr'><strong>Ι.</strong></span> <span class='ocrx_word' id='word_1_866' title='bbox 2350 5648 2435 5685; x_wconf 79' lang='lat' dir='ltr'><strong>xvr</strong></span> <span class='ocrx_word' id='word_1_867' title='bbox 2459 5631 2587 5687; x_wconf 80' lang='lat' dir='ltr'><strong>Cod.</strong></span> <span class='ocrx_word' id='word_1_868' title='bbox 2615 5629 2810 5683; x_wconf 83' lang='lat' dir='ltr'><strong>Theod.</strong></span> <span class='ocrx_word' id='word_1_869' title='bbox 2831 5629 2870 5697; x_wconf 91' lang='lat'><strong>).</strong></span> 
     </span>
    </p>
   </div>
   <div class='ocr_carea' id='block_1_114' title="bbox 2084 5739 3686 5819">
    <p class='ocr_par' dir='ltr' id='par_1_114' title="bbox 2084 5739 3686 5819">
     <span class='ocr_line' id='line_1_114' title="bbox 2084 5739 3686 5819; baseline -0.008 -14"><span class='ocrx_word' id='word_1_870' title='bbox 2084 5751 2282 5805; x_wconf 85' lang='lat' dir='ltr'><strong>licitum</strong></span> <span class='ocrx_word' id='word_1_871' title='bbox 2329 5767 2471 5813; x_wconf 82' lang='lat' dir='ltr'><strong>esse;</strong></span> <span class='ocrx_word' id='word_1_872' title='bbox 2511 5750 2588 5802; x_wconf 83' lang='lat' dir='ltr'><strong>vel</strong></span> <span class='ocrx_word' id='word_1_873' title='bbox 2636 5758 2867 5802; x_wconf 75' lang='lat' dir='ltr'><strong>sanctum</strong></span> <span class='ocrx_word' id='word_1_874' title='bbox 2911 5745 3228 5819; x_wconf 78' lang='lat' dir='ltr'><strong>prepositum</strong></span> <span class='ocrx_word' id='word_1_875' title='bbox 3269 5757 3464 5816; x_wconf 71' lang='lat' dir='ltr'><strong>semper</strong></span> <span class='ocrx_word' id='word_1_876' title='bbox 3515 5739 3686 5809; x_wconf 75' lang='lat' dir='ltr'><strong>prima</strong></span> 
     </span>
    </p>
   </div>
   <div class='ocr_carea' id='block_1_115' title="bbox 2088 5823 3420 5893">
    <p class='ocr_par' dir='ltr' id='par_1_115' title="bbox 2088 5823 3420 5893">
     <span class='ocr_line' id='line_1_115' title="bbox 2088 5823 3420 5893; baseline -0.002 -14"><span class='ocrx_word' id='word_1_877' title='bbox 2088 5825 2256 5893; x_wconf 75' lang='lat' dir='ltr'><strong>fronte</strong></span> <span class='ocrx_word' id='word_1_878' title='bbox 2286 5823 2537 5877; x_wconf 62' lang='lat' dir='ltr'><strong>incedere.</strong></span> <span class='ocrx_word' id='word_1_879' title='bbox 3047 5891 3054 5893; x_wconf 95' lang='lat'>_</span> <span class='ocrx_word' id='word_1_880' title='bbox 3111 5890 3124 5893; x_wconf 94' lang='lat'>_</span> <span class='ocrx_word' id='word_1_881' title='bbox 3354 5884 3420 5893; x_wconf 81' lang='lat'><strong>___</strong></span> 
     </span>
    </p>
   </div>
   <div class='ocr_carea' id='block_1_116' title="bbox 2207 5885 3442 5956">
    <p class='ocr_par' dir='ltr' id='par_1_116' title="bbox 2207 5885 3442 5956">
     <span class='ocr_line' id='line_1_116' title="bbox 2207 5885 3442 5956; baseline -0.002 -6"><span class='ocrx_word' id='word_1_882' title='bbox 2207 5895 2224 5922; x_wconf 77' lang='lat'><strong>&#39;°</strong></span> <span class='ocrx_word' id='word_1_883' title='bbox 2257 5895 2321 5950; x_wconf 74' lang='lat' dir='ltr'><strong>LI</strong></span> <span class='ocrx_word' id='word_1_884' title='bbox 2348 5895 2488 5950; x_wconf 72' lang='lat' dir='ltr'><strong>idem</strong></span> <span class='ocrx_word' id='word_1_885' title='bbox 2516 5893 2743 5950; x_wconf 85' lang='lat' dir='ltr'><strong>habetur</strong></span> <span class='ocrx_word' id='word_1_886' title='bbox 2774 5894 2825 5948; x_wconf 94' lang='lat' dir='ltr'><strong>in</strong></span> <span class='ocrx_word' id='word_1_887' title='bbox 2857 5889 3250 5956; x_wconf 83' lang='lat' dir='ltr'><strong>decretisJulii,</strong></span> <span class='ocrx_word' id='word_1_888' title='bbox 3275 5901 3322 5944; x_wconf 75' lang='grc' dir='ltr'><strong>ε.</strong></span> <span class='ocrx_word' id='word_1_889' title='bbox 3353 5885 3442 5946; x_wconf 74' lang='grc'><strong>55.</strong></span> 
     </span>
    </p>
   </div>
  </div>
