3902 6434
365 400 440 456 23
1558 394 1875 451 SANCTUS
1917 393 1995 450 PE

2103 393 2120 449 ἱ
2163 393 2340 450 ΡΛΡΛ
2382 394 2446 450 ΙΙ.
3601 391 3670 448 24

375 514 500 568 huic
539 511 656 568 sedi
692 520 896 567 sanclze
942 510 1151 566 licitum
1194 508 1292 564 luit
1320 510 1339 581 )
1369 508 1691 579 conlugistis
1715 551 1730 575 ,
1761 509 1977 578 cognita
2006 510 2062 570 Α
2086 508 2207 564 dice
2229 510 2512 566 charitalis
2535 523 2686 564 suam
2711 509 3023 566 desiderent
3049 523 3301 580 promere
3326 511 3667 565 sententiain.

373 622 562 664 eorum
593 606 828 676 nequitia
860 604 1027 676 (Trip.
1053 620 1122 668 tv,
1155 602 1243 669 l5,
1276 620 1338 658 ea:
1365 603 1489 658 Soz.
1525 620 1602 669 ιιι,
1628 602 1702 674 7),
1727 610 1782 656 et
1803 611 1980 657 vestra
2090 603 2184 656 llis
2209 618 2338 674 ergo
2368 612 2474 657 tam
2503 603 2751 674 li-galiter
2775 602 2947 675 (Trip.
2978 619 3054 669 lx,
3092 605 3180 669 14,
3205 621 3268 658 ea:
3293 603 3486 659 Theod.
3515 619 3566 665 v.
3590 601 3671 672 9),

371 699 581 770 iustitia
613 739 626 762 ,
655 712 751 752 vos
793 698 844 751 in
874 697 1314 752 communionem
1338 697 1606 766 suscepit,
1643 706 1696 750 et
1742 695 1981 749 omnium
2088 710 2249 762 quam
2275 705 2328 748 et
2371 695 2634 750 canonice
2670 695 2914 764 prolatis,
2944 696 3108 750 etiam
3152 699 3391 750 omnium
3421 694 3676 750 Christia-

376 802 619 847 vestrum
653 805 839 844 curam
863 805 1082 859 gerens,
1117 799 1337 858 propter
1368 788 1514 842 sedis
1544 788 1780 855 propriae
1811 787 1986 858 digni-
2089 803 2282 840 norum
2329 789 2688 842 reverentiam
2738 787 3083 854 congaudere
3125 786 3490 855 deposcimus,
3521 786 3677 856 spiri-

385 893 575 949 talem,
604 898 730 936 suas
758 882 982 952 singulis
1025 881 1258 936 reddens
1299 881 1576 935 ecclesias.
1619 879 1987 934 Orientalibus

381 977 622 1046 scripsit,
649 975 874 1043 culpatis
896 990 1011 1035 eos.
1044 975 1186 1044 quod
1222 990 1326 1028 non
1369 984 1516 1028 recte
1553 983 1882 1029 tractassem
1909 975 1987 1027 vi-

381 1086 472 1125 ros
502 1071 859 1136 incnlpabiles
889 1070 957 1125 de
979 1071 1092 1124 suis
1119 1069 1365 1125 ecclesiis
1397 1072 1752 1139 expellentes,
1784 1081 1837 1124 et
1861 1085 1990 1124 con-

379 1167 562 1220 stituta
600 1165 802 1218 Nion-ni
839 1165 1052 1219 concilii
1084 1166 1307 1219 minime
1337 1176 1745 1219 conservantes.
1799 1164 1840 1218 Ε
1871 1164 1988 1233 qui-

383 1255 483 1309 bus
515 1257 580 1310 ad
606 1267 813 1311 certum
842 1256 986 1310 diem
1018 1257 1310 1311 nonnullos
1333 1258 1546 1311 sibimet
1569 1259 1760 1311 adesse
1789 1272 1994 1324 praece-

383 1350 496 1418 pit,
533 1358 590 1402 ιιι
612 1350 683 1404 de
710 1351 905 1404 lalilnts
937 1352 1452 1420 prtcsuioptionibus
1475 1362 1676 1404 certam
1704 1350 1997 1405 redderent

385 1445 678 1507 rationem,
712 1451 768 1497 et
801 1459 983 1496 coram
1013 1444 1093 1499 eis
1129 1445 1466 1506 ostenderet,
1493 1443 1699 1512 justum
1733 1458 1792 1497 se
1833 1458 1998 1511 super

384 1539 464 1591 cis
503 1537 796 1604 protulisse
828 1535 1130 1591 decretum.
1161 1535 1554 1590 Interminatus
1581 1547 1663 1590 est
1691 1537 1853 1590 etiam
1889 1550 1995 1589 non

385 1629 511 1682 talia
541 1626 800 1694 deinceps
829 1626 1024 1680 fratres
1051 1643 1170 1680 esse
1205 1642 1482 1696 passuros,
1515 1637 1570 1682 et
1592 1628 1689 1680 nisi
1719 1627 1786 1680 ab
1814 1625 1998 1695 hujus-

386 1721 530 1774 tuodi
592 1720 1106 1790 |ll'{l‘SumplilmibllS
1156 1733 1471 1786 cessarent,
1519 1737 1548 1775 a
1606 1721 1839 1792 propriis
1881 1738 2000 1776 esse

2092 880 2220 934 tuali
2253 880 2620 936 intercedente
2640 880 2940 936 dilectione
2969 891 3024 935 et
3043 881 3235 936 timore
3257 881 3554 945 dominico,
3583 894 3676 950 per

2091 991 2249 1044 quem
2293 974 2526 1028 humana
2576 985 2886 1029 removetur
2934 973 3183 1041 oll‘cnsio,
3225 987 3282 1029 et
3328 975 3676 1029 ecclesiarum

2094 1067 2379 1121 :mlilicatio
2409 1067 2740 1135 prmponitnr
2762 1066 3053 1132 universis,
3083 1075 3139 1118 ιιι
3162 1069 3330 1134 magis
3361 1068 3590 1120 ttniversi
3615 1066 3678 1120 ad

2096 1159 2512 1214 azdilicatiouem
2548 1159 2772 1213 fratrum
2805 1160 3073 1226 laborent,
3103 1176 3263 1226 quam
3294 1159 3358 1212 ad
3389 1159 3682 1214 damnatio-

2097 1269 2219 1308 nem
2245 1271 2257 1315 ;
2283 1256 2534 1323 quoniam
2559 1257 2634 1307 ait
2663 1255 2914 1308 dominus
2935 1273 2947 1307 :
2967 1253 3030 1308 In
3056 1260 3148 1308 hoc
3170 1267 3472 1324 cognoscent
3492 1271 3679 1319 omnes,

2096 1351 2219 1415 quia
2247 1348 2344 1400 mei
2371 1348 2490 1400 estis
2517 1347 2782 1419 discipuli,
2805 1349 2850 1401 si
2871 1349 3199 1402 dilectionem
3219 1348 3502 1402 habueritis
3530 1350 3596 1401 ad
3611 1350 3685 1402 in-

2097 1440 2256 1492 vicent
2289 1439 2470 1510 (Joan.
2507 1443 2652 1510 xm).
2681 1439 2798 1493 Jaut
2842 1441 2985 1495 enim
3034 1440 3261 1494 fortnam
3290 1439 3534 1494 dedimus
3560 1438 3689 1508 (Da-

2100 1549 2293 1598 masus,
2345 1532 2500 1600 epist.
2531 1533 2587 1600 2,
2614 1550 2676 1587 ea:
2707 1532 2852 1604 Trip.
2883 1550 2964 1598 lx,
2992 1534 3079 1598 l5;
3103 1549 3166 1586 ea:
3193 1532 3392 1587 Theod.
3423 1548 3475 1593 ν,
3505 1533 3615 1600 10),
3639 1542 3690 1586 et

2101 1639 2128 1677 a
2165 1625 2663 1694 pra‘deeeSSoribos
2704 1626 2902 1680 nostris
2933 1633 3109 1680 datam
3155 1640 3280 1681 esse
3317 1625 3689 1696 cognovimus,

2106 1726 2162 1770 nt
2191 1717 2234 1770 si
2267 1718 2388 1786 quis
2411 1733 2469 1772 se
2492 1720 2772 1788 agnoverit
2792 1718 3180 1785 Christianum,
3207 1718 3334 1772 illud
3360 1729 3532 1772 servet
3555 1718 3693 1787 quod

387 1812 650 1880 gradibus
681 1828 776 1866 eos
809 1827 1146 1867 recessuros.
1183 1813 1299 1867 Tali
1333 1814 1476 1868 enim
1509 1813 1666 1882 hujus
1696 1821 1895 1868 Sancta?
1919 1829 2005 1868 se-
2105 1808 2174 1861 ab
2228 1809 2494 1878 apostolis
2551 1811 2794 1865 noscitur
2845 1826 2966 1864 esse
3021 1810 3390 1864 contraditum
3419 1851 3432 1873 ,
3487 1810 3695 1864 dicente

387 1907 471 1961 dis
524 1908 808 1976 privilegio
857 1915 910 1959 tn
951 1916 1004 1960 et
1043 1905 1240 1960 fratres
1294 1906 1369 1959 tui
1417 1907 1662 1976 proprias
1713 1906 1998 1972 recepistis
2030 1903 2076 1961 B
2103 1901 2350 1967 apostolo
2393 1901 2561 1954 Paulo
2594 1921 2605 1955 :
2641 1902 2702 1955 Si
2742 1903 2856 1970 quis
2902 1901 3043 1955 vobis
3089 1903 3467 1956 annuntiaverit
3517 1912 3696 1972 preter

384 1999 668 2060 ecclesias,
693 2012 816 2051 cum
847 1997 1103 2052 omnibus
1133 1998 1236 2050 sibi
1276 1998 1700 2067 pertinentibus.
1733 1996 1826 2050 llis
1857 2001 2001 2050 enim
2109 1992 2248 2060 quod
2293 1995 2601 2062 accepistis,
2652 1995 2927 2047 auat/tenta
2979 1995 3044 2046 sit
3097 1992 3292 2064 (Colat.
3341 1996 3402 2064 t).
3455 1991 3699 2048 Christus

388 2107 441 2148 et
493 2093 617 2146 aliis
641 2107 800 2161 quam
835 2091 1087 2161 plurimis
1115 2091 1457 2145 documentis
1490 2093 1834 2145 manifestum
1873 2101 1954 2144 est
1989 2132 2003 2153 ,
2109 2087 2253 2138 enim
2287 2085 2378 2139 Dei
2412 2086 2573 2146 ﬁlius.
2609 2087 2864 2141 Dominus
2890 2091 3348 2150 noster,humano
3371 2089 3552 2158 generi
3578 2103 3698 2158 pro-

388 2187 602 2240 nullum
646 2186 932 2250 damnari,
981 2195 1074 2238 aut
1123 2187 1236 2238 suis
1265 2184 1556 2253 exspoliari
1604 2185 1763 2238 rebus
1807 2184 2008 2238 debere
2112 2177 2226 2244 pria
2275 2178 2527 2242 passione
2568 2179 2797 2233 Salutem
2841 2179 3213 2248 plenissimam
3263 2179 3606 2242 condonavit,
3645 2189 3701 2232 ιιι

387 2279 726 2347 episcopum,
762 2277 851 2345 qui
883 2277 1021 2328 hanc
1044 2285 1288 2328 sanctam
1322 2275 1507 2329 sedem
1543 2275 2000 2342 interpellaverit,
2113 2281 2212 2319 nos
2242 2266 2493 2320 liberaret
2523 2266 2700 2334 (Rom.
2737 2267 2874 2338 γιιι).
2910 2269 2974 2322 Et
3019 2269 3066 2321 si
3100 2268 3242 2322 Deus
3269 2269 3322 2322 in
3363 2276 3564 2323 tantum
3605 2283 3700 2322 nos

392 2378 486 2422 aut
524 2370 625 2423 sibi
655 2369 1074 2423 delensalrir-em
1107 2366 1423 2431 adsciverit,
1450 2367 1623 2420 donec
1650 2365 1911 2434 judicium
1939 2366 2007 2420 de
2110 2357 2318 2424 dilexit,
2355 2369 2409 2412 ιιι
2441 2359 2605 2414 etiam
2632 2359 2852 2430 proprio
2886 2361 2997 2414 lilio
3039 2376 3144 2413 non
3181 2370 3450 2430 parceret,
3485 2361 3578 2414 sed
3609 2374 3701 2428 pro

391 2479 458 2518 eo
485 2474 684 2515 nostra!
711 2462 1028 2531 apostolicae
1075 2461 1414 2514 auctoritatis
1440 2460 1624 2531 (.llart.
1653 2460 1946 2524 I,consess.
1972 2458 2007 2511 2
2113 2451 2268 2504 nobis
2314 2451 2564 2505 omnibus
2596 2453 2744 2505 illuni
2793 2451 3049 2513 traderet,
3089 2462 3144 2504 ut
3187 2465 3286 2506 nos
3316 2450 3609 2505 liberaret:
3644 2461 3700 2504 ιιι

391 2570 533 2606 conc.
580 2550 819 2619 Later.),
855 2551 956 2604 hoc
1009 2561 1110 2611 est,
1139 2552 1399 2620 principis
1448 2552 1815 2618 apostolorum
1861 2551 2008 2606 Petri
2111 2543 2238 2612 quid
2268 2559 2365 2597 nos
2394 2559 2498 2597 non
2530 2544 2807 2613 diligimus
2836 2547 3050 2608 lratres,
3084 2555 3175 2597 aut
3206 2559 3301 2597 eos
3329 2553 3534 2598 temere
3559 2542 3702 2612 judi-

389 2652 675 2710 agnoscat.
697 2643 824 2712 quia
851 2642 1196 2696 solummodo
1216 2642 1467 2696 Christus
1488 2641 1644 2696 Jesus
1665 2643 1789 2695 huic
1805 2652 2007 2695 sanctrc
2111 2651 2316 2694 camus.
2359 2653 2478 2692 cum
2511 2638 2800 2706 praedictus
2829 2638 2970 2692 dicat
3011 2639 3288 2706 apostolus
3319 2656 3332 2691 :
3362 2637 3535 2693 Nolite
3553 2640 3697 2710 judi-

391 2737 510 2790 scdi
542 2779 555 2800 ,
592 2736 641 2788 id
701 2745 782 2788 est
803 2777 817 2798 ,
849 2735 1164 2803 apostolica!
1189 2777 1203 2800 ,
1237 2736 1415 2788 lacere
1462 2735 1771 2796 commisit,
1822 2743 2007 2800 utpote
2113 2746 2231 2782 care
2259 2731 2493 2795 invicem,
2519 2733 2609 2785 sed
2640 2733 2736 2785 hoc
2762 2735 2927 2804 magis
2948 2735 3203 2804 judicule,
3233 2751 3296 2788 ne
3318 2736 3518 2802 ponatis
3541 2733 3702 2801 offen-

394 2830 654 2898 qttoniam
685 2830 836 2880 solus
862 2838 1023 2894 atque.
1058 2843 1165 2896 prie
1196 2826 1448 2880 omnibus
1473 2825 1729 2895 prtrfatus
1754 2827 2008 2895 princeps
2114 2822 2343 2876 diculum
2378 2827 2549 2894 fratri,
2581 2827 2659 2879 vel
2687 2827 2991 2880 scandalum
3016 2827 3192 2899 (Rom.
3223 2829 3357 2899 xrv).
3393 2827 3522 2883 Nam
3557 2829 3598 2882 si
3627 2828 3699 2882 illi

394 2920 766 2990 apostolorum
803 2919 1045 2973 creditus
1086 2929 1189 2984 est,
1222 2929 1384 2987 atque
1427 2919 1707 2988 percipere
1749 2921 1948 2972 meruit
1978 2935 2007 2973 a
2113 2916 2202 2984 qui
2243 2915 2438 2972 fratres
2488 2920 2736 2990 diligunt,
2795 2937 2862 2976 ex
2907 2923 3017 2976 Deo
3073 2923 3181 2977 nati
3235 2932 3378 2988 sunt,
3419 2933 3473 2978 et
3518 2923 3700 2979 vident

395 3029 524 3080 rege
592 3028 780 3080 regum
847 3011 1060 3065 Christo
1123 3010 1236 3065 Deo
1303 3011 1481 3065 claves
1540 3012 1688 3081 regni
1744 3011 2004 3065 caelorum
2113 3007 2283 3062 Deum
2321 3012 2488 3080 :quid
2536 3029 2666 3082 ergo
2708 3024 2866 3066 erunt
2895 3015 2989 3079 illi,
3019 3017 3108 3084 qui
3157 3030 3252 3070 eos
3283 3027 3696 3086 persequuntur,

404 3105 621 3173 (Matth.
650 3105 788 3174 xvi).
2111 3110 2165 3154 et
2210 3117 2305 3156 eos
2350 3103 2708 3168 detrahendo,
2759 3105 3140 3168 maehinamlo,
3175 3109 3497 3174 accusando,
3544 3107 3700 3161 inles-

467 3197 591 3252 XX.
637 3199 712 3253 De
778 3197 1010 3252 induciis
1059 3213 1186 3252 vero
1237 3197 1612 3268 episcoporum
1663 3196 1754 3268 (In
1803 3198 2001 3253 dect-et.
2113 3195 2294 3261 tando,
2327 3196 2585 3252 damnare
2635 3199 2968 3253 moliuntur?
3011 3200 3065 3255 Si
3117 3201 3190 3255 illi
3234 3200 3327 3255 lilii
3356 3201 3470 3266 Dei,
3517 3203 3698 3272 procul

395 3293 510 3349 lvo.
544 3293 632 3345 lib.
661 3292 940 3361 tv),super
968 3292 1162 3360 quibus
1187 3291 1555 3356 eousnluistis,
1585 3291 1832 3345 diversas
1860 3305 1887 3343 a
1919 3306 2011 3358 pa-
2039 3290 2082 3352 C
2115 3289 2277 3342 dubio
2310 3289 2361 3342 lti
2391 3290 2482 3344 lilii
2516 3301 2640 3346 sunt
2687 3293 2906 3359 diaboli,
2944 3295 3034 3363 qui
3079 3309 3317 3364 semper,
3345 3297 3472 3348 sicut
3494 3297 3573 3349 leo
3614 3313 3700 3349 rit-

401 3387 577 3442 trilms
601 3386 814 3456 regulas
847 3384 1154 3438 invenimus
1184 3382 1478 3436 institutas.
1509 3382 1738 3449 Quidam
1771 3382 1913 3435 enim
1941 3382 2006 3435 ad
2110 3382 2251 3449 giens
2275 3382 2479 3447 circuit,
2508 3401 2739 3452 qua’rens
2767 3402 2916 3454 quem
2942 3387 3146 3440 devoret
3171 3386 3211 3458 (Ι
3239 3386 3354 3441 Pet.
3390 3388 3471 3457 v),
3501 3391 3569 3441 ita
3595 3385 3699 3441 fra-

395 3480 709 3548 repellenda
745 3479 1117 3547 intpelitorutn
1153 3476 1605 3537 machinamenta,
1633 3485 1684 3529 et
1712 3489 1838 3529 Suos
1873 3490 2008 3540 prm-
2112 3480 2223 3524 tres
2254 3473 2625 3541 insequuntur,
2663 3484 2719 3528 ιιι
2751 3476 2998 3544 perdant.
3023 3478 3123 3546 Qui
3154 3494 3281 3532 vero
3311 3480 3562 3549 adjuvare
3591 3478 3697 3532 fra-

404 3571 672 3643 parandas
723 3570 1126 3640 responsiones,
1155 3578 1211 3622 et
1258 3577 1422 3626 testes
1475 3565 1881 3620 confirmandos
1904 3608 1916 3626 ,
1957 3573 2010 3616 et
2113 3572 2222 3616 tres
2256 3564 2548 3634 refugiunt.
2582 3569 2752 3638 majus
2783 3581 3128 3637 peccatorum
3152 3587 3290 3624 onus
3313 3573 3616 3642 acquirunt,
3645 3582 3699 3627 et

399 3667 624 3722 consilia
656 3666 1038 3733 episeoporum
1069 3673 1230 3729 atque
1255 3657 2008 3728 amicorumquzrreuda.an-
2110 3656 2460 3715 fraternitatis
2509 3663 2706 3716 solatio
2756 3664 2832 3718 rei
2865 3665 3152 3718 exsistunt.
3204 3664 3316 3731 Vw,
3361 3667 3530 3735 inquit
3578 3682 3701 3736 pro-

401 3777 528 3814 num
563 3769 655 3813 aut
684 3774 779 3813 sex
820 3758 1216 3811 mandaverunt
1247 3769 1462 3808 menses
1489 3752 1754 3815 concedi,
1788 3751 2004 3820 quidam
2111 3751 2290 3820 pltcta,
2339 3757 2424 3826 qui
2457 3767 2634 3824 potant
2675 3759 2764 3811 dat
2813 3761 2978 3812 amico
3028 3775 3145 3822 suo,
3198 3760 3400 3812 mittens
3440 3761 3508 3830 {el
3554 3776 3698 3813 suum

398 3865 579 3906 autem
626 3867 850 3908 anmnn.
908 3849 959 3902 in
1010 3865 1116 3918 que
1170 3847 1382 3915 plttritni
1432 3846 1784 3900 cenent-dant.
1835 3845 2008 3898 Minus
2113 3845 2292 3914 (Abac.
2325 3849 2410 3915 ιι).
2441 3848 2507 3902 Et
2550 3850 2743 3903 iterum
2795 3852 3232 3920 sapientissimus
3280 3851 3533 3905 Salomon
3577 3853 3696 3906 ait:

400 3959 531 3999 vero
563 3944 721 4014 (Vide
749 3960 893 3997 conc.
929 3942 1110 3998 Cat'tlt.
1136 3958 1214 4001 ιιι.
1248 3958 1363 4008 cap.
1393 3941 1444 4007 7)
1480 3955 1638 4006 quam
1669 3954 1764 3991 sex
1794 3952 2006 3992 menses
2111 3938 2366 4004 Quoniam
2414 3943 2500 4009 qui
2531 3943 2759 4011 loquitur
2804 3946 3000 4010 iniyua,
3053 3963 3153 3998 non
3197 3955 3358 4015 potest
3398 3946 3572 4010 latere,
3604 3960 3694 3998 nec

401 4055 507 4093 non
535 4041 545 4068 '
584 4040 779 4106 reperi,
810 4037 931 4107 quia
966 4048 1019 4090 et
1051 4037 1202 4089 laicis
1237 4037 1352 4088 ha-c
1383 4033 1588 4086 indulta
1632 4041 1777 4094 sunt,
1805 4043 2006 4100 quanto
2111 4035 2358 4101 μινιινιρνὶετ
2385 4036 2529 4088 illum
2562 4040 2841 4107 corripiens
2863 4039 3141 4108 judicium.
3171 4038 3234 4091 In
3262 4036 3682 4109 cogitationibusa

404 4134 574 4200 magis
607 4131 815 4184 Domini
845 4129 1253 4183 sacerdotibus!
1297 4126 1428 4180 Nam
1461 4135 1516 4180 et
1547 4143 1573 4177 a
1608 4124 1810 4179 nostris
1849 4134 2004 4177 anle-
2109 4129 2240 4180 enim
2265 4131 2761 4201 impiiinterrogatio
2791 4134 2883 4186 erit
2917 4150 3248 4186 :sermonunt
3272 4142 3440 4186 autent
3465 4133 3603 4186 illius
3629 4133 3696 4184 ad

402 4226 733 4289 cessoribns,
762 4234 922 4292 atque
960 4223 1182 4289 reliquis
1215 4221 1418 4273 sanctis
1462 4219 1699 4287 patribus
1734 4217 2006 4271 mttltolics
2111 4219 2272 4271 Deum
2305 4225 2556 4289 perveniet
2597 4226 2822 4286 auditio,
2863 4226 2932 4278 ad
2962 4227 3332 4296 correptioncm
3379 4226 3695 4296 iniquitatunt

403 4318 688 4371 inhibitum
714 4327 814 4380 est,
847 4333 912 4370 ne
945 4318 1063 4384 quis
1091 4313 1300 4368 Domini
1329 4312 1705 4366 sacerdotibus
1737 4309 2004 4363 delracta-
2107 4314 2247 4366 illius
2278 4331 2295 4366 .'
2324 4318 2564 4383 quoniam
2615 4320 2760 4372 auris
2803 4321 2900 4372 zeli
2947 4321 3090 4374 audit
3140 4321 3331 4381 omnia,
3373 4329 3418 4371 et
3449 4317 3694 4371 tumultus

403 4409 577 4462 tiones
628 4410 862 4477 irroget;
892 4417 1094 4476 quanto
1125 4407 1294 4474 magis
1345 4406 1718 4458 accusationes
1739 4445 1751 4461 ,
1783 4419 1886 4455 non
1939 4419 2001 4456 ev
2108 4411 2537 4461 murmurantium
2562 4427 2663 4464 non
2692 4411 3030 4466 abscondctur
3055 4413 3210 4484 (Sap.
3239 4411 3298 4480 t).
3328 4411 3450 4465 lltec
3479 4410 3616 4464 enim
3645 4408 3687 4461 Si

403 4501 588 4555 radice
606 4502 886 4554 charitatis
904 4500 1182 4564 prolatas“!
1216 4497 1510 4563 Quicscite,
1537 4495 1804 4565 inquiunt,
1829 4502 1883 4547 et
1910 4511 2004 4547 no-
2108 4499 2354 4566 amplecti
2390 4502 2690 4555 Voluissent
2717 4507 2936 4573 proprio
2967 4515 3020 4558 et
3056 4519 3188 4557 sano
3214 4520 3394 4567 sensu,
3424 4504 3486 4556 ad
3511 4515 3692 4571 repro-

395 4595 488 4647 lile
522 4595 767 4662 [tersi-qui
795 4608 888 4647 eos
915 4634 929 4656 ,
963 4592 1052 4659 qui
1084 4591 1322 4660 perfecte
1354 4591 1463 4642 Deo
1494 4589 1838 4649 ministrant,
1869 4604 2004 4656 quo-
2111 4590 2232 4642 bum
2265 4592 2488 4648 minime
2536 4595 2865 4659 laberentur,
2911 4597 3004 4651 sed
3040 4614 3133 4666 per
3169 4598 3258 4651 Dei
3297 4597 3540 4652 timorem
3585 4608 3692 4652 ser-

397 4704 518 4742 rutn
560 4686 898 4741 orationibus
929 4697 980 4738 et
1016 4694 1229 4736 terrena
1266 4684 1404 4736 bella
1436 4684 1728 4740 sedantur.
1763 4690 1816 4734 rt
1856 4696 2006 4735 recc-
2036 4679 2080 4737 D
2112 4699 2328 4739 monum
2358 4703 2578 4741 suorum
2605 4700 2976 4757 pratcaveutes
3005 4690 3327 4751 Custodiam.
3364 4689 3505 4759 piam
3538 4702 3691 4741 sanc-

397 4781 638 4835 (lenlium
665 4798 692 4832 ιι
727 4779 835 4832 Deo
863 4779 1178 4846 angelorum
1214 4777 1486 4846 pelluntur
1509 4776 1778 4834 incursus,
1805 4774 2004 4843 quique

399 4891 588 4930 omnes
622 4874 932 4938 dminones,
958 4873 1048 4940 qui
1077 4872 1315 4938 corrupti
1343 4879 1496 4931 sunt,
1531 4884 1750 4938 precum
1775 4867 2003 4920 aSsidui-

403 4982 510 5024 tale
537 4967 871 5022 confundunt
905 4965 921 5035 (
959 4963 1103 5031 Trip.
1128 4980 1233 5025 vn,
1265 4964 1346 5034 9).
1378 4962 1606 5017 Induria:
1636 4977 1865 5030 namque
1893 4977 2000 5014 non

399 5064 500 5117 sub
545 5071 770 5129 angusto
811 5070 1053 5124 tempore
1077 5100 1090 5119 ,
1126 5056 1220 5109 sed
1273 5057 1371 5109 salt
1401 5057 1560 5124 longo
1598 5055 1774 5123 spatio
1810 5070 2004 5108 concc—

405 5157 596 5212 dcndm
627 5165 773 5219 sunt,
810 5162 866 5206 ιιι
897 5154 1134 5204 accusati
1159 5168 1218 5204 se
1252 5165 1551 5219 przeparare
1576 5191 1590 5213 ,
1623 5158 1675 5201 et
1718 5148 1999 5201 universos

395 5251 888 5304 communicatores
921 5247 970 5299 iti
1002 5246 1293 5316 provinciis
1319 5246 1523 5312 pesitOs
1555 5242 1866 5304 convenire,
1894 5251 1999 5294 les-

395 5355 477 5398 tes
508 5357 835 5412 praeparare,
865 5351 1023 5410 atque
1052 5348 1240 5394 contra
1273 5338 1618 5392 insidiatores
1657 5351 1715 5390 se
1765 5336 1998 5405 pleniter

396 5451 607 5490 armare
636 5436 871 5489 valeant.

476 5528 613 5582 XXI.
657 5528 878 5582 Judices
924 5527 1068 5581 enim
1116 5537 1168 5580 et
1213 5535 1558 5579 accusatores
1597 5537 1718 5578 csse
1775 5520 1992 5583 debent,

394 5623 484 5690 qui
523 5621 668 5673 otttui
703 5628 923 5674 careant
964 5621 1271 5689 Suspicione
1301 5617 1521 5688 (Hadr.,
1554 5617 1669 5685 15).
1711 5624 1766 5669 et
1796 5628 1866 5667 ex
1899 5627 1985 5667 ra-

472 5762 482 5788 l
515 5761 669 5788 -.ιρέῆέ

469 5833 486 5859 ⁴²
510 5777 752 5898 ἒῖῖπζῖεἰῖη
783 5832 1048 5903 principio
1079 5834 1236 5902 hujus
1266 5830 1382 5888 dcc.
1411 5831 1499 5887 ubi
1527 5831 1792 5900 allegatur
1815 5827 1984 5889 Nican-

397 5917 518 5954 nttnt
549 5904 858 5956 concilium.

2107 4783 2281 4826 torum
2313 4776 2526 4831 Patrum
2558 4779 2931 4835 deﬁnitionem
2977 4782 3097 4836 sine
3123 4780 3350 4850 quadam
3386 4777 3689 4834 nocumenti

2107 4869 2526 4934 prmsumptioue
2577 4874 2762 4942 utique
2806 4885 3192 4927 eonservztrent
3229 4891 3240 4926 :
3275 4871 3528 4943 quoniam
3566 4870 3691 4923 dicit

2104 4974 2316 5014 sacrum
2348 4964 2624 5033 eloquium
2655 4985 2668 5021 :
2699 4966 2984 5020 Consilium
3010 4967 3194 5019 bonum
3213 4965 3529 5020 conservabit
3551 4973 3616 5024 te,
3645 4971 3690 5016 et

2106 5069 2245 5106 mens
2275 5056 2406 5122 bona
2435 5058 2686 5114 custodiet
2717 5071 2765 5114 te
2787 5059 2974 5132 (Prov.
3012 5061 3092 5132 ιι).
3121 5060 3234 5115 Non
3265 5062 3408 5115 enim
3441 5058 3506 5112 de
3535 5057 3690 5112 fonti-

2107 5146 2204 5200 bus
2236 5148 2478 5216 (Maurus
2511 5153 2768 5220 Ccesenas,
2801 5173 2881 5226 ep.
2913 5155 2966 5208 in
2997 5155 3173 5209 eodem
3202 5153 3374 5226 conc.)
3404 5152 3689 5208 salutiferis

2105 5241 2461 5308 spiritualiter
2501 5246 2566 5299 ad
2613 5248 3032 5317 arquisitionem
3079 5259 3300 5302 :rternte
3340 5248 3462 5300 vitae
3501 5259 3687 5314 proce.

2103 5337 2236 5390 dttnt
2271 5340 2404 5394 tales
2447 5346 2826 5398 accusationes
2857 5355 2911 5399 et
2942 5345 3328 5409 detractiones,
3374 5351 3531 5410 atque
3573 5341 3689 5396 ideo

2101 5443 2473 5502 competenter
2507 5453 2604 5492 nos
2631 5439 2690 5492 Β.
2720 5438 2918 5492 Paulos
2948 5439 3268 5501 admonens,
3302 5439 3376 5493 ait
3411 5455 3422 5489 :
3458 5435 3574 5490 Non
3603 5437 3688 5490 de-

2101 5523 2214 5578 bere
2244 5529 2361 5598 plus
2389 5549 2590 5597 sapere,
2622 5550 2774 5602 quam
2821 5544 3018 5605 Oportet
3045 5550 3246 5601 sapere,
3289 5535 3378 5586 sed
3408 5548 3581 5600 sapere
3622 5532 3687 5584 ad

2101 5620 2424 5678 sobrietatem
2455 5625 2629 5695 (Rom.
2662 5627 2781 5700 xu).
2814 5628 2872 5684 ln
2901 5629 3215 5684 delinitione
3253 5629 3466 5700 pietatis
3492 5627 3684 5697 perdu-

2171 5756 2190 5784 ³
2229 5757 2522 5820 Deitsdcdit
2576 5765 3128 5823 Calaritanuscons.
3180 5765 3216 5821 9.
3285 5779 3438 5821 conc.
3507 5763 3679 5820 Later.

2095 5845 2181 5885 an.
2218 5830 2342 5885 649.
