3902 6420
246 395 315 453 95
1472 399 1831 459 01115101Αο
1871 402 1961 460 ET
2001 402 2341 459 DECRETA.
3464 404 3539 460 26

248 526 444 569 remus.
477 513 579 583 Qui
610 513 756 570 enim
798 513 939 570 hanc
969 522 1319 585 prmtercunt,
1360 530 1465 570 non
1500 527 1704 571 tantum
1736 519 1835 587 ipsi
1863 522 1917 582 Α
1945 538 2036 574 nec
2061 522 2079 550 ³
2114 520 2484 575 vicissitudinis
2511 521 2859 575 obumbratio.
2895 520 3137 583 Portare,
3166 520 3380 586 fratres,
3412 521 3540 577 hor—

248 617 369 661 sunt
397 607 713 663 decidentes
742 622 769 660 a
801 608 1249 663 corroboratione
1289 625 1409 676 sua,
1449 610 1543 664 sed
1578 610 1836 679 insipien-

247 696 331 752 tia:
356 713 465 753 sua:
490 698 901 769 dereliqueruut
926 700 1173 755 omnibtts
1200 702 1540 763 memoriam,
1574 713 1630 757 ut
1657 703 1707 757 in
1730 702 1835 771 his,

247 796 299 851 in
346 798 539 866 quibus
587 808 967 867 peccaverunt.
1018 799 1240 853 minime
1287 798 1459 853 latere
1511 800 1828 866 potuissent.

248 888 423 942 Gloria
449 891 645 945 enimet
676 891 983 944 contumelia
1008 892 1061 943 in
1087 891 1288 959 loquela
1313 906 1331 945 :
1352 901 1398 944 et
1444 893 1494 944 in
1528 892 1705 960 lingua
1745 892 1836 944 lio-

246 984 412 1047 minis,
442 999 595 1038 casus
623 984 765 1038 illius
788 995 860 1039 est
889 984 1115 1055 (Eccles.
1143 986 1221 1054 v).
1248 985 1478 1054 Ideoque
1509 987 1834 1042 conveniens

246 1083 346 1139 est,
380 1075 519 1131 hanc
548 1078 761 1147 quidem
794 1078 1162 1133 ostensionem
1198 1077 1682 1147 reprehensionum
1717 1080 1833 1131 illo-

250 1185 363 1223 rum
396 1172 596 1225 nostris
622 1172 830 1226 actibus
861 1172 1050 1233 inseri.
1085 1188 1152 1225 ne
1195 1172 1420 1226 ulterius
1442 1173 1551 1241 jatu
1583 1174 1707 1226 talia
1743 1190 1832 1241 pa-

242 1264 469 1327 tiamini,
502 1264 896 1318 scminautibus
940 1264 1042 1317 illis
1088 1266 1291 1317 zizania
1338 1274 1391 1318 et
1430 1263 1702 1329 scandala,
1739 1265 1830 1318 sed

241 1354 409 1409 lmtari
453 1356 503 1409 in
538 1356 734 1411 ofﬁciis
775 1365 829 1411 et
856 1356 1194 1425 dogmatibus
1242 1361 1437 1412 vestris
1488 1360 1827 1414 mereamini.

242 1444 405 1516 Igitur
454 1448 783 1503 erubescant
815 1449 965 1512 talia,
1012 1457 1067 1501 et
1101 1448 1441 1518 'hujusmodi
1495 1452 1826 1516 hlaslihemia

238 1540 561 1595 subtrahere
589 1540 863 1603 festinent,
897 1542 943 1595 si
975 1541 1245 1594 noluerint
1276 1556 1302 1594 a
1350 1543 1671 1597 sacerdotali
1705 1559 1829 1595 nos-

240 1639 318 1684 tro
345 1632 577 1701 collegio
608 1634 905 1703 segregari,
949 1643 1002 1687 ct
1042 1648 1071 1686 a
1104 1632 1393 1688 Christiani
1429 1636 1607 1703 populi
1653 1638 1829 1689 Socie-

240 1735 343 1780 tate
372 1726 578 1781 divelli.
615 1727 766 1783 Licet
797 1744 1027 1798 namque
1054 1730 1119 1783 de
1161 1729 1242 1783 his
1272 1731 1420 1799 plura
1466 1742 1519 1785 et
1550 1748 1829 1799 perneces-

240 1820 403 1885 saria,
432 1838 553 1890 qua:
587 1822 638 1877 in
668 1823 902 1878 decretis
929 1822 1074 1877 sedis
1098 1826 1407 1893 apostolica:
1433 1835 1487 1877 et
1517 1826 1584 1878 ab
1613 1835 1828 1893 aposto-

1942 624 2120 669 tamur
2148 612 2289 686 (Jac.
2316 612 2375 685 l),
2405 615 2817 685 persecutiones
2844 625 2894 669 et
2921 614 3297 669 tribulationes
3327 615 3537 683 patien—

1941 715 2043 771 ter,
2078 714 2135 759 ut
2163 708 2280 775 ejus
2322 706 2669 762 inveniamiui
2720 706 2839 768 filii,
2868 722 3025 775 quem
3059 705 3299 776 quotidie
3323 715 3529 775 patrem

1937 800 2142 851 vocalis
2174 799 2340 854 Deum
2372 800 2424 854 in
2457 800 2613 854 caelis
2640 816 2653 863 ;
2685 809 2741 853 et
2780 800 2829 852 in
2860 814 2926 853 eo
2954 801 3179 854 vincatis
3207 800 3411 863 omnia,
3440 800 3531 869 qui

1940 902 2160 963 propter
2189 909 2285 948 nos
2314 895 2444 948 vicit
2472 894 2649 947 omnia
2678 910 2691 947 :
2727 893 2827 958 Qui
2850 895 3005 947 etiam
3045 894 3257 965 proprio
3285 895 3398 961 ﬁlio
3436 910 3534 948 suo

1938 1003 2040 1040 non
2094 988 2340 1055 pepercit,
2394 984 2483 1039 sed
2528 1003 2621 1055 pro
2670 986 2815 1039 nobis
2862 987 3093 1038 omnibus
3130 986 3346 1039 tradidit
3384 985 3535 1038 illum

1937 1080 2113 1145 (Rom.
2148 1077 2292 1149 vui).
2327 1077 2629 1132 Imitatores
2653 1092 2868 1147 quoque
2895 1077 2989 1130 Dei
3015 1078 3268 1131 convenit
3299 1077 3351 1131 in
3382 1076 3533 1131 omni

1938 1176 2103 1227 verbo
2132 1184 2181 1226 et
2214 1188 2379 1241 opere
2413 1174 2609 1227 imitari
2644 1173 2811 1227 Deum
2838 1171 3127 1242 (Maximus
3170 1170 3531 1239 Aquileiensis,

1936 1284 2075 1321 cons.
2134 1268 2421 1331 Lejusdem
2472 1283 2615 1321 conc.
2664 1266 2836 1319 Later.
2882 1282 3018 1317 anno
3057 1262 3162 1318 619
3210 1264 3454 1316 celebratt

1937 1360 2167 1426 Ideoque
2218 1358 2343 1413 illud
2392 1368 2606 1427 oportet
2654 1372 2751 1411 nos
2796 1358 2995 1419 direre,
3031 1356 3173 1426 quod
3215 1356 3328 1424 ipse
3358 1354 3425 1409 de
3469 1368 3529 1408 se

1934 1452 2205 1523 perhibuit
2238 1452 2500 1505 Dominus
2532 1470 2543 1505 :
2584 1449 2757 1502 Veniet
2791 1450 3027 1517 princeps
3068 1450 3222 1519 hujus
3250 1446 3452 1510 mundi,
3485 1456 3529 1498 et

1934 1548 1985 1599 in
2013 1564 2089 1600 me
2117 1546 2251 1599 nihil
2296 1547 2516 1597 inveniet
2546 1545 2725 1611 (Joan.
2758 1542 2889 1613 111).
2930 1543 3201 1596 Venerunt
3233 1550 3286 1595 et
3319 1540 3397 1593 illi
3438 1542 3528 1609 qui

1934 1656 2030 1693 Vos
2070 1652 2117 1693 et
2150 1655 2245 1693 nos
2278 1650 2695 1708 Perseqttuutur,
2727 1639 2848 1707 quia
2882 1652 2975 1689 vos
3004 1639 3123 1690 sine
3165 1636 3317 1688 nobis
3347 1648 3531 1703 perse-

1935 1734 2023 1802 qui
2077 1748 2181 1785 non
2220 1742 2471 1800 possunt,
2514 1732 2769 1799 quoniam
2811 1731 2964 1783 unius
3013 1730 3105 1783 Dei
3155 1728 3396 1781 membra
3441 1740 3531 1779 su-

1937 1842 2074 1887 mus,
2112 1835 2165 1879 et
2207 1840 2369 1877 unum
2403 1824 2543 1877 illius
2580 1823 2938 1876 sacerdotium
2967 1821 3195 1890 percjus
3222 1820 3530 1873 sanctifica-

236 1910 299 1964 lis
322 1928 619 1984 eorumque
648 1914 1076 1977 successmibus,
1111 1917 1310 1968 nostris
1338 1916 1586 1969 videlicet
1622 1919 1825 1985 pt':rtle-
1860 1922 1904 1980 Β
1936 1920 2135 1972 tionem
2170 1924 2482 1982 retinemus,
2516 1927 2569 1971 et
2600 1917 2649 1970 in
2695 1918 2849 1969 nobis
2877 1916 2943 1969 de
2992 1915 3107 1969 suis
3138 1914 3267 1968 nihil
3303 1912 3525 1967 invene-

234 2006 566 2067 cessoribus,
593 2016 789 2061 statuta
812 2009 1180 2072 inveniuntur,
1205 2009 1384 2063 dicere
1406 2020 1456 2062 et
1480 2013 1827 2066 conscribere

238 2098 625 2165 potuissemus,
662 2110 837 2153 10111011
866 2101 1059 2154 melius
1091 2104 1244 2154 nobis
1274 2103 1444 2155 visum
1476 2115 1575 2165 est,
1636 2116 1692 2158 ut
1715 2109 1829 2172 cpi-

232 2188 424 2242 stolam
457 2191 703 2243 oratione
729 2191 1045 2245 claudamus
1076 2191 1274 2262 (Julius
1292 2201 1359 2246 ad
1387 2197 1651 2247 ecclesiam
1677 2197 1824 2250 Alex.

236 2280 377 2350 Trip.
406 2298 481 2347 tv,
512 2283 626 2350 29).
673 2284 814 2339 Deus
847 2285 1213 2354 omnipotens,
1248 2296 1300 2340 et
1335 2286 1493 2353 hujus
1524 2289 1828 2356 unigenitus

234 2374 370 2429 filius
421 2384 477 2430 et
521 2377 771 2432 Salvator
817 2387 1003 2431 uoster
1044 2377 1203 2433 Jesus
1244 2378 1514 2443 Christus,
1551 2384 1649 2433 hoc
1681 2381 1829 2435 vobis

239 2468 443 2523 tribuat
486 2470 917 2537 incitamentum,
944 2481 998 2524 ut
1024 2472 1272 2526 omnibus
1299 2474 1552 2527 fratribus
1571 2483 1622 2527 et
1645 2476 1823 2542 0(ιορί-

230 2564 409 2628 scapis
439 2563 661 2629 nostris,
679 2564 1105 2633 quibuscumque
1128 2566 1559 2620 tribulationibus
1582 2570 1829 2621 laborau-

230 2654 391 2720 tibus,
428 2656 556 2709 totis
601 2658 929 2711 succurratis
964 2657 1188 2724 viribus,
1233 2669 1287 2713 et
1328 2676 1448 2712 rum
1494 2662 1574 2714 eis
1609 2676 1828 2731 compa-

230 2746 447 2815 tientes,
480 2762 695 2803 crucem
725 2749 966 2819 ejusdem
1000 2751 1209 2804 111111111ιί
1255 2752 1548 2807 Salvatoris
1580 2758 1824 2822 [)OI'lellS,

230 2849 284 2893 ut
314 2841 425 2895 veri
457 2841 627 2911 ipsius
658 2841 900 2912 discipuli
922 2859 1102 2897 coram
1137 2845 1389 2897 omnibus
1414 2848 1740 2913 apparealis,
1770 2858 1830 2902 111

231 2942 281 2985 01
315 2948 433 2994 vos,
472 2941 528 2987 et
557 2933 646 3003 qui
680 2934 954 2987 vobiscum
986 2945 1132 2999 sunt,
1166 2936 1252 2990 hic
1281 2946 1335 2989 et
1365 2940 1416 2989 in
1450 2936 1625 2992 futuro
1655 2941 1830 3008 1111551-

227 3024 397 3079 deatis
423 3026 674 3089 meliora,
704 3042 818 3096 qua'
840 3028 1020 3080 oculus
1043 3045 1144 3080 non
1174 3030 1321 3092 vidit,
1354 3047 1442 3082 nec
1469 3032 1519 3083 in
1547 3048 1635 3084 cor
1667 3036 1823 3085 homi-

227 3118 303 3170 nis
330 3120 693 3183 ascenderunt,
728 3135 843 3188 qua:
888 3123 1198 3188 prtcparavit
1240 3120 1375 3174 Deus
1408 3124 1737 3195 diligentibus
1773 3144 1827 3180 se

226 3210 267 3281 (l
299 3210 416 3267 (lor.
455 3212 539 3280 It),
568 3228 663 3283 per
697 3217 979 3269 Dominum
1025 3228 1265 3271 nostrum
1297 3218 1481 3272 Jesum
1521 3217 1818 3284 Christum,

1935 2022 2061 2066 runt
2093 2031 2102 2063 :
2129 2014 2251 2081 quia
2283 2010 2538 2080 quidquid
2578 2025 2784 2073 sumus,
2820 2010 2986 2077 gratia
3024 2007 3113 2060 Dci
3162 2020 3367 2072 sumus,
3400 2006 3528 2060 licet

1935 2117 2216 2173 propterea
2250 2103 2560 2157 calumniari
2598 2117 2695 2153 nos
2722 2099 3167 2153 irrationabiliter
3193 2098 3520 2162 studuerint,

1931 2200 2072 2269 quod
2119 2198 2296 2252 facere
2341 2197 2518 2250 solent
2550 2195 2775 2260 inimici,
2807 2209 2956 2247 suam
2987 2210 3053 2247 ex
3101 2193 3200 2245 hoc
3244 2191 3527 2261 cooperire

1931 2292 2257 2346 dementiam
2314 2301 2685 2360 properantes,
2731 2298 2995 2357 quatenus
3048 2301 3143 2355 per
3188 2285 3526 2339 mendacium

1932 2388 2215 2439 veritatem
2284 2384 2495 2436 valeant
2547 2380 2894 2435 obumbrare.
2949 2379 3154 2447 Scripsi
3194 2377 3326 2431 enim
3362 2377 3523 2440 vobis,

1934 2475 2104 2545 inquit
2138 2476 2327 2529 beatus
2356 2475 2656 2543 apostolus,
2683 2490 2772 2541 per
2804 2471 2992 2525 multas
3030 2472 3308 2540 lucrymas,
3343 2485 3444 2522 non
3469 2478 3526 2521 ut

1931 2570 2328 2627 contristentiui,
2372 2567 2459 2620 sed
2500 2577 2552 2619 ut
2601 2567 2797 2628 sciatis,
2824 2582 2973 2634 quam
3023 2564 3324 2616 charitatem
3363 2560 3530 2614 abun-

1930 2662 2143 2713 dantius
2177 2660 2335 2712 habeo
2367 2662 2417 2711 in
2449 2660 2587 2711 vobis
2616 2658 2654 2727 (I
2687 2658 2807 2712 Cor.
2840 2657 2917 2725 11).
2957 2657 3169 2712 Etenim
3193 2654 3529 2711 detrahenti-

1932 2754 2032 2807 bus
2106 2753 2395 2806 detrahere
2445 2751 2757 2821 (Deusdedit
2800 2750 3129 2804 Calaritanus
3175 2766 3257 2818 ep.
3314 2748 3525 2819 ibidem)

1934 2860 2037 2898 non
2064 2858 2144 2899 051
2174 2841 2421 2905 bonum,"
2448 2852 2501 2895 tll
2535 2858 2637 2894 non
2659 2841 2723 2895 ad
2748 2856 2805 2893 ea
2832 2856 2951 2911 qu:e
2974 2840 3172 2908 scripta
3203 2847 3349 2901 sunt,
3377 2853 3526 2892 com—

1932 2939 2084 3003 moti,
2138 2937 2348 3006 injuria:
2396 2945 2673 2989 certamen
2738 2934 3058 2986 efficiamus.
3109 2931 3223 2986 Non
3265 2932 3527 2986 debemus

1929 3032 2153 3085 omnino
2198 3032 2389 3083 timere
2434 3028 2784 3099 opprobrium
2827 3026 3103 3079 hominum
3152 3023 3524 3090 (Murtinusl,

1928 3142 2068 3179 cons.
2125 3126 2157 3178 5
2210 3124 2446 3192 ibidem),
2524 3137 2698 3190 neque
2762 3136 2947 3172 eorum
3014 3118 3527 3185 exprobrationibus

1927 3219 2090 3283 vinci,
2114 3216 2372 3287 quoniam
2419 3216 2519 3269 hoc
2549 3213 2702 3267 nobis
2736 3212 2997 3265 Dominus
3019 3210 3173 3278 jubet
3202 3224 3297 3278 per
3329 3207 3523 3261 Isaiam

234 3326 326 3379 per
355 3328 513 3380 quem
544 3323 597 3368 et
625 3330 747 3368 011111
788 3325 894 3384 quo
933 3319 1287 3387 omnipotenti
1323 3320 1434 3374 Deo
1477 3322 1618 3375 l'atri
1650 3322 1817 3390 gloria

1928 3311 2273 3382 prolihetam,
2303 3310 2490 3363 dicens
2523 3325 2535 3360 :
2568 3308 2755 3360 Audite
2797 3324 2894 3368 me,
2940 3306 3027 3374 qui
3072 3306 3216 3356 scitis
3239 3304 3526 3375 judicium,

236 3403 285 3456 in
336 3406 540 3461 Siccula
568 3408 915 3473 steculorum,
965 3425 1142 3464 amen.
1187 3412 1373 3468 \‘alere
1414 3429 1509 3466 vos
1538 3427 1686 3481 opto,
1718 3414 1822 3465 fra-

234 3504 343 3548 tres
389 3497 716 3553 cbarissimi.
762 3500 891 3553 Data
941 3502 1115 3555 idibus
1143 3503 1487 3565 Februarii,’
1531 3506 1727 3575 Agario
1773 3516 1826 3560 et

224 3586 439 3644 Juliano
469 3591 601 3646 vitis
628 3592 951 3647 clarissimis
982 3596 1317 3649 cousulilms.

476 3734 816 3790 EPISTOLA
857 3736 900 3791 11
952 3735 1216 3792 FELICIS
1258 3738 1460 3794 PAWE
1502 3738 1545 3793 11

310 3864 380 3901 ΑΒ
412 3862 624 3904 0051101
657 3866 722 3905 ΕΤ
756 3867 822 3906 AD
854 3868 1113 3917 REIJQUOS
1145 3867 1329 3910 DOMINI
1359 3870 1718 3912 SACEBDOTES.

224 3976 299 4033 De
331 3982 550 4051 patienti
576 3982 875 4049 stt/ferentia
896 3988 1305 4055 persecutionum
1332 3999 1379 4041 et
1411 3990 1817 4043 tribulatiouunt.

221 4113 371 4169 Felix
423 4127 627 4173 sancta:
672 4119 996 4175 universalis
1030 4121 1288 4177 Ecclesi;e
1329 4140 1487 4194 papa,
1523 4135 1680 4196 atque
1726 4142 1820 4195 per

288 4211 519 4278 gratiam
559 4212 654 4266 Dei
683 4213 963 4269 catholica:
1002 4227 1057 4270 et
1095 4220 1410 4285 apostolica:
1446 4220 1703 4275 Ecclesiae
1733 4238 1820 4275 ur-

289 4304 373 4356 bis
397 4304 584 4357 Ronue
611 4306 918 4375 episcopus,
950 4326 1052 4363 una
1074 4326 1197 4364 cum
1224 4324 1412 4367 sancto
1436 4316 1670 4371 concilio
1694 4333 1817 4371 uos—

289 4408 374 4452 tro
406 4402 975 4455 reverentissimoruiu
1008 4406 1372 4471 sacerdotum,
1410 4408 1512 4463 11110
1540 4411 1813 4465 nobiscum

290 4492 733 4546 convenientium
770 4493 1055 4563 (Martinus
1080 4495 1106 4548 Ι
1142 4515 1275 4569 papa
1314 4501 1366 4551 in
1391 4503 1634 4569 synodica
1670 4519 1812 4560 conc.

289 4584 513 4655 Later.),
569 4587 622 4641 iu
672 4586 1086 4645 conﬁrmatione
1139 4591 1500 4659 piissimorutu
1537 4595 1814 4649 catholicte

1931 3406 2155 3475 populus
2179 3419 2344 3466 meus,
2369 3402 2421 3453 in
2445 3416 2658 3468 quorum
2678 3398 2916 3451 cordibus
2950 3401 3031 3448 lex
3051 3412 3161 3447 mea
3185 3405 3257 3448 est
3274 3393 3405 3463 (lsa.
3425 3395 3522 3464 LI).

1933 3496 2108 3550 Nolite
2151 3499 2328 3549 timere
2371 3492 2702 3565 approbrium
2748 3492 3034 3551 hominum,
3081 3500 3126 3541 ct
3181 3488 3527 3555 blasphemia:

1927 3607 2105 3643 eorum
2132 3606 2194 3641 ne
2235 3589 2455 3641 timentis
2481 3584 2651 3651 (Psul.
2687 3584 2859 3651 xutt).
2891 3580 3317 3634 Considerantes
3362 3579 3523 3631 etiam

1926 3684 2065 3753 quod
2117 3683 2167 3733 111
2202 3681 2408 3749 psalmo
2440 3677 2699 3745 scriptum
2730 3685 2814 3728 est
2850 3691 2861 3725 :
2900 3672 3086 3725 Nonne
3117 3670 3259 3724 Deus
3301 3671 3524 3738 requiret

1924 3776 2063 3830 ista?
2094 3774 2218 3844 Ipse
2250 3774 2383 3827 enim
2428 3771 2565 3823 norit
2602 3769 2902 3821 abscondita
2930 3765 3123 3829 cordis,
3155 3774 3199 3818 ct
3244 3763 3515 3833 cogitatio-

1925 3886 2013 3922 nes
2041 3870 2224 3921 talium
2249 3866 2531 3929 hominum,
2556 3864 2798 3934 quoniam
2825 3875 2969 3913 came
2994 3870 3132 3912 sunt.
3178 3856 3319 3910 Vana
3348 3870 3519 3910 autent

1925 3963 2131 4015 locutus
2160 3972 2232 4015 est
2268 3960 2615 4027 unusquisque
2650 3957 2717 4008 ad
2755 3956 3047 4025 proximum
3078 3969 3251 4016 suum,
3301 3963 3346 4003 et
3381 3950 3516 4003 labia

1924 4054 2106 4107 dolosa
2137 4055 2185 4105 in
2230 4052 2401 4116 corde,
2436 4061 2481 4105 et
2510 4049 2669 4102 corde
2697 4049 2853 4102 locuti
2898 4056 3015 4099 sunt
3060 4046 3216 4099 mala.
3261 4044 3366 4098 Sed
3410 4046 3519 4096 dis-

1924 4146 2103 4213 perdet
2134 4146 2369 4196 dominus
2399 4144 2632 4195 universa
2658 4142 2796 4194 labia
2831 4141 3031 4201 dolosa,
3078 4147 3125 4189 et
3153 4138 3379 4205 linguam
3412 4151 3521 4187 ma-

1922 4239 2240 4309 gniloquam.
2284 4238 2383 4301 Qui
2426 4238 2691 4300 dixerunt,
2741 4234 2876 4286 lubia
2906 4245 3080 4286 nostra
3121 4251 3151 4284 a
3186 4232 3327 4282 nobis
3359 4239 3521 4283 sunt:

1920 4335 2034 4401 quis
2067 4342 2237 4385 noster
2278 4332 2516 4384 dominus
2564 4341 2639 4383 est
2672 4327 2842 4396 (Psal.
2878 4329 2987 4396 xl)?
3034 4326 3163 4379 Nam
3213 4325 3256 4377 si
3304 4323 3419 4377 ha'c
3464 4323 3515 4377 in

1922 4428 2181 4479 memoria
2232 4426 2555 4487 retinerent,
2604 4422 2827 4475 minime
2869 4420 2933 4472 ad
2970 4429 3171 4471 tantam
3208 4415 3519 4485 prosilircnt

1922 4520 2282 4589 iniquitatem.
2316 4519 2429 4572 Non
2455 4520 2595 4570 enim
2631 4516 2883 4587 (ejusdem
2909 4528 3056 4585 papte
3086 4510 3256 4578 verba)
3278 4523 3371 4577 per
3394 4522 3516 4578 pro-

1920 4613 2153 4667 babilem
2202 4622 2254 4666 et
2296 4618 2573 4678 paternam
2611 4610 2911 4663 doctrinam
2947 4607 3045 4658 hoc
3079 4605 3299 4667 faciunt,
3333 4601 3426 4655 sed
3460 4611 3515 4653 ut

286 4677 547 4732 Ecclesia:
578 4677 912 4748 dogmatum,
947 4692 1003 4736 et
1045 4687 1376 4740 revelatioue
1425 4701 1810 4755 Oppressorum
1840 4692 2070 4757 Dsuam
2111 4677 2401 4757 exerceant
2444 4703 2494 4755 in
2537 4715 2730 4755 servos
2769 4700 2856 4755 Dei
2894 4697 3208 4751 vindictam.
3238 4693 3517 4759 Scriptum

284 4772 534 4834 fratrum,
559 4773 1007 4843 coepiscOpUrnm
1053 4776 1306 4831 videlicet
1351 4790 1682 4841 nostrorum,
1718 4784 1806 4849 qui

282 4874 487 4917 rectam
518 4863 722 4918 Niczeni
749 4866 963 4920 concilii
998 4878 1182 4922 tenent
1213 4868 1392 4933 litlem,
1424 4880 1479 4924 et
1502 4872 1592 4941 qui
1618 4872 1809 4929 fratres

283 4973 387 5010 nou
444 4954 744 5023 infestant,
804 4960 1073 5015 universis
1128 4962 1501 5029 spiritualibus
1556 4966 1810 5020 fratribus

283 5052 510 5115 nostris,
545 5058 600 5104 et
628 5052 850 5121 reliquis
882 5054 933 5107 in
962 5053 1289 5108 sacerdotali
1321 5056 1549 5127 collegio
1582 5058 1809 5113 Domino

280 5144 641 5210 consecratis,
674 5155 840 5215 atque
884 5147 1030 5201 omni
1062 5148 1381 5218 plenitudini
1428 5150 1686 5207 Ecclesiae
1715 5167 1806 5206 ca-

284 5238 518 5292 lholicae.

281 5354 466 5409 Gratia
498 5354 652 5409 vobis
677 5364 735 5411 et
762 5370 864 5426 pax
894 5358 1285 5427 multiplicetur
1316 5360 1368 5414 in
1405 5360 1801 5418 confortatione

214 5458 263 5502 et
290 5453 460 5505 sancti
491 5450 725 5519 Spiritus
750 5452 1135 5508 communione
1162 5464 1427 5523 quatenus
1464 5458 1515 5509 in
1550 5472 1613 5511 eo
1642 5460 1803 5527 proli-

211 5543 411 5598 cientes
439 5585 453 5608 ,
507 5559 536 5597 a
572 5544 740 5613 gloria
789 5546 843 5599 in
892 5544 1155 5614 gloriam,
1191 5549 1399 5602 virtutes
1443 5552 1803 5604 annuntiemus

212 5640 345 5708 ejus,
377 5638 465 5707 qui
497 5636 563 5689 tle
600 5640 819 5692 tenebris
846 5656 940 5693 nos
985 5641 1181 5693 vocavit
1206 5642 1260 5693 in
1303 5642 1606 5695 admirabile
1635 5645 1803 5696 lumen

211 5744 353 5783 suum
405 5729 447 5799 (l
476 5727 591 5782 Pet.
642 5730 726 5798 tt),
786 5732 927 5802 apud
972 5747 1123 5797 quem
1157 5749 1261 5786 non
1305 5744 1377 5787 est
1419 5737 1800 5804 transmutatio,

282 5848 296 5876 ¹
321 5845 383 5918 ab
411 5844 714 5918 hujusmodi
743 5844 1061 5915 blasphemia
1080 5862 1132 5901 se
1157 5847 1271 5901 sub.

282 5918 300 5946 ¹
323 5914 528 5971 Nomen
559 5915 764 5971 ﬁctum.

1917 4812 2147 4865 namque
2188 4809 2270 4850 est
2302 4815 2313 4848 :
2347 4795 2444 4849 Via
2475 4797 2619 4849 stulti
2656 4804 2793 4848 recta
2842 4794 2895 4846 in
2927 4792 3093 4846 oculis
3122 4793 3253 4860 ejus.
3299 4786 3366 4839 Et
3397 4797 3517 4839 sunt

1914 4891 2029 4955 vias,
2070 4906 2187 4960 qua:
2213 4890 2448 4943 videntur
2474 4890 2669 4943 homini
2702 4891 2871 4954 justtr,
2902 4886 3179 4938 novissima
3219 4893 3388 4935 autem
3428 4899 3510 4934 eu-

1915 5000 2029 5035 rum
2059 4982 2321 5037 deducunt
2348 4984 2415 5036 ad
2445 4994 2659 5035 ntortem
2689 4980 2871 5049 (Prov.
2901 4995 2997 5044 xu,
3033 4979 3160 5044 xlv).
3207 4975 3317 5029 Nos
3362 4975 3505 5027 enim

1914 5080 2003 5145 qui
2052 5078 2165 5133 haec
2207 5080 2462 5148 patimur,
2506 5078 2710 5146 judicio
2743 5077 2832 5130 Dei
2882 5073 3066 5144 (Cone.
3114 5070 3268 5124 Rom.
3303 5084 3384 5134 111,
3416 5069 3510 5121 sub

1917 5170 2253 5241 Symmacho)
2290 5174 2404 5227 11100
2442 5187 2719 5226 reservare
2750 5170 3033 5235 debemus,
3057 5170 3141 5236 qui
3186 5166 3362 5219 reddet
3396 5164 3513 5217 uni-

1913 5266 2096 5334 cuique
2138 5266 2414 5319 secundum
2469 5282 2627 5331 apera
2655 5282 2750 5319 sua
2790 5263 3004 5334 (Jerem.
3049 5260 3161 5330 xv).
3195 5258 3293 5324 Qui
3342 5259 3503 5311 etiam

1914 5371 2012 5426 per
2057 5358 2331 5413 ministros
2381 5374 2510 5413 suos
2559 5359 2813 5423 intonuit,
2864 5357 3051 5411 dicens
3086 5372 3100 5408 :
3133 5350 3265 5406 Mihi
3307 5351 3503 5403 vindic-

1909 5464 2035 5519 tam,
2082 5472 2171 5525 ego
2219 5454 2496 5508 retribuam
2538 5454 2715 5525 (Ram.
2762 5458 2879 5520 xu).
2914 5450 3021 5505 Vos
3065 5450 3207 5505 enim
3256 5448 3306 5499 in
3355 5455 3502 5499 recta

1912 5550 2040 5618 ﬁde,
2073 5561 2127 5607 et
2158 5567 2288 5621 pura
2330 5568 2392 5607 ac
2421 5554 2557 5607 bona
2597 5552 2896 5606 succurrite
2927 5550 3201 5603 voluntate
3241 5542 3501 5605 vicissim.

1909 5660 2009 5697 nec
2040 5646 2230 5713 aliquis
2258 5660 2285 5697 a
2316 5647 2693 5716 supplemento
2724 5644 2909 5698 fratris
2930 5638 3215 5697 subtrahat
3242 5652 3460 5691 manum
3489 5653 3500 5687 :

1908 5739 2153 5804 quoniam
2185 5739 2236 5791 in
2266 5740 2381 5805 hoc,
2412 5739 2488 5793 ait
2521 5738 2802 5803 Dominus,
2830 5742 3131 5807 cognoscent
3162 5746 3357 5796 omnes,
3387 5730 3506 5799 quia

1983 5850 2003 5879 ³
2022 5853 2279 5906 momenti.

1981 5920 2000 5950 ⁸
2023 5932 2177 5977 utne.
