3902 6414
420 381 484 441 31
1262 390 1352 448 DE
1389 389 1738 450 FAUSTINO
1776 393 1865 451 ET
1904 391 2343 455 MARCELLINO
2381 395 2917 457 PROLEGOMENA.
3649 404 3718 462 32

423 503 739 561 auctoritate
757 517 886 562 mss.
916 504 1130 564 Thuan.
1155 517 1208 564 et
1233 507 1465 564 Vindoh.
1493 508 1749 566 Faustino
1769 512 2027 567 asseritur
2057 523 2105 583 Α
2134 529 2453 583 CCCLXXXIV,
2504 531 2815 586 supremum
2866 520 3008 575 diem
3054 518 3311 577 clauserit
3354 528 3572 577 sanctus
3620 521 3718 577 Da-

424 596 510 651 hic
533 598 778 665 libellus;
800 610 1083 670 exstatque
1103 611 1361 672 praeterea
1386 603 1438 656 in
1461 611 1677 658 vetusto
1703 607 1890 661 codice
1914 607 2024 659 Au-

419 690 613 761 giensi,
633 708 791 762 quem
816 693 1045 762 inspexit
1069 693 1413 750 Mabillonius
1436 695 1821 767 (a).Scriptum
1847 708 2024 754 autem

420 784 698 839 existimat
726 785 929 839 codicis
961 785 1105 840 illius
1125 786 1302 841 editor
1326 788 1462 843 inter
1490 804 1662 846 annos
1687 807 1951 848 ccccxxtx
1973 804 2026 848 et

422 891 712 943 cccuxxr,
743 892 851 947 quo
874 887 1120 949 tempore
1157 880 1367 937 scilicet
1399 882 1802 951 Eleuthempoli
1847 902 2027 943 versa-

421 967 584 1024 batur
611 968 936 1035 Faustinus,
966 971 1054 1027 ubi
1086 983 1139 1027 et
1168 974 1494 1043 exagitatum
1527 992 1585 1030 se
1617 979 1862 1047 queritur
1893 981 1965 1051 (b)
1993 995 2020 1033 a

421 1063 677 1121 Turboue
698 1065 843 1120 illius
872 1067 1021 1121 urbis
1047 1068 1336 1138 episcopo:
1372 1090 1389 1118 tl
1421 1070 1498 1124 Ex
1523 1086 1650 1141 quo,
1684 1073 1877 1145 inquit,
1902 1084 2021 1129 nata

422 1158 653 1215 fortasse
671 1162 885 1216 occasio
908 1161 1210 1218 condenda:
1237 1164 1595 1220 confessionis
1643 1167 1764 1223 fidei
1802 1170 2023 1241 ejusque

422 1252 701 1308 mittendm
726 1253 792 1307 ad
817 1254 1203 1323 Theodosium,
1226 1258 1380 1326 cujus
1401 1260 1616 1314 nomine
1637 1272 1689 1315 et
1706 1265 2023 1319 anetoritate

423 1360 578 1400 usum
602 1361 725 1401 esse
746 1347 1008 1402 adversus
1029 1348 1405 1407 schismaticos
1427 1354 1763 1423 episcopum,
1790 1371 2020 1427 pronum

424 1454 510 1500 est
532 1447 866 1501 existimare.
908 1469 927 1499 ιι

495 1536 583 1590 lV.
631 1556 649 1589 ‹
686 1538 915 1609 Scripsit
940 1541 1105 1595 etiam
1141 1542 1432 1598 Faustinus
1463 1544 1680 1609 librum,
1726 1561 1885 1615 quem
1919 1547 2024 1601 Va-

426 1629 726 1686 lentiniano
754 1642 806 1687 et
836 1635 1068 1689 Arcadio
1099 1636 1535 1706 imperatoribus,
1582 1653 1679 1708 pro
1708 1639 2023 1695 defensione

424 1731 668 1787 suorum,
700 1737 823 1777 cum
852 1723 1166 1780 Marcellino
1195 1728 1424 1797 quodam
1458 1732 1773 1802 presbytero
1802 1731 2020 1788 obtulit.

425 1811 506 1868 Ex
530 1828 637 1883 quo
658 1817 964 1871 ostenditur
989 1818 1329 1875 Luciferiano
1348 1824 1625 1878 schismati
1648 1827 2019 1881 c0nsensisse:

2132 622 2349 673 masus;
2402 608 2503 663 hoc
2534 609 2655 678 ipso
2692 626 2836 664 anno
2870 612 3025 666 facile
3057 614 3269 668 oblatus
3296 614 3453 670 fuerit
3490 616 3627 677 idem
3660 616 3719 670 li-

2131 699 2304 755 bellus
2339 719 2351 754 :
2392 709 2485 754 aut
2518 701 2737 769 saltem,
2771 712 2829 757 ut
2869 718 2991 758 cum
3015 706 3132 758 viro
3168 706 3381 763 erudito
3408 709 3597 777 loquar
3620 705 3715 778 (k),

2127 808 2272 848 anno
2306 793 2522 862 quidem
2563 808 2864 850 CCCLXXXI"
2909 805 3191 866 porrectus
3225 796 3354 862 fuit;
3406 800 3716 868 rescriptum

2130 900 2261 940 vero
2292 885 2582 941 Theodosii
2607 888 2747 956 quod
2770 888 2835 943 ad
2860 889 3063 943 calcem
3100 888 3267 943 libelli
3295 898 3494 958 exstat,
3525 890 3590 944 ad
3618 888 3720 961 Cy-

2126 982 2341 1049 negium
2390 979 2702 1049 prmfectum
2733 983 3011 1052 prmtorio,
3044 997 3216 1052 usque
3246 981 3312 1035 ad
3350 982 3717 1051 insequentem

2127 1086 2327 1124 annmn
2375 1086 2704 1139 CCCLXXXIV,
2747 1090 2854 1142 quo
2890 1071 3163 1145 Cynegirus
3206 1088 3235 1126 a
3268 1072 3446 1127 medio
3472 1072 3719 1129 Januario

2126 1180 2244 1218 eam
2277 1166 2587 1235 dignitatem
2609 1166 2839 1219 obtinuit
2867 1164 3175 1237 (l),dill‘erri
3200 1165 3461 1235 Contigit:
3495 1168 3719 1221 maxime

2128 1259 2171 1313 si
2187 1259 2451 1327 ejusmodi
2495 1260 2770 1328 negotium
2813 1258 3121 1312 nonnullam
3154 1273 3331 1311 causze
3361 1257 3717 1326 cognitionem

2128 1352 2426 1420 requirere,
2473 1365 2571 1404 ncc
2602 1350 2844 1419 expediri
2877 1349 2946 1405 de
2984 1350 3145 1418 plano
3174 1349 3374 1404 debere
3412 1348 3718 1419 imperatori

2126 1444 2298 1497 visum
2331 1442 2563 1498 fuisset:
2607 1459 2713 1512 quo
2745 1452 2951 1513 spectat
3003 1443 3038 1496 Ι.
3070 1459 3145 1509 tv,
3184 1441 3211 1513 §
3257 1444 3307 1508 l,
3342 1442 3405 1496 1).
3450 1442 3514 1496 de
3561 1440 3716 1512 Ofﬁc.

2127 1556 2271 1611 proc.
2304 1539 2378 1593 lta
2411 1540 2524 1592 sive
2556 1554 2698 1594 anno
2730 1554 3056 1603 ccccxxxnt,
3087 1538 3199 1592 sive
3223 1552 3557 1597 cccuxxrv.
3584 1535 3722 1590 Mar-

2127 1634 2359 1687 cellinus
2383 1644 2433 1687 et
2464 1633 2757 1688 Faustinus
2784 1648 2940 1687 suum
2972 1633 3114 1687 hunc
3138 1633 3379 1687 libellum
3411 1648 3507 1700 pro
3536 1629 3722 1687 defen—

2127 1729 2280 1782 sione
2312 1727 2776 1783 Luciferianornm
2806 1741 2984 1782 causa:
3014 1726 3376 1780 tradiderunt.

2200 1820 2417 1875 v.1..m
2462 1837 2594 1875 vero
2643 1837 2826 1876 sermo
2877 1821 3154 1876 habendus
3198 1820 3266 1874 de
3306 1819 3617 1888 praefatione
3650 1820 3725 1874 ei-

424 1906 547 1976 quia
576 1908 833 1963 llilarium
860 1910 1251 1967 Pictaviensem
1281 1925 1333 1969 et
1359 1917 1641 1971 Damasum
1666 1918 1816 1972 urbis
1840 1918 2028 1972 Roma:
2061 1918 2107 1977 Β
2136 1915 2257 1968 dem
2307 1914 2490 1967 libello
2538 1916 2789 1983 pra-lixa,
2847 1931 2967 1983 qttzc
3001 1917 3052 1968 in
3101 1915 3416 1968 narratione
3456 1911 3723 1968 Ursiniani

422 1997 708 2067 episcopos
741 2000 792 2053 iu
823 2015 1010 2056 eorum
1044 2003 1181 2059 libro
1209 2006 1423 2075 culpat;
1468 2008 1621 2077 quasi
1660 2009 1799 2063 male
1829 2023 2026 2063 consu-

424 2084 627 2142 luerint
661 2088 939 2159 Ecclesim,
973 2094 1115 2164 quod
1160 2096 1602 2165 praevaricatores
1645 2102 1928 2172 epismpos
1974 2103 2025 2155 in

423 2184 863 2238 communionem
905 2195 961 2240 et
1006 2190 1391 2253 sacerdotium,
1446 2194 1591 2261 pacis
1641 2194 2028 2264 recuperandae

424 2275 615 2344 gratia,
652 2279 1001 2346 recepissent.
1034 2280 1186 2345 Quod
1233 2282 1587 2338 Luciferianis
1630 2287 1699 2339 ita
1730 2287 2026 2356 displicuit,

425 2368 674 2437 recipere
702 2372 987 2441 episcopos
1015 2375 1103 2440 qui
1129 2373 1183 2428 iu
1208 2375 1535 2432 Arimineusi
1560 2379 1792 2434 concilio
1814 2380 2029 2435 Arianis

423 2462 977 2529 communicaverant,
1028 2480 1136 2535 quo
1184 2468 1346 2522 modo
1396 2468 1706 2525 Novatianis
1754 2483 2030 2541 apostatas

426 2558 773 2625 pmuitentes.
813 2576 831 2609 ι
878 2558 1051 2614 Verba
1105 2571 1229 2615 sunt
1277 2561 1540 2618 Gennadii
1572 2564 1664 2636 (τ).
1702 2566 1775 2621 De
1808 2568 2032 2622 Marcel-

427 2646 540 2702 lino
571 2657 750 2703 autem
776 2650 897 2705 vide
928 2653 1004 2705 sis
1031 2652 1295 2708 incertum
1323 2668 1624 2722 auctorem,
1658 2660 1745 2727 qui
1775 2659 2027 2727 appendi-

429 2754 547 2793 cem
581 2741 646 2793 ad
682 2738 944 2795 lsidorum
980 2753 1034 2795 et
1063 2744 1393 2799 lldefonsum
1426 2748 1675 2818 apposuit
1719 2749 1818 2819 (ά).
1862 2748 2029 2804 Porro

428 2831 647 2886 libellus
692 2831 777 2886 hic
815 2833 1193 2890 Valentiniano
1244 2853 1298 2901 ιι,
1343 2838 1651 2894 Theodosio
1698 2851 1756 2896 et
1796 2842 2032 2899 Arcadio

428 2926 675 2995 angustis
702 2926 1016 2997 inscriptus,
1045 2940 1324 2999 porrectus
1357 2931 1521 2987 fuisse
1541 2930 2030 3005 Constantinopoli,

429 3019 675 3089 adeoque
725 3019 1059 3085 Theodosio,
1114 3038 1180 3077 ex
1221 3034 1474 3079 contextu
1520 3028 1868 3095 comperitur.
1929 3027 2033 3082 Lo-

430 3122 661 3181 quentes
681 3114 823 3166 enim
854 3113 908 3167 lii
937 3115 1239 3185 presbyteri
1270 3115 1595 3171 Lueiferiani
1627 3120 1693 3173 de
1723 3120 2030 3175 Alexandro

430 3204 691 3268 antistite,
741 3205 893 3274 cujus
923 3207 1175 3276 precibus
1215 3208 1415 3278 impius
1447 3209 1606 3265 Arius
1657 3214 1859 3267 interiit
1909 3214 1978 3286 (e)
2016 3234 2027 3267 :

2129 2015 2318 2060 contra
2362 2006 2648 2060 Damasum
2688 2006 2998 2062 schismatis
3045 2016 3152 2059 tota
3198 2015 3459 2059 versatur.
3484 2003 3580 2059 Cui
3611 2004 3725 2075 qui-

2130 2100 2253 2155 dem
2290 2100 2588 2171 praefationi
2622 2101 2841 2170 conjicit
2868 2101 3244 2156 Tillemontius
3276 2101 3370 2172 (m)
3391 2142 3404 2164 ,
3435 2100 3565 2154 nihil
3597 2113 3718 2155 esse

2132 2209 2252 2249 cum
2284 2194 2469 2249 libello
2514 2209 2834 2259 commune;
2864 2194 3110 2264 adeoque
3146 2194 3456 2264 suSpicatur
3482 2191 3725 2248 eamdem

2134 2288 2510 2359 prml‘ationem
2538 2299 2631 2343 aut
2660 2304 2784 2343 esse
2808 2290 3031 2343 alterius
3061 2289 3242 2357 operis
3261 2331 3274 2353 ,
3308 2297 3401 2341 aut
3428 2288 3469 2342 si
3510 2287 3726 2358 quidem

2132 2378 2357 2448 hujusce
2390 2380 2560 2435 libelli
2592 2382 2698 2443 sit,
2728 2397 2755 2433 a
2788 2379 3007 2434 diverso
3036 2381 3192 2448 plane
3215 2389 3437 2434 auctore
3460 2381 3728 2449 posterius

2134 2470 2398 2524 additam.
2436 2471 2595 2540 Atqui
2645 2467 2997 2522 eruditissimi
3046 2466 3147 2519 viri
3185 2464 3512 2535 conjectura:
3556 2463 3729 2517 minus

2135 2562 2322 2615 solida:
2367 2563 2495 2613 visa:
2539 2569 2665 2613 sunt
2693 2558 2971 2612 Mazuchio
3010 2556 3073 2610 γ.
3101 2554 3163 2610 C.
3195 2556 3289 2626 qui
3315 2564 3596 2627 propterea
3634 2569 3728 2609 ea-

2134 2668 2253 2706 rqu
2280 2651 2499 2706 levitate
2527 2652 2922 2717 demonstrata,
2951 2651 3278 2705 sententiam
3301 2665 3454 2704 suam
3486 2650 3554 2703 ita
3585 2664 3729 2703 sum-

2134 2746 2321 2800 matim
2352 2748 2574 2815 exponit
2604 2747 2685 2816 (η)
2720 2764 2733 2800 :
2770 2766 2785 2795 ‹
2829 2746 3012 2817 Stylus
3042 2745 3131 2814 qui
3163 2746 3374 2812 utrique
3420 2742 3553 2813 parti
3582 2744 3731 2797 αὐτό-

2133 2860 2285 2896 τατος
2313 2848 2431 2906 est,
2481 2840 2640 2908 plane
2689 2839 2964 2901 clamitat,
3010 2838 3382 2906 praelationem
3421 2835 3490 2890 ab
3529 2834 3730 2889 eisdem

2134 2932 2447 2986 auctoribus
2496 2947 2524 2985 a
2571 2932 2769 3001 quibus
2824 2930 3040 2984 libellus
3091 2938 3214 2994 est,
3248 2942 3370 2983 esse
3418 2930 3727 2996 profectam.

2136 3024 2242 3080 Sed
2294 3035 2470 3079 tamen
2516 3040 2579 3079 ea
2627 3040 2734 3078 non
2777 3032 2902 3077 ante
2944 3026 3144 3092 scripta
3171 3032 3225 3077 et
3255 3020 3469 3092 praeﬁxa
3499 3021 3621 3074 huic
3660 3020 3728 3073 li-

2136 3116 2279 3170 bello
2324 3116 2457 3183 fuit,
2497 3132 2658 3185 quam
2708 3131 2773 3169 eo
2817 3126 3042 3183 accepto
3073 3114 3412 3170 Theodosius
3437 3129 3589 3167 suum
3618 3122 3736 3166 tau-

2136 3209 2258 3263 dem
2299 3210 2603 3279 evnlgasset
2660 3224 2758 3278 pro
2807 3208 3121 3262 Marcellino
3163 3217 3217 3262 et
3246 3207 3502 3261 Faustino
3542 3206 3734 3262 rescri-

435 3295 559 3351 Non
586 3299 673 3351 ille
694 3301 1011 3367 Alexander,
1042 3302 1308 3372 inquiunt,
1328 3305 1412 3375 qui
1438 3307 1533 3375 fuit
1560 3308 1745 3361 divina!
1773 3309 1897 3375 ﬁdei
1926 3312 2034 3376 epi-
2061 3306 2104 3364 C
2142 3315 2310 3371 plum.
2345 3302 2497 3357 Tunc
2538 3304 2680 3356 enim
2720 3317 2847 3357 vero
2881 3303 2933 3357 hi
2972 3303 3077 3356 duo
3108 3302 3205 3355 viri
3232 3302 3299 3357 de
3327 3316 3580 3371 prospero
3608 3314 3734 3355 suc-

432 3410 619 3461 sropus
670 3394 723 3445 in
767 3394 1202 3461 Alexandria,....
1258 3400 1345 3450 sed
1373 3399 1468 3451 iste
1514 3398 1824 3469 Alexander,
1857 3403 1941 3470 qui
1982 3418 2031 3455 IN

434 3499 538 3539 mc
580 3502 718 3540 unus
763 3484 1409 3545 Coasrmrmorounm
1457 3494 1552 3561 fuit
1593 3502 1639 3547 et
1678 3495 1784 3563 ipse
1805 3494 2035 3547 admiro-

437 3577 553 3630 bilis
587 3580 874 3649 episcopus,
907 3590 1012 3635 etc.
1053 3581 1181 3647 Qua:
1214 3585 1433 3652 quidem
1482 3586 1582 3637 loci
1632 3586 2034 3641 circumstantia

436 3685 503 3726 ex
534 3674 795 3743 rescripto
826 3675 983 3728 unius
1019 3674 1298 3730 Theodosii
1334 3677 1400 3731 ad
1432 3678 1636 3733 calcem
1665 3679 1831 3734 libelli
1872 3695 2037 3751 appo-

436 3770 541 3824 sito
571 3768 942 3826 confirmatur.

516 3864 589 3916 De
616 3872 861 3933 tempore
895 3875 1076 3919 autem
1105 3882 1211 3936 quo
1239 3868 1474 3937 scriptus
1506 3868 1669 3924 fuerit
1715 3870 1852 3924 idem
1887 3872 2037 3927 libel-

439 3958 543 4023 lus,
576 3959 626 4012 id
658 3974 785 4014 vero
816 3961 955 4015 inter
984 3976 1154 4017 annos
1185 3976 1498 4017 ccccxxxm
1528 3974 1580 4017 et
1609 3980 1903 4019 ccccxxxw
1935 3968 2034 4021 rir-

436 4054 911 4108 cumscribendum
979 4055 1211 4109 videtur.
1263 4056 1501 4111 Primum
1549 4059 1691 4111 enim
1742 4061 2033 4127 Arcadius,

439 4159 577 4198 unus
616 4161 679 4199 ex
709 4147 879 4199 tribus
912 4146 1331 4213 imperatoribus
1377 4150 1572 4217 quibus
1611 4150 1824 4204 oblatus
1858 4152 2039 4221 hujus-

438 4238 584 4293 modi
625 4240 839 4297 libellus
893 4258 1135 4313 precum,
1188 4246 1422 4299 nondum
1476 4248 1815 4301 renuntiatus
1867 4248 2037 4304 fuerat

438 4332 712 4402 Angustus
740 4350 767 4386 a
797 4335 1106 4389 Theodosio
1140 4348 1292 4407 patre
1318 4350 1441 4392 ante
1481 4355 1679 4393 annum
1712 4355 2035 4407 cccutxxut,

439 4433 497 4477 ut
526 4435 647 4492 post
675 4425 963 4481 Barouium
996 4428 1064 4499 (f)
1097 4430 1433 4485 demonstrat
1462 4432 1660 4502 Pagius
1701 4434 1799 4506 (g).
1838 4434 2039 4489 Deinde

438 4532 588 4583 vero,
621 4520 835 4574 vivente
862 4522 1039 4576 adhuc
1073 4524 1302 4579 Damaso
1333 4525 1578 4581 Romano
1601 4528 1874 4597 pontifice,
1908 4528 2041 4583 scri-

438 4618 563 4679 ptus
594 4609 761 4666 fuisse
788 4612 1003 4667 videtur
1033 4630 1096 4668 ex
1129 4616 1210 4670 his
1241 4618 1423 4672 verbis
1449 4634 1569 4688 qum
1610 4622 1659 4672 in
1690 4636 1755 4674 eo
1792 4621 2041 4691 leguntur

2138 3411 2295 3450 cessu
2344 3398 2711 3460 exsultantes,
2756 3411 2922 3465 quum
2963 3410 2994 3449 e
3044 3411 3099 3449 re
3128 3409 3223 3448 sua
3271 3391 3388 3448 fore
3431 3394 3730 3455 ducerent,

2139 3490 2182 3542 si
2210 3489 2421 3544 libellus
2446 3506 2547 3542 una
2570 3506 2692 3544 cum
2716 3491 2962 3558 subjecto
2988 3491 3251 3558 rescripto
3274 3490 3326 3543 in
3359 3489 3547 3558 vulgus
3578 3503 3731 3563 Spar-

2140 3592 2355 3651 geretur
2380 3599 2392 3645 ;
2422 3582 2472 3636 id
2500 3593 2555 3635 ut
2585 3584 2760 3651 aptius
2791 3583 3094 3647 efficerent,
3128 3582 3472 3636 instrueudos
3493 3580 3594 3636 sibi
3631 3581 3739 3635 lec-

2143 3684 2288 3728 tores
2337 3676 2433 3728 hac
2475 3676 2589 3744 ipsa
2636 3675 2949 3744 przefatione
3000 3682 3253 3744 putarunt
3279 3674 3347 3729 de
3384 3674 3548 3726 initiis
3595 3673 3739 3726 cala-

2145 3766 2350 3819 mitatis
2398 3782 2531 3820 sure.
2582 3767 2716 3820 Nam
2768 3769 3118 3837 presbyteros
3187 3768 3318 3819 istos
3368 3772 3491 3817 tunc
3525 3763 3736 3833 quidem

2141 3860 2520 3916 aniferiauos
2542 3877 2662 3916 esse
2690 3904 2703 3927 ,
2737 3876 2927 3916 omnes
2956 3869 3178 3925 ntlr'llll,
3209 3870 3263 3914 et
3306 3859 3519 3914 libellus
3565 3858 3617 3912 id
3648 3873 3739 3927 pa-

2144 3954 2248 4007 lam
2300 3956 2577 4022 prolitetur
2614 3974 2625 4008 :
2659 3965 2711 4010 at
2751 3955 2972 4009 eosdem
3018 3954 3147 4008 olim
3184 3953 3500 4008 Ursinianos
3530 3952 3693 4005 fniSse
3719 3992 3734 4015 ,

2143 4058 2198 4102 et
2237 4058 2426 4102 contra
2462 4050 2754 4104 Damasum
2787 4058 2913 4104 ante
2966 4049 3151 4119 viginti
3183 4062 3355 4102 annos
3392 4047 3696 4101 decertasse
3724 4090 3738 4111 ,

2144 4162 2251 4198 non
2282 4146 2530 4199 Omnibus
2559 4159 2895 4215 compertum
2928 4156 3078 4209 erat;
3112 4156 3166 4199 vt
3215 4146 3259 4199 si
3305 4145 3393 4215 qui
3420 4144 3469 4198 id
3499 4145 3735 4207 scirent,

2146 4239 2178 4293 ii
2208 4282 2221 4300 .
2253 4242 2485 4296 maxime
2516 4246 2801 4311 consopito
2852 4245 2961 4312 jam
3013 4243 3301 4297 schismate
3328 4284 3342 4305 ,
3375 4242 3633 4311 aequiores
3680 4254 3740 4293 se

2144 4334 2360 4387 Damasi
2383 4376 2396 4399 ,
2425 4352 2584 4404 quam
2622 4336 2799 4389 Ursini
2828 4352 3005 4389 causa:
3040 4337 3372 4405 praeltebanl.

2225 4446 2241 4479 ι
2279 4428 2463 4499 Itaque
2503 4432 2553 4483 in
2599 4430 2701 4484 hoc
2742 4431 2967 4500 prologo
2995 4446 3106 4485 rem
3145 4443 3363 4483 munem
3388 4429 3451 4482 ab
3474 4426 3625 4481 initio
3651 4440 3737 4479 re-

2145 4534 2369 4593 petunt,
2398 4540 2460 4580 ac
2481 4525 2548 4579 de
2578 4526 2739 4579 rebus
2764 4525 2893 4578 olim
2923 4525 3090 4593 gestis
3132 4523 3184 4577 in
3233 4520 3444 4576 ltainasi
3474 4528 3526 4574 et
3561 4518 3737 4574 Ursini

2148 4617 2374 4671 discidio
2411 4619 2567 4687 cujus
2613 4619 2712 4686 ipsi
2749 4632 2874 4686 pars
2920 4615 3180 4681 fuerunt,
3224 4629 3434 4685 :ongam
3482 4613 3737 4666 narratio-

439 4702 561 4771 (h):
597 4704 703 4756 Sed
750 4716 795 4757 et
841 4721 1036 4771 uersu,
1081 4707 1330 4776 inquiunt
1360 4709 1685 4766 Luciferiani
1719 4713 2035 4784 presbyteri,
2077 4706 2125 4766 D
2153 4724 2311 4775 nem,
2346 4712 2437 4764 sed
2486 4711 2647 4763 modo
2695 4724 2794 4763 suo
2844 4711 3197 4762 incrustatam
3284 4718 3390 4760 tota
3434 4704 3737 4776 praefatione

439 4797 653 4848 tentavit
716 4797 1029 4870 (Damasus)
1102 4804 1327 4870 graviter
1394 4806 1625 4873 persequi
1692 4805 2039 4859 beatissimum

439 4883 763 4957 Ephesium,
794 4900 936 4956 ctc.;
986 4908 1104 4960 qua:
1158 4905 1240 4948 est
1290 4894 1619 4950 Tillemontii
1664 4897 1727 4968 (ἰ)
1776 4907 1829 4951 et
1869 4897 2040 4953 Mazo-

437 4978 545 5035 clni
631 4983 703 5055 (j)
774 4986 1065 5040 sententia.
1128 4988 1260 5042 Cum
1308 5001 1535 5059 autem,
1584 5002 1815 5048 exeunte
1898 5009 2037 5048 anno

510 5190 589 5260 (α)
621 5189 895 5262 Βᾳιίεήη.,
931 5190 964 5244 Ι.
995 5205 1069 5262 c.,
1102 5207 1221 5262 pag.
1252 5193 1380 5257 278,
1410 5211 1462 5249 n.
1502 5194 1551 5247 1.

513 5260 874 5386 (mingendi.
910 5274 964 5317 et
1010 5260 1219 5329 Fausti,
1256 5267 1422 5320 libell.
1474 5266 1711 5338 Prec.,§
1756 5266 1844 5332 30,
1889 5264 2038 5334 inin,

513 5350 562 5386 ει.
704 5373 715 5384 .

442 5349 562 5404 pag.
591 5349 715 5404 [ια.

514 5404 587 5473 (e)
615 5403 854 5478 Geminei,
887 5406 977 5460 lib.
1008 5406 1075 5461 de
1108 5408 1217 5463 Vir.
1255 5409 1475 5476 illustr.,
1507 5424 1629 5478 cap.
1666 5408 1751 5464 16.

542 5483 596 5551 ά)
623 5476 825 5551 bibuli.
842 5481 915 5551 de
951 5480 1251 5551 xuist-ript.
1283 5483 1442 5547 eccl.,
1476 5476 1596 5551 cap.
1628 5483 1715 5535 12.

539 5549 866 5626 e)grll_arcell.
916 5561 969 5605 et
1003 5550 1209 5618 Fuust.,
1261 5554 1426 5609 libell.
1472 5549 1652 5619 Prec.,
1707 5556 1734 5626 ἕ
1780 5555 1834 5621 5,
1892 5555 2037 5619 inlr.,

483 5636 564 5674 aa.
598 5622 719 5674 465.

443 5636 843 5769 Ρῧῗῇᾚὲίᾯηη
878 5694 943 5769 ad
974 5710 1099 5750 ann.
1135 5697 1261 5763 583,
1294 5697 1437 5769 §‘22.

546 5770 600 5839 9)
632 5762 809 5839 [fugin
844 5768 908 5821 ad
934 5783 1061 5839 anu.
1094 5770 1217 5829 585.

546 5770 600 5833 g)
632 5766 809 5836 I’agi.,
844 5768 908 5821 ad
938 5783 1061 5821 auu.
1094 5770 1217 5829 585.
1248 5770 1274 5839 §

523 5766 806 5913 iltLdl‘urc.
838 5838 1128 5913 et_Fuust.,
1164 5842 1197 5894 I.
1226 5856 1301 5905 c.,
1335 5841 1363 5913 §
1393 5841 1635 5913 275,7pag.
1664 5838 1788 5896 470.

525 5905 593 5979 (ξ)
619 5906 845 5976 Tillcm.,
875 5911 1032 5966 Mem.
1063 5914 1222 5973 eccl.,
1254 5905 1385 5969 toni.
1420 5905 1530 5975 νιιζ
1559 5905 1681 5984 pag.
1715 5913 1842 5967 525.

2151 4815 2466 4859 contexunt.
2520 4805 2572 4859 ld
2634 4806 2777 4859 enim
2822 4805 3033 4857 initium
3079 4817 3191 4855 sua:
3245 4799 3562 4856 calamitatis
3619 4796 3734 4851 fuit.

2148 4897 2281 4951 Nam
2338 4899 2503 4951 lintna
2558 4897 2774 4952 tandem
2819 4896 3069 4967 expulsi,
3123 4894 3265 4965 quod
3315 4894 3557 4948 ultitnum
3606 4891 3735 4955 luit,

2149 4991 2511 5047 Luciferianis
2556 5006 2678 5046 sese
2728 4990 3093 5060 adjunxerunt
3143 5006 3157 5041 :
3226 4985 3326 5041 nisi
3367 4986 3503 5041 forte
3534 4984 3735 5049 mavis,

2217 5203 2281 5273 (ί)
2321 5199 2583 5327 Μαξὲἷὴη
2617 5196 2922 5253 Comment.
2971 5195 3035 5249 ad
3089 5192 3316 5248 Kalend.
3349 5190 3593 5262 Neapol.,
3630 5189 3731 5244 vol.

2243 5290 2362 5327 nae.
2395 5310 2405 5320 .
2508 5312 2519 5324 .

2280 5290 2362 5326 82.
2395 5290 2519 5326 ῧδι.

2280 5290 2304 5326 a
2354 5316 2362 5324 .
2395 5275 2519 5327 531.

2145 5275 2293 5509 3(Ιέ
2313 5290 2595 5493 ᾍὲῗοεὴη
2622 5364 2930 5419 Comment.
2964 5361 3031 5415 ad
3074 5359 3310 5416 Kalend.
3353 5355 3601 5426 Neapol.,
3632 5354 3731 5409 vol.

2221 5537 2282 5607 (ι)
2346 5535 2467 5591 Vid.
2510 5529 2938 5605 proSOpograph.
2985 5528 3117 5585 Cod.
3165 5524 3400 5591 Tlteod.,
3459 5535 3587 5579 tom.
3619 5520 3686 5578 Vl
3720 5563 3733 5585 ,

2148 5621 2287 5680 part.
2322 5608 2359 5673 l,
2398 5625 2518 5677 pag.
2550 5610 2638 5663 47.

2223 5701 2320 5783 (ηε.)
2344 5699 2570 5783 Titiana,
2600 5699 2759 5754 Mem.
2791 5695 2954 5763 eccl.,
2984 5704 3117 5749 tom.
3136 5691 3246 5758 Vll,
3268 5705 3387 5762 pag.
3421 5686 3546 5754 766,
3569 5693 3680 5741 not.
3709 5685 3737 5738 5

2155 5772 2248 5828 sur
2276 5772 2506 5843 Lucifer.

2229 5845 2311 5917 (η)
2347 5844 2614 5911 Μαιοειιη
2644 5843 2682 5900 l.
2715 5857 2795 5911 c.,
2821 5856 2977 5915 pagg.
3011 5838 3117 5896 585
3143 5847 3197 5896 et
3216 5851 3369 5907 seqq.
