3902 6428
176 427 242 482 35
1232 410 1552 470 FAUSTINI
1590 408 2029 471 PRESBYTER!
2069 407 2374 469 SCRIPTA.
3387 411 3457 467 ’ὀί

178 534 329 587 etiam
372 536 532 583 antea
561 567 575 591 ,
606 524 733 580 dum
779 525 968 580 Roma:
1011 532 1194 582 essent
1217 570 1231 593 ,
1266 542 1362 583 eos
1393 527 1764 583 Luciferianos
1792 537 1841 596 Α
1873 527 1985 596 ipsa
2016 526 2317 595 eomperies
2341 568 2354 591 ,
2386 525 2640 581 illaudato
2680 523 2927 596 quamvis
2978 524 3126 596 operi
3157 540 3310 580 suum
3341 524 3461 579 fore

176 626 353 681 fuisse.
400 621 468 678 Ut
520 629 577 674 ut
625 627 749 684 est,
791 624 1042 691 συνεχεία
1077 631 1227 676 certe
1273 621 1608 689 prmfationis
1648 637 1767 676 cum

178 719 384 779 libello.
416 716 520 769 hoc
565 725 649 768 est
694 713 971 769 Ursiniani
1021 713 1232 769 discidii
1282 715 1521 771 colitesio
1566 715 1635 769 de
1663 730 1771 783 quo

177 814 446 868 dumtaxat
476 809 529 861 in
562 808 877 877 prgefatione
907 808 1086 877 agitur
1109 848 1123 873 ,
1152 822 1276 862 eum
1305 806 1771 863 aniferiauorum

178 920 329 962 causa
370 916 532 969 quam
562 909 766 953 tantum
799 901 853 954 iu
898 900 1084 954 libello
1121 908 1370 965 tuentur,
1402 898 1533 953 satis
1581 912 1775 966 supcr-

178 1012 278 1068 que
305 994 355 1048 in
383 990 493 1047 fine
521 990 850 1058 praefationis
902 1005 1024 1046 sese
1051 990 1250 1060 legenti
1283 991 1495 1060 aperit,
1519 989 1587 1044 ad
1612 1004 1771 1059 quam

181 1092 342 1146 miror
398 1086 810 1142 Tilletnontium
865 1102 971 1141 non
1033 1085 1355 1139 atlendisse.
1408 1083 1648 1148 Exinde,
1698 1084 1776 1136 in-

178 1182 366 1253 quiunt
390 1179 465 1254 (α)
486 1221 503 1245 ,
531 1180 811 1250 presbytcri
842 1181 1007 1248 partis
1040 1178 1348 1235 Ursiniana:
1376 1177 1591 1232 diversis
1616 1176 1779 1231 modis

178 1275 365 1344 afﬂicti,
400 1289 494 1342 per
525 1272 711 1326 exsilia
737 1281 783 1324 et
814 1272 1085 1342 peregrina
1130 1271 1246 1324 loca
1274 1270 1495 1337 dispersi
1522 1278 1661 1323 sunt.
1696 1266 1781 1321 Ea;

177 1368 353 1440 quibus
402 1366 786 1422 Mancecuaus
818 1375 863 1419 et
905 1364 1209 1421 FAUSTINUS
1238 1364 1522 1436 presbyteri
1553 1364 1781 1434 (aucto-

179 1478 263 1517 res
289 1463 497 1517 scilicet
527 1473 639 1516 tum
669 1461 831 1515 libelli
859 1470 969 1515 tum
995 1460 1345 1529 prtel'ationis,
1376 1469 1534 1515 antea
1559 1459 1777 1529 quidem

183 1554 451 1610 lirsiuiaui
477 1595 492 1617 ,
527 1569 668 1609 nunc
705 1568 833 1609 vero
884 1552 1206 1607 Luciferiaui
1240 1571 1252 1605 :
1311 1554 1451 1621 quod
1500 1551 1780 1622 sequentia

176 1646 310 1700 satis
343 1662 455 1715 prce
484 1662 543 1701 se
576 1646 798 1715 ferunt)
829 1645 891 1698 de
916 1646 1239 1715 confessione
1270 1661 1399 1699 vera:
1426 1645 1545 1713 [idei
1579 1646 1646 1716 (a
1678 1660 1779 1714 qua

177 1748 405 1794 cwteros
434 1737 760 1794 Lucil'eriani
792 1738 1191 1805 excludebant,
1225 1750 1497 1805 tamquam
1530 1738 1629 1809 ipsi
1671 1739 1775 1793 soli

175 1828 489 1901 catholici),
517 1830 857 1885 ostentatione
882 1830 900 1900 (
930 1829 1031 1885 hoe
1073 1839 1157 1884 est
1193 1830 1526 1885 exhibitione
1555 1832 1572 1898 )
1622 1843 1784 1883 sacra:

181 1922 565 1976 communionis
620 1923 957 1994 (nimirum,
1018 1922 1232 1977 cuinam
1281 1921 1585 1977 exhibenda
1635 1937 1785 1976 cmn-
1821 1932 1867 1991 Β

174 2018 361 2070 munio
392 2016 496 2077 sit,
531 2015 619 2070 cui
660 2031 789 2071 vero
819 2015 1130 2086 deneganda
1156 2016 1199 2085 ),
1232 2026 1279 2069 et
1326 2017 1671 2087 persecutione
1693 2015 1787 2068 ad-

173 2110 497 2163 versantium
525 2110 756 2173 veritati,
806 2124 975 2178 preces
1032 2108 1397 2161 Valentiniano
1430 2150 1446 2173 ,
1502 2107 1787 2162 Theodosio

170 2212 216 2255 et
248 2202 484 2255 Arcadio
530 2200 851 2271 principibus
901 2199 1191 2253 obtulerunt
1219 2201 1311 2252 ita.
1348 2199 1623 2254 Hactenus
1654 2215 1791 2269 prte-

172 2295 341 2361 fatio,
374 2304 503 2365 post
530 2309 690 2363 quam
724 2293 939 2349 libellus
970 2292 1180 2362 incipit.
1210 2292 1349 2360 Quid
1382 2302 1561 2347 autem
1594 2292 1790 2346 clarius

165 2387 353 2443 afferri
370 2395 586 2457 poterat
614 2387 679 2439 ad
708 2384 1075 2454 praefationem
1091 2400 1212 2439 cum
1233 2384 1414 2439 libello
1433 2384 1521 2454 qui
1542 2399 1682 2437 nunc
1699 2398 1792 2438 ex-

166 2488 293 2543 stat,
321 2477 726 2549 glutinandam?
746 2477 825 2531 An
843 2487 1051 2547 poterat
1076 2492 1171 2546 per
1191 2477 1304 2531 hcce
1326 2478 1486 2530 verba
1505 2492 1623 2545 qua:
1644 2484 1792 2529 certe

163 2585 446 2623 summam
500 2567 828 2624 Luciferiani
858 2568 1049 2623 veneni
1081 2568 1388 2632 continent,
1425 2566 1637 2638 pra-fari
1666 2581 1793 2621 auc-

167 2669 253 2713 tor
278 2660 445 2715 alteri
470 2659 684 2715 cuidam
714 2659 922 2723 libello,
945 2660 1033 2728 qui
1088 2660 1492 2714 L’rsiuianorunt
1533 2660 1792 2714 adversus

162 2752 536 2807 Damasianos
561 2767 745 2822 preces
764 2751 1075 2807 exhiberet?
1101 2770 1118 2803 ι
1143 2750 1255 2805 lluc
1281 2766 1451 2821 usque
1479 2751 1558 2805 vir
1577 2750 1789 2806 doctos.

246 2848 334 2902 Vl.
367 2848 636 2916 Quamvis
675 2857 853 2902 autem
895 2863 959 2902 ex
1002 2847 1265 2901 hactenus
1308 2845 1469 2900 dictis
1513 2846 1578 2899 de
1604 2845 1792 2899 libello

162 2940 407 3009 supplici
458 2938 767 2995 Theodosio
799 2938 1118 3007 czeterisque
1180 2937 1388 3006 imperii
1448 2935 1794 2991 consortibus

162 3035 354 3091 oblato
382 3075 398 3099 ,
433 3034 571 3088 satis
616 3039 833 3087 constet
872 3032 1027 3100 cujus
1056 3032 1341 3085 emnmatis
1368 3030 1475 3084 sint
1504 3046 1622 3099 qua:
1654 3030 1704 3083 in
1729 3045 1794 3084 eo

161 3133 441 3183 enarrant
480 3125 832 3180 Marcellinus
877 3132 933 3179 et
980 3122 1276 3177 Faustinus
1304 3122 1607 3193 presbyteri
1639 3120 1796 3175 Luri-

164 3220 371 3275 feriani
402 3236 416 3271 ε
453 3234 565 3289 quo
605 3227 784 3273 tamen
827 3226 1020 3273 cautus
1062 3218 1233 3287 magis
1258 3216 1796 3286 circumspectusque

162 3315 443 3370 reddatur
497 3313 589 3383 qui
639 3313 705 3367 ad
772 3312 890 3383 ejus
938 3313 1223 3367 lectionem
1270 3312 1599 3374 accesserit;
1652 3308 1792 3363 haud
1823 3319 1869 3383 α

163 3410 420 3464 otiosum
472 3407 636 3463 fuerit
685 3407 738 3461 in
782 3407 1016 3462 medium
1068 3408 1263 3462 afferre
1299 3423 1419 3475 qua:
1445 3406 1509 3460 ad
1539 3405 1789 3460 eumdem

164 3504 431 3559 libellum
469 3504 792 3573 priemonuit
840 3502 1162 3558 Sirmondus
1195 3502 1258 3556 V.
1288 3502 1350 3557 Ο.
1385 3502 1699 3572 primusque
1734 3502 1796 3556 il-

165 3597 275 3651 lius
320 3596 537 3652 editor.
585 3594 675 3650 Sic
719 3605 899 3650 autem
958 3608 1017 3650 se
1057 3594 1301 3671 habent:
1357 3612 1374 3646 ι
1413 3593 1514 3662 Qui
1563 3594 1798 3650 schisma

164 3690 300 3745 olim
356 3690 561 3744 Ιὶυιυεε
607 3688 867 3744 adversus
908 3688 1193 3743 Damasum
1225 3702 1345 3743 cum
1377 3687 1575 3743 Ursino
1600 3688 1802 3743 cunila-

167 3794 304 3839 ruut
334 3826 349 3849 ,
396 3792 502 3838 aut
541 3797 606 3838 ex
653 3781 1013 3837 aniferiauis
1059 3790 1256 3845 erant,
1290 3790 1381 3835 aut
1422 3796 1544 3836 cum
1594 3780 1699 3835 illis
1742 3796 1801 3835 se

165 3876 527 3931 Luciferiani
559 3875 989 3944 conjunxerunt,
1047 3880 1105 3928 et
1138 3873 1335 3943 duplici
1361 3872 1585 3927 dissidio
1620 3873 1802 3928 Eccle-

166 3969 315 4023 siam
353 3968 677 4021 turbarunt.
702 3966 877 4037 Atque
920 3965 972 4020 in
996 3963 1175 4021 Ursini
1198 3965 1415 4035 quidem
1438 3981 1601 4020 causa
1645 3982 1803 4035 quam

168 4060 420 4131 inquieti
479 4057 715 4123 fuerint,
759 4066 812 4113 et
859 4073 1017 4127 quam
1052 4058 1359 4128 importune
1391 4059 1803 4129 magistratuum

168 4166 226 4209 et
260 4154 592 4223 principum
624 4166 783 4207 aures
828 4151 1138 4221 fatigarint;
1170 4167 1289 4220 qua:
1321 4150 1372 4205 in
1402 4151 1687 4205 annalibus
1718 4168 1807 4207 ec-

166 4245 533 4302 clesiasticis
569 4254 823 4307 exstant,
852 4242 1213 4298 Valentiniani
1259 4243 1323 4297 ad
1374 4245 1760 4300 Prmtextatuin
1791 4287 1806 4312 ,

167 4339 485 4411 Olybrium
524 4345 571 4391 et
600 4336 905 4406 Ampelium
936 4335 1226 4405 praefectos
1267 4336 1458 4402 Urbis,
1489 4348 1539 4393 et
1568 4337 1811 4393 Gratiani

166 4434 238 4487 ad
265 4432 613 4503 Aquilinutu
664 4430 920 4483 vicarium
968 4430 1233 4499 rescripta
1261 4429 1540 4485 declarant
1571 4449 1584 4485 :
1617 4432 1810 4486 fidem-

168 4545 287 4600 que
312 4526 547 4582 faciunt
572 4523 927 4580 conciliorum
952 4523 1318 4594 Aquileiensis
1338 4532 1393 4579 et
1417 4524 1651 4579 Romani
1678 4539 1809 4596 syn-

167 4624 362 4680 odicie
399 4623 461 4677 in
497 4618 799 4690 appendice
845 4618 1048 4675 codicis
1076 4618 1440 4674 Theodosiani
1467 4620 1649 4685 edit-.2,
1692 4635 1814 4690 quae

1875 619 2143 689 pretium;
2194 620 2344 686 cujus
2392 628 2639 675 auctores
2683 626 2737 673 et
2788 617 2855 673 de
2897 633 2956 672 se
2986 617 3115 685 ipsis
3163 625 3217 671 et
3250 619 3316 672 de
3342 617 3461 672 aliis

1876 728 1980 766 non
2015 727 2180 782 pauca
2227 712 2491 779 doceant,
2520 728 2640 781 qua:
2666 712 2810 767 seire
2841 710 3137 772 conducat,
3167 720 3222 765 et
3247 710 3465 766 aliunde

1876 806 2204 859 nesciautur.
2244 824 2261 857 ι
2300 804 2570 860 Hactenus
2597 806 2705 859 ille.
2733 806 2909 875 Atque
2935 804 2987 858 in
3019 803 3264 859 eamdem
3294 802 3467 857 ferme

1876 896 2203 952 sententiam
2242 906 2401 951 antea
2434 897 2694 950 Barouius
2723 895 2820 967 (b).
2850 897 2966 965 Qua
3020 895 3088 951 de
3118 910 3179 951 re
3208 910 3305 950 nos
3336 909 3470 962 quo-

1877 1006 1981 1060 que
2014 990 2139 1044 alibi
2174 985 2428 1044 notuuilla
2460 990 2734 1059 attigimus
2757 1028 2770 1050 .
2800 988 2892 1042 ubi
2920 990 2986 1043 de
3009 997 3198 1043 saneto
3237 987 3471 1042 Damaso

1878 1084 2041 1139 verba
2072 1083 2299 1139 fecimus
2332 1086 2429 1149 (ε).
2464 1082 2616 1149 Quod
2647 1090 2912 1151 superest,
2948 1082 3195 1137 eumdem
3228 1080 3470 1136 libellum

1881 1180 2107 1235 Preeum
2155 1178 2397 1234 eruditus
2452 1176 2956 1233 Sirmondianorum
3024 1176 3199 1231 editor
3243 1174 3476 1231 contulit

1881 1287 2002 1326 cum
2044 1271 2232 1327 codice
2296 1286 2398 1325 ms.
2445 1269 2787 1325 bibliothecze
2842 1267 3200 1330 Colbertinre,
3242 1267 3475 1337 indeque

1884 1367 2151 1421 variantes
2192 1366 2454 1420 lectiones
2500 1363 2788 1433 apposuit:
2820 1363 3057 1431 itemque
3100 1362 3387 1416 nonnullas
3409 1376 3478 1415 ex

1883 1456 2070 1512 codice
2096 1457 2431 1528 Remigiano,
2462 1472 2688 1528 quarum
2721 1456 2768 1511 ei
2797 1457 3005 1525 copiam
3034 1454 3159 1510 fecit
3187 1454 3253 1509 el.
3292 1452 3481 1509 Mabil-

1884 1552 2084 1607 ionius.
2114 1551 2318 1618 Quibus
2348 1553 2672 1607 lectionibus
2701 1567 2895 1620 paucas
2930 1551 3183 1605 Mazocltii
3216 1562 3483 1619 praestan-

1888 1646 1953 1697 tis
1984 1644 2082 1698 viri
2122 1644 2616 1700 animadversiones
2657 1646 2890 1699 intextas
2919 1644 3121 1698 videas.
3155 1643 3229 1698 De
3261 1643 3482 1712 reliquis

1887 1754 2047 1806 porro
2078 1738 2129 1791 in
2167 1739 2408 1793 Faustini
2438 1755 2600 1808 opera
2632 1740 2934 1795 subnutatis
2955 1782 2967 1803 ,
2999 1753 3187 1811 aequus
3214 1749 3268 1795 et
3293 1738 3484 1795 doetus

1890 1829 2055 1885 lector
2078 1830 2337 1900 judicium
2370 1830 2525 1887 ferat.

2444 1942 2532 1998 DE
2574 1942 2936 2000 FAUSTINO.

2142 2055 2211 2104 Ex
2235 2056 2592 2107 Schecnemann
2612 2058 2805 2108 Bibl.'l‘.
2831 2059 2871 2121 Ι,
2896 2074 2976 2123 pp.
3001 2059 3232 2111 517-554.

2542 2166 2569 2237 ᾗ
2629 2167 2675 2219 1.
2710 2165 2847 2219 Vita.

1966 2256 2251 2328 Presbyter
2280 2258 2671 2324 Lueiferianus,
2704 2258 2855 2328 cujus
2887 2266 3048 2313 sectze
3100 2272 3318 2313 causam
3362 2272 3488 2313 eum

1897 2346 2227 2415 Marcellino,
2255 2350 2572 2421 presbytero
2602 2359 2654 2404 et
2677 2350 2814 2416 ipso,
2850 2349 2900 2402 in
2929 2348 3111 2403 libello
3154 2349 3493 2419 imperatori-

1896 2439 1995 2493 bus
2022 2441 2413 2501 Vuleuliniano,
2442 2440 2748 2495 Theodosio
2780 2450 2832 2495 et
2862 2440 3092 2494 Arcadio
3117 2440 3357 2511 angustis
3385 2441 3492 2495 cir-

1896 2547 1956 2586 ca
1984 2549 2074 2586 an.
2106 2548 2403 2587 CCCLXXXIV
2436 2534 2636 2597 oblato,
2663 2532 2921 2587 defendit.
2953 2532 3152 2603 Viginti
3201 2532 3311 2587 fere
3335 2531 3493 2587 annis

1898 2636 2023 2681 ante
2044 2636 2232 2681 contra
2271 2627 2558 2680 Damasum
2583 2641 2796 2695 quoque
2824 2642 2943 2681 cum
2977 2626 3283 2682 Ursiniauis
3328 2634 3496 2681 stete-

1896 2728 1998 2783 rat,
2033 2720 2353 2789 quibusom"
2380 2719 2669 2789 plurimum
2701 2729 2824 2772 tunc
2851 2719 3176 2773 Luciferiani
3210 2719 3495 2785 conspira-

1896 2821 2104 2863 verant.
2146 2811 2258 2877 Qua
2291 2811 2358 2864 de
2400 2827 2557 2863 causa
2610 2820 2664 2865 et
2704 2810 2891 2865 libello
2921 2812 3007 2864 isti
3051 2827 3145 2865 seu
3190 2811 3497 2879 prrefationi

1900 2901 2080 2970 potius
2111 2901 2286 2955 cidem
2319 2902 2619 2972 pracmissa:
2650 2900 2931 2956 manifesta
2961 2900 3070 2956 odii
3118 2901 3170 2955 in
3206 2900 3498 2955 Damasum

1897 2995 2119 3063 vestigia
2152 2994 2411 3063 impressa
2440 3002 2583 3055 sunt,
2614 3009 2674 3047 ac
2723 2993 3014 3047 multorum
3040 2994 3213 3062 ipsum
3239 3003 3293 3049 et
3316 2992 3497 3049 socios

1900 3086 2016 3155 ejus
2042 3086 2271 3155 turpiter
2294 3094 2347 3139 et
2365 3087 2543 3154 inique
2559 3096 2835 3155 gestorum
2861 3085 3159 3151 insimulat,
3184 3102 3302 3157 qua:
3329 3102 3502 3157 quan-

1902 3188 2009 3233 tum
2034 3179 2142 3233 sint
2175 3180 2382 3233 veritati
2410 3189 2774 3236 consentanea
2803 3182 2967 3250 quaeri
3001 3181 3161 3236 solet.
3214 3180 3320 3236 Sed
3376 3180 3481 3236 huc

1899 3282 2050 3325 certo
2081 3271 2216 3336 scio,
2242 3271 2410 3341 ipsam
2430 3273 2616 3340 scripti
2648 3272 2804 3341 hujus
2829 3266 3117 3328 lectionem
3147 3274 3283 3343 apud
3309 3289 3495 3343 aequos

1902 3365 2180 3433 bonosque
2203 3380 2393 3419 ontnes
2420 3366 2729 3434 opinionem
2756 3381 2819 3420 ac
2843 3366 3000 3422 fidem
3034 3377 3317 3425 auctorum
3373 3384 3502 3425 suo-

1902 3473 2020 3513 rum
2042 3457 2397 3513 elevaturam.

2516 3576 2543 3645 §
2577 3574 2631 3627 ‘2.
2666 3574 2894 3643 Scripta.

1978 3691 2183 3747 Praeter
2232 3690 2483 3744 Libellum
2546 3688 2769 3743 Precum
2822 3690 2933 3760 jam
2986 3700 3505 3760 commemoratum,

1905 3785 2056 3854 cujus
2078 3793 2253 3838 tamen
2279 3794 2461 3852 partes
2488 3782 2555 3837 ad
2588 3783 2955 3838 Marcellinum
2988 3800 3205 3854 quoque
3233 3785 3509 3851 pertinere

1908 3878 2078 3940 aiunt,
2115 3875 2381 3945 Prtefatio,
2413 3891 2533 3945 qua:
2559 3876 2889 3931 antecedere
2925 3876 3070 3931 illum
3104 3879 3268 3942 solet,
3299 3878 3507 3948 absque

1910 3970 2075 4025 dubio
2105 3969 2171 4023 ab
2200 3968 2385 4022 iisdem
2419 3967 2785 4037 proficiscitur
2821 3967 3155 4023 auctoribus.
3188 3968 3338 4025 Licet
3365 3971 3510 4025 enim

1912 4077 2033 4116 cum
2069 4062 2248 4116 libello
2273 4059 2403 4114 nihil
2436 4075 2725 4115 commune
2745 4060 2944 4115 habere
2970 4060 3238 4128 videatur,
3264 4077 3324 4117 ac
3348 4061 3512 4118 Tille-

1914 4156 2120 4211 mentio
2139 4155 2275 4209 adeo
2300 4168 2573 4221 tamquam
2602 4153 2827 4209 alterius
2848 4154 3029 4223 operis
3058 4154 3302 4223 praefatio
3316 4155 3398 4209 vel
3430 4155 3513 4210 di-

1914 4249 2055 4303 versi
2087 4247 2323 4303 auctoris
2348 4246 2513 4302 fretus
2539 4251 2607 4300 ab
2634 4262 2699 4302 eo
2726 4244 3062 4317 segreganda
3097 4249 3209 4302 visa
3242 4248 3343 4311 sit;
3372 4247 3514 4303 haud

1916 4341 2101 4396 deficit
2123 4352 2300 4396 tamen
2329 4341 2641 4410 exiilicandi
2680 4341 2841 4409 hujus
2865 4340 3195 4397 discriminis
3223 4341 3384 4409 ratio,
3417 4357 3517 4398 nec

1920 4433 2187 4489 immerito
2243 4434 2557 4489 Gallandius
2605 4443 2817 4489 acutam
2874 4432 3131 4489 Mazocbii
3184 4436 3513 4491 sententiam

1919 4526 2219 4581 eXtISCIlial‘i
2243 4527 2576 4582 censebitur.

1994 4619 2234 4673 Faustini
2291 4619 2450 4675 Fides
2501 4619 2787 4676 Theodosio
2826 4622 3129 4690 imperatori
3171 4622 3361 4677 oblata.
3396 4623 3515 4679 Scr.

169 4730 231 4774 et
282 4719 548 4772 Damaso
594 4711 957 4767 innocentiam
1002 4711 1479 4782 integritatemque
1532 4727 1685 4766 suam
1728 4713 1985 4774 as-Dex
2038 4716 2305 4766 sententia
2362 4712 2647 4779 Quesnellii
2706 4714 2849 4770 inter
2904 4728 3079 4770 annos
3139 4730 3402 4771 cccuxtx
3466 4723 3523 4772 et

168 4820 381 4868 serunt
414 4850 433 4875 ,
469 4818 532 4862 et
556 4804 739 4862 Ursini
767 4803 1007 4859 furorem
1037 4820 1102 4860 ac
1130 4805 1284 4859 dolos
1317 4820 1421 4860 non
1446 4804 1814 4861 dissimulant.

176 4902 686 4962 Luciferianorum
716 4908 896 4954 autem
927 4914 1033 4953 non
1067 4898 1337 4965 distiarem
1378 4898 1816 4953 inverecundiam

173 5011 359 5069 atque
394 4990 781 5052 insolentiam.
802 4990 1033 5046 duorum
1064 5006 1129 5046 ex
1156 4989 1237 5044 his
1263 4990 1705 5062 presbyterorum
1736 4991 1822 5046 hic

172 5095 327 5150 liber
359 5086 626 5144 ostendit
651 5102 663 5138 :
684 5085 735 5139 in
762 5084 903 5155 quod
929 5099 1034 5139 neu
1059 5083 1367 5140 Theodosio
1390 5086 1564 5139 solum
1595 5094 1825 5155 augusto

171 5183 566 5242 fraudulenta
620 5179 965 5247 suggestione
1017 5176 1321 5246 obrepunt;
1354 5176 1449 5232 sed
1481 5176 1822 5230 urthudoxos

173 5292 393 5334 omnes
424 5272 533 5345 qui
574 5270 936 5337 obsistebant,
971 5270 1163 5325 canina
1188 5310 1203 5336 ,
1243 5276 1303 5323 ut
1345 5270 1704 5341 Hieronymus
1730 5284 1824 5339 ap-

174 5371 363 5442 pellat
387 5411 404 5435 ,
440 5362 704 5421 facundia
742 5377 841 5417 sua
881 5363 959 5417 sic
1002 5362 1389 5433 proscindunt,
1433 5372 1490 5417 ut
1526 5378 1630 5417 non
1670 5362 1826 5418 delu-

174 5467 294 5522 turi
338 5464 473 5518 sint
498 5501 515 5524 ,
549 5457 642 5530 qui
670 5456 882 5528 publica
926 5457 1047 5513 luce
1088 5457 1309 5526 dignum
1354 5456 1555 5513 idcirco
1586 5472 1690 5512 non
1728 5472 1825 5527 pu—

174 5569 324 5619 teut.
363 5556 462 5612 Tu
502 5568 671 5620 vero,
706 5551 900 5617 lector,
920 5562 976 5606 ut
998 5566 1181 5621 spero,
1215 5550 1372 5606 aliter
1398 5552 1635 5617 senties,
1661 5566 1827 5622 reque

257 5700 349 5773 (α)
391 5692 638 5773 Prmfat.
670 5690 739 5773 ad
766 5690 1147 5773 libell._?_rec;,
1175 5693 1305 5773 _§_4,
1336 5691 1461 5749 infr.
1495 5708 1614 5764 pag.
1646 5680 1775 5749 462.

285 5763 348 5841 ὁ)
385 5769 605 5841 Baron.
627 5802 644 5828 ,
675 5763 740 5816 ad
769 5780 895 5841 ann.
927 5763 1089 5841 367__,_

285 5776 348 5841 b)
385 5776 605 5824 Baron.
627 5802 644 5828 ,
675 5776 740 5816 au
769 5780 895 5819 ann.
928 5776 1027 5820 367
1054 5805 1067 5828 ,
1104 5776 1132 5835 9
1168 5776 1255 5819 14.

257 5776 342 5915 ξς)
386 5837 724 5907 Prolegom.
748 5834 816 5889 ad
862 5842 994 5891 tom.
1027 5834 1090 5889 \‘l
1130 5836 1265 5893 Bibl.
1301 5836 1431 5902 PP.,
1464 5852 1586 5910 cap.
1621 5836 1675 5907 4,
1705 5835 1828 5909 §2,

171 5930 314 5990 pag.
347 5931 437 5973 lx.

1921 4820 2214 4871 CCCLXXXI,
2269 4820 2375 4875 quo
2436 4815 2685 4877 tempore
2746 4805 3152 4879 Eleutheropoli
3204 4809 3524 4864 versabatur

1927 4897 2237 4963 Faustinus,
2271 4897 2357 4951 ubi
2386 4906 2441 4953 et
2478 4898 2807 4970 exagitatum
2860 4915 2920 4954 se
2946 4902 3189 4971 queritur
3212 4915 3242 4954 a
3270 4900 3525 4957 Turbone

1930 4990 2071 5044 illius
2099 4990 2246 5044 urbis
2270 4991 2545 5060 episeopo.

2006 5082 2246 5138 Faustini
2285 5084 2347 5136 de
2382 5082 2633 5139 Trinitale
2670 5084 2785 5140 sive
2823 5087 2885 5139 de
2925 5082 3064 5139 Fide
3090 5095 3273 5140 contra
3294 5085 3527 5143 Ariauos

1934 5174 1998 5228 ad
2024 5173 2331 5229 Flaccillam
2348 5175 2732 5247 imperatricem
2749 5176 2871 5231 libri
2893 5191 2983 5239 vn.
3004 5190 3100 5232 seu
3126 5176 3253 5233 liber
3274 5177 3451 5247 potius
3475 5178 3530 5233 in

1933 5284 2002 5324 vn
2033 5270 2207 5339 capita
2252 5270 2560 5324 distinctus.
2610 5270 2733 5326 Scr.
2779 5280 2903 5326 ante
2942 5287 3031 5327 an.
3066 5287 3370 5335 ccccxxxv,
3423 5288 3531 5342 quo

1934 5362 2144 5418 scilicet
2199 5362 2510 5418 Flaccillam
2540 5363 2834 5419 Theodosii
2865 5363 2934 5420 Μ.
2967 5368 3252 5437 eonjugem
3303 5369 3531 5436 primam

1932 5458 2075 5514 diem
2095 5458 2295 5513 obiisse
2314 5468 2547 5513 constat.
2582 5457 2843 5514 Faustino
2876 5459 3096 5515 disertis
3144 5460 3324 5517 verbis
3349 5459 3536 5515 tribuit

1936 5551 2250 5608 Gennadius
2272 5551 2384 5625 (d);
2411 5553 2623 5609 tametsi
2657 5568 2765 5609 non
2793 5551 3065 5610 defuerint
3095 5555 3382 5611 recentiori
3405 5566 3537 5610 aeta-

2012 5691 2093 5765 (d)
2128 5692 2203 5765 De
2236 5691 2599 5765 Vir.lllustr.,
2626 5707 2749 5762 cap.
2777 5694 2865 5758 il,
2893 5694 3179 5765 scripsisse
3205 5695 3281 5749 ait
3307 5696 3375 5748 ad
3408 5693 3538 5749 Per-

1942 5762 2121 5817 sonam
2144 5762 2415 5837 Flaccilla
2460 5766 2651 5837 regina:
2679 5766 2954 5822 adversum
2983 5762 3201 5821 Arianos
3222 5777 3271 5821 et
3297 5766 3539 5822 Macedos

1945 5838 2125 5890 nianos
2147 5835 2299 5890 libros
2327 5835 2539 5906 septeni.
